1612 2872
202 59 206 63 ·
240 97 322 140 DE
358 95 632 140 LEGIBUS
663 95 780 138 [ΑΒ.
813 93 898 137 ΙΙΙ.
931 95 979 137 Ρ.
1011 96 1106 140 697.
1141 93 1207 138 St.
1336 95 1417 137 337

58 214 327 261 οὐσίανκαὶ
361 213 570 271 χρήματα
610 213 838 270 λεγόμενα.
889 211 1060 256 τούτων
1105 214 1152 257 δὲ
1195 210 1256 256 ὸῖν
1292 213 1417 263 ἐκτός

4 294 6 300 '
59 300 124 332 τις
157 284 290 343 βαίνῃ
326 284 581 338 νομοθέτης
612 278 637 334 ἢ
674 279 826 336 πόλις,
871 285 932 331 εἰς
975 277 1106 336 τιμὰς
1139 277 1166 333 ἢ
1202 278 1413 336 χρήματα

0 387 5 406 ᾖ
56 349 321 405 προάγουσα
361 347 385 402 ἢ
423 365 464 392 τι
501 350 590 393 τῶν
622 346 816 405 ὑστέρων
849 352 908 398 εὶς
943 344 993 391 τὸ
1032 345 1239 404 πρόσθεν
1266 356 1413 404 τιμαῖς
1470 363 1487 378 ·*

0 410 5 455 f
56 418 294 467 τάττουσα,
330 414 442 459 οὔθ’
483 414 611 460 ὅσιον
644 413 746 459 οὔτε
783 413 1012 459 πολιτικὸν
1047 412 1105 458 ἄν
1139 414 1259 471 δρῴη
1297 417 1412 472 πρᾶ-

0 508 1 511 “
55 503 160 541 γμα.
195 483 394 539 εἰρήσθω
434 485 576 526 ταῦτα
613 479 638 536 ἢ
674 484 768 533 πῶς
802 481 936 538 ἡμῖν;

154 554 261 596 ME.
333 550 470 595 Πάνυ
505 552 586 607 μὲν
624 543 706 595 οὖν
742 550 940 607 εἰρήσθω
977 552 1145 608 σαφῶς.

154 620 256 662 ΑΘ.
331 617 491 660 Ταῦτα
535 620 616 671 μὲν
652 620 803 660 τοίνυν
837 615 954 671 ἡμᾶς
991 622 1060 659 ἐπὶ
1097 619 1230 660 πλέον
1265 620 1415 669 &noin-

56 702 130 730 σεν
171 690 306 729 εἰπεῖν
347 684 377 737 ἡ.
411 686 600 742 Περσῶν
645 687 742 741 περὶ
781 683 1014 743 διάσκεψις
1061 686 1140 736 τῆς
1175 686 1414 734 πολιτείας.

55 753 370 808 ἀνευρίσκομεν
418 754 463 795 δὲ
509 753 578 794 ἐπὶ
626 754 689 794 ἔτι
724 754 900 808 χείρους
945 749 1114 801 αὐτοὺς
1153 750 1410 805 γεγονότας.

56 820 138 874 τὴν
174 822 218 862 δὲ
254 822 403 862 αὶτίαν
438 823 611 878 φαμεν,
657 816 728 863 ὅτι
776 817 825 862 τὸ
871 817 1116 876 ἐλεύθερον
1160 820 1262 862 λίαν
1298 817 1411 877 ἀφε-

151 975 191 1004 C.
242 970 260 1013 ἡ
302 972 396 1013 περὶ
439 969 618 1012 Περσῶν
650 970 702 1014 3.}
740 971 923 1013 Vuigatuin
959 971 1057 1014 πέρι,
1088 973 1166 1013 qnia
1195 972 1411 1014 praepositio

57 1030 125 1052 non
158 1019 200 1051 ad
238 1018 382 1060 Περσῶν
413 1018 474 1051 sed
499 1018 541 1050 ad
568 1018 627 1059 τῆς
653 1018 820 1050 πολιτείας
845 1018 1014 1058 refertur,
1046 1028 1123 1051 cum
1153 1019 1252 1050 Astio
1277 1019 1312 1050 in
1338 1018 1414 1060 περὶ

57 1066 198 1100 mutavi.

56 1180 127 1212 iora
154 1182 189 1210 et
215 1176 350 1217 divina,
378 1177 465 1210 haec
490 1179 608 1209 autem
638 1177 699 1209 mi-

56 1234 143 1257 nora
169 1228 204 1256 et
228 1222 376 1256 humana
407 1223 560 1256 audiant.
589 1223 698 1264 Legg.

57 1271 99 1303 ΙΙ.
133 1281 165 1313 p.
192 1269 270 1303 661.
298 1268 360 1302 IX.
398 1280 430 1312 p.
461 1269 540 1303 870.
571 1269 609 1300 Β.
642 1269 700 1301 De

57 1316 147 1358 Rep.
182 1316 211 1348 Ι.
241 1327 273 1357 p.
302 1315 383 1350 331.
411 1318 438 1348 A
465 1325 540 1357 sqq.
573 1316 632 1348 Vl.
667 1326 699 1357 p.

55 1362 136 1398 491.
163 1362 203 1394 C.
230 1364 273 1394 ai.
301 1362 451 1403 Euthyd.
481 1372 511 1403 p.
539 1362 607 1396 279
622 1372 698 1403 sqq.

58 1409 152 1442 Meu.
177 1419 210 1451 p.
237 1408 293 1442 87.
323 1408 361 1440 E.
410 1407 491 1440 Tria
523 1408 696 1440 bonorum

56 1465 205 1498 genera,
246 1453 369 1486 eodem
406 1453 511 1486 modo
543 1464 613 1496 quo
648 1453 701 1486 iiic

57 1501 187 1533 factum
215 1500 394 1540 videmus,
419 1510 525 1541 quum
554 1500 611 1532 aiii
638 1510 700 1541 po-

58 1547 216 1580 sterioris
255 1547 381 1578 aetatis
414 1545 610 1588 philosophi
647 1545 701 1577 di·

57 1593 271 1634 stinxerunt,
298 1596 370 1625 tum
398 1593 568 1633 imprimis
596 1592 698 1624 etiarn

57 1639 248 1671 Aristot.
286 1636 394 1670 Ethic.
425 1637 561 1671 Nicom.
588 1638 618 1670 Ι.
645 1637 699 1678 8.;

57 1686 135 1717 coil.
163 1685 284 1727 Diog.
313 1683 458 1718 Laert.
485 1683 554 1717 111.
581 1684 612 1726 ξ.
638 1683 697 1718 80.

57 1729 114 1765 81.
163 1731 310 1771 eiusque
359 1730 506 1762 rationis
552 1731 697 1772 vestigia

57 1778 127 1811 ium
169 1777 202 1808 in
240 1777 349 1816 Gorg.
387 1787 420 1818 p.
461 1775 541 1812 477.
587 1776 626 1808 Β.
665 1780 700 1808 et

59 1821 209 1855 Pimedr.
243 1833 276 1864 p.
302 1821 383 1857 239.
410 1822 455 1854 A.
482 1841 526 1846 --
550 1821 631 1856 241.
658 1821 697 1853 C.

60 1872 180 1901 extare
213 1867 384 1908 videntur.
433 1867 495 1900 Usi
527 1878 610 1900 vero
642 1877 700 1899 ea-

60 1914 138 1946 dem
170 1912 339 1945 divisione
372 1917 454 1945 suut
494 1913 596 1946 etiam
632 1912 699 1954 Py-

59 1959 236 2000 thagorei,
300 1957 401 1991 sicuti
459 1963 603 2001 apparet
659 1967 702 1990 ex

59 2005 202 2047 Fragm.
240 2004 417 2046 Archytae
449 2004 540 2047 apud
576 2003 702 2037 Stob.

60 2053 174 2084 Serm.
195 2050 218 2082 Ι.
234 2051 276 2082 ai.
298 2055 334 2082 et
357 2049 589 2083 Iamblich.
617 2051 703 2082 Pro-

62 2101 167 2139 trept.
201 2106 233 2139 p.
268 2095 314 2131 64
345 2107 396 2138 sq.
431 2101 466 2129 et
499 2108 530 2139 p.
558 2095 614 2131 74.
648 2094 702 2129 ed.

60 2143 186 2177 Kiessi.
240 2141 368 2174 Postea
401 2152 484 2175 vero
509 2143 600 2175 iilam
628 2151 703 2174 cer-

60 2189 158 2221 tatim
192 2188 411 2220 celebrarunt
441 2188 641 2221 Academici
667 2191 704 2221 et

63 2234 300 2276 Peripatetici,
329 2234 432 2267 sicuti
447 2233 704 2267 demonstravit

63 2278 156 2312 Car.
184 2279 365 2312 Beierus
392 2281 435 2313 ad
461 2281 574 2313 Cicer.
602 2279 702 2313 offic.

62 2325 122 2359 ln.
148 2325 180 2360 6.
206 2325 287 2358 Vol.
311 2325 362 2357 Π.
389 2337 421 2368 p.
448 2327 517 2362 228
542 2337 593 2368 sq.

109 2371 149 2403 C.
201 2367 224 2412 ἥ
248 2381 282 2402 τι
314 2372 395 2403 τῶν
419 2369 618 2414 ὑστέρων
643 2370 705 2404 εἰς

65 2415 110 2449 τὸ
137 2414 338 2458 πρόσθεν
367 2418 434 2460 —]
469 2419 703 2457 stobaeus,

65 2463 122 2505 qui
147 2462 233 2495 hunc
269 2464 381 2496 iocum
413 2464 492 2497 inde
522 2465 566 2497 ab
590 2463 703 2506 Λέγο-

65 2520 127 2549 μεν
163 2509 280 2540 τοίνυν
312 2519 423 2551 usque
453 2509 498 2543 ad
531 2507 706 2542 πολιτικὸν

66 2552 110 2588 ἂν
154 2553 248 2598 δρῴη
291 2555 427 2597 πρᾶγμα
469 2556 502 2589 in
541 2555 705 2596 Florileg.

66 2611 164 2634 suum
202 2600 321 2633 retulit
359 2599 444 2634 Vol.>
472 2601 512 2634 ΙΙ.
555 2613 588 2644 p.
624 2601 704 2635 141.

68 2647 123 2680 ed.
150 2647 263 2681 Gaisf.
289 2647 452 2689 Lipmfi:
476 2647 589 2680 Serm.
607 2647 704 2680 XLI.

69 2703 103 2735 p.
126 2692 227 2734 266„
260 2703 323 2735 pro
361 2689 514 2734 ὑστέρων
537 2695 705 2735 scriptum

123 2749 211 2782 Plat.
239 2750 327 2792 Opp.
358 2750 436 2783 Voi.
462 2749 505 2785 X.
532 2750 626 2784 Sect.
658 2752 680 2784 Ι.

737 1741 741 1744 ·
766 1730 906 1762 statuit:
944 1730 1055 1761 ἔπειτα
1086 1726 1147 1761 ἕτεῤ

770 1174 910 1209 exhibet
940 1174 1099 1218 ὕστερον.
1149 1176 1221 1210 Sed
1258 1174 1414 1218 ὑστέρων

769 1222 906 1256 videtur
961 1223 1225 1264 praestabilius,
1283 1225 1412 1265 quippe

767 1268 860 1310 quod
899 1270 1018 1302 meiius
1060 1269 1275 1311 respondeat
1312 1274 1410 1302 ante-

766 1317 917 1357 gressis,
967 1315 1098 1357 πρῶτα,
1145 1313 1304 1358 δεύτερα,
1355 1316 1409 1347 καὶ

766 1362 923 1403 τριία.--
949 1361 1034 1394 Mox
1052 1362 1176 1402 σαφῶς
1190 1367 1245 1395 est
1269 1365 1408 1395 certo.

815 1427 880 1461 ἐπὶ
913 1429 1046 1462 πλέον
1068 1430 1125 1463 ἐπ.
1153 1431 1321 1474 εἰπεῖν]
1348 1431 1410 1465 fu-

770 1475 862 1508 sius
911 1487 1131 1521 exponere
1177 1489 1205 1511 s.
1255 1478 1411 1520 dispu-

768 1526 871 1555 tare.

815 1587 1142 1632 ἅνευρίσκομεν
1175 1590 1220 1624 δὲ
1251 1591 1318 1624 ἐπὶ
1350 1591 1410 1624 ἔτι

767 1637 966 1679 χείρους]
1003 1637 1120 1670 Locus
1155 1637 1259 1671 foede
1289 1648 1410 1672 corru-

768 1688 859 1725 ptus.
911 1683 1116 1716 oremus
1165 1684 1409 1726 corrigendum

1205 1730 1330 1764 Verum
1366 1740 1408 1763 en

767 1775 965 1808 emendatio
998 1776 1052 1807 vix
1086 1776 1284 1818 cuiusquam
1317 1776 1412 1809 desi-

768 1821 865 1854 derio
906 1821 1113 1854 satisfaciet.
1166 1821 1252 1863 Nam
1286 1827 1326 1854 ut
1357 1826 1411 1855 tu·

767 1877 865 1899 ceam
892 1867 935 1899 de
959 1867 1026 1899 isto
1059 1867 1192 1905 ἔπειτα,
1221 1867 1314 1909 quod
1347 1878 1408 1910 pa-

769 1922 843 1945 rum
871 1916 966 1945 recte
999 1911 1052 1945 hic
1085 1913 1330 1954 interpositum
1355 1914 1412 1945 fo—

771 1963 844 1999 ret,
884 1958 987 1990 verba
1027 1961 1277 2000 consequentia
1316 1963 1413 1992 certe

773 2007 939 2046 arguunt,
977 2004 1149 2036 excidisse
1185 2004 1334 2047 aliquid,
1356 2005 1412 2048 ,in

772 2060 844 2092 quo
875 2050 1021 2082 subiecti
1066 2051 1196 2083 mentio
1232 2055 1330 2083 esset
1358 2051 1412 2084 in-

771 2097 879 2135 tecta,
916 2095 959 2128 ad
990 2096 1084 2138 quod
1119 2096 1276 2138 proxima
1306 2098 1413 2130 verba

772 2138 980 2183 ἀφελόμενοι
1018 2138 1198 2174 ἀπώλεσαν
1240 2144 1412 2176 referren-

771 2193 838 2221 tur.
908 2188 1150 2223 Quamobrem
1187 2199 1251 2222 nec
1298 2190 1413 2231 placet

772 2233 955 2267 Sciinei
974 2234 994 2266 d
1017 2236 1089 2267 eri
1139 2235 1336 2268 coniectura
1378 2235 1412 2267 in

771 2280 898 2321 Progr.
936 2280 1073 2314 Uratisi.
1100 2280 1202 2315 1822.
1228 2280 1294 2314 bib.
1319 2291 1413 2324 >pro-

772 2327 888 2369 posita
917 2323 972 2358 ἐπ’
1000 2327 1072 2368 ξίη,
1105 2327 1189 2360 iicet
1219 2337 1259 2360 ea
1287 2328 1414 2361 eximie

773 2372 992 2414 probata-sit
1006 2373 1124 2406 C.Fr.
1151 2373 1411 2407 Hermanno.

773 2419 930 2451 Astius
954 2417 1009 2451 ἐπὶ
1033 2417 1231 2461 Καμβύσου
1250 2420 1316 2462 iegi
1341 2430 1414 2453 ma-

774 2465 856 2497 vult.
911 2467 961 2498 At
990 2475 1032 2498 ne
1063 2465 1127 2499 hoe
1157 2465 1295 2508 quidem
1329 2467 1414 2498 satis

774 2514 829 2544 est
867 2510 1050 2552 idoneum,
1087 2513 1249 2554 quonism
1288 2512 1414 2544 verbo-

774 2566 850 2589 rum
877 2567 1037 2591 numerus
1062 2558 1202 2600 pluralis
1227 2559 1411 2598 subsequi-

774 2607 841 2635 tur.
876 2603 952 2636 Nee
980 2604 1172 2646 Cambyses
1198 2604 1310 2636 omnis
1336 2604 1415 2635 maii

775 2653 898 2682 auctor
921 2650 1005 2691 fuit,
1030 2650 1121 2691 qnod
1150 2651 1268 2691 potius
1294 2650 1415 2681 civita-

776 2699 844 2728 tem
887 2695 1070 2730 Persarum
1111 2695 1189 2729 iude
1228 2707 1246 2728 a
1289 2694 1416 2727 Xerxis

1089 2752 1144 2791 ‘22
