1612 2872
263 90 344 130 380

367 206 404 245 Κ
409 206 453 245 Α
458 236 464 244 .

538 204 670 246 ΙΙάιύ
707 207 787 257 μὲν
825 199 918 249 οὖν.

740 91 772 131 P
797 91 1117 134 LATONIS

364 271 458 310 Ae).
531 268 593 310 Οὐ
631 273 779 311 τοίνυν
813 270 997 320 ἀνίατός
1020 288 1065 324 γε
1100 268 1156 315 ἂν
1191 272 1255 324 εἴη
1290 272 1400 328 πρὸς
1434 272 1593 328 ἀρετῆς

262 337 427 383 κτῆσιν.
464 338 498 374 εὶ
534 337 612 387 μὲν
651 333 736 390 γάρ
772 338 1070 378 ἐπιθαλαττία
1107 354 1151 379 τε
1173 340 1339 392 ἔμελλεν
1376 338 1485 381 εἶναι
1520 341 1591 381 καὶ

262 400 479 452 εὐλίμενος
527 402 600 441 καί
649 399 731 454 μὴ’
758 401 993 459 πάμφορος
1039 402 1140 444 ἀλλ’

1194 403 1362 455 ἐπιδεὴς
1407 406 1590 452 πολλῶν,

261 464 453 517 μεγάλου
493 463 609 515 τινὸς
653 469 732 508 ἔδει
767 467 961 521 σωτῆρός
997 484 1038 509 τε
1074 467 1186 528 αὐτῇ
1224 471 1294 511 καὶ
1332 471 1592 524 νομοθετῶν

266 532 400 571 θείων
438 532 589 580 τινῶν,
635 535 669 574 εὶ
705 530 764 585 μὴ
802 531 941 575 πολλοὶ
979 549 1021 575 τε
1059 536 1229 587 ἔμελλεν
1264 531 1362 587 ἤθη
1395 538 1465 576 καὶ
1497 550 1591 576 ποι-

261 597 358 636 κίλα
394 598 465 637 καὶ
499 598 651 653 φαῦλα
699 597 804 648 ἕξειν
851 597 1031 650 τοιαύτη
1068 598 1192 656 φύσει
1229 605 1459 655 γενομένη·

1510 601 1590 642 νῦν

357 747 393 778 l’.
422 748 497 782 705.
555 747 794 787 ἐμπιπλᾶσι(
827 746 983 792 αὐτὴν]
1015 749 1223 790 ἐμπιμπλᾶσα
1254 751 1332 784 Par.
1365 754 1400 783 Α.
1434 757 1468 784 et
1502 757 1591 784 teste

262 880 339 912 simi
374 885 521 914 tuentur.
579 882 686 924 Vulgo
718 882 889 923 ἑξοίκισιε.

263 930 306 957 At
339 927 427 958 enim
470 937 551 959 vero
583 926 752 969 ἐξοικιζειν
789 939 890 970 quum

262 971 322 1002 sit:
360 972 486 1003 domo
525 973 703 1014 eiicere,
745 975 890 1015 expel-

263 1018 371 1056 lere3
419 1020 486 1049 tum
527 1015 687 1057 ἑξοίκισις
726 1020 894 1061 significat

263 1062 569 1102 expulsionem
630 1065 744 1104 potius
791 1073 891 1105 quam

261 1106 553 1148 demigrationem.
601 1109 722 1149 Itaque
753 1110 890 1140 restitu-

262 1151 384 1184 endum
411 1150 597 1194 &gochyocs
630 1154 722 1195 qnod
756 1155 891 1186 ductum

263 1202 317 1228 est
332 1198 374 1228 ab
391 1195 540 1236 ἐξοικὲω,
566 1210 584 1230 e
610 1198 784 1231 sedibus
808 1199 893 1231 dis-

262 1232 391 1283 coilo,
443 1243 653 1286 demigro,
702 1246 895 1285 legiturque

262 1287 364 1319 etiam
398 1287 482 1319 infra
514 1290 589 1320 libr.
634 1288 728 1321 V.111
756 1301 788 1329 ρ.
815 1289 893 1323 850

267 1332 311 1363 n·
337 1330 358 1373 ἥ
382 1343 454 1364 wa
479 1330 654 1375 ἀναβολὴν
679 1335 736 1375 τῆς
761 1333 894 1376 ἐξοική-

265 1386 350 1408 σεως
402 1375 508 1418 ἀξιῶν
563 1376 655 1421 αὐτῷ
701 1380 893 1422 γιγνεσθαι;

263 1423 371 1455 Error
394 1425 497 1456 etiam
523 1425 601 1456 alibi
628 1424 808 1458 admissus.
855 1440 860 1443 ⁴

311 1468 351 1499 Ι).
397 1467 681 1501 ἐπιθαλαττία
729 1481 768 1502 τε
815 1470 891 1512 ἐμ]

267 1514 371 1545 Antea
405 1524 437 1555 p.
471 1515 546 1548 704.
583 1515 623 1547 Β.
667 1519 740 1547 erat
773 1514 894 1546 ἐπιθα-

266 1556 440 1591 λαττίδιος.
505 1561 553 1591 De
595 1560 705 1592 forma
744 1560 894 1592 feminini

262 1605 398 1645 generis
430 1605 471 1636 ab
503 1605 674 1637 adiectiio
700 1607 894 1647 composito

263 1648 366 1681 ducta
393 1660 422 1680 v.
451 1649 664 1681 Matthiae
683 1651 745 1681 Gr.
765 1653 795 1690 ξ.
816 1650 892 1684 106.

263 1698 298 1726 et
315 1694 346 1734 ξ.
368 1694 445 1727 116.
496 1694 578 1726 Dein
604 1692 682 1732 ἔδει,
703 1705 806 1734 opus
831 1705 892 1727 es-

262 1744 344 1778 net,
369 1737 460 1779 quod
488 1740 635 1781 positum
666 1743 719 1771 eat
744 1740 817 1771 sine
841 1738 893 1777 ἄν,

263 1783 340 1816 vide
365 1794 403 1815 ea
431 1783 474 1814 de
498 1794 534 1815 re.
557 1789 670 1816 annot.
697 1785 739 1816 ad
766 1785 890 1826 Remp.

265 1829 287 1860 l.
317 1839 350 1870 p.
383 1828 462 1862 328.
497 1828 657 1870 Sympos.
689 1839 722 1870 p.
748 1829 825 1863 190.
852 1831 890 1862 C.

264 1873 491 1906 Hermann.
526 1874 577 1906 De
608 1875 773 1916 particula
798 1872 840 1906 ἄν
867 1874 891 1909 Ι.

307 1962 347 1995 εἰ
377 1962 428 2004 μὴ
469 1961 605 1995 πολλά
647 1974 684 1995 τε
725 1963 891 2003 ἔμελλεν

262 2008 325 2050 -]
357 2009 408 2040 De
432 2013 525 2049 toto,
555 2009 611 2050 qui
636 2009 789 2050 sequitur
813 2011 889 2041 loco

261 2054 446 2085 contulisse
469 2055 596 2087 iuvabit
619 2054 811 2086 ciceron.
840 2054 889 2086 De

261 2098 350 2140 Rep.
375 2099 423 2130 ΙΙ.
448 2109 478 2131 c.
505 2099 539 2133 3.
566 2103 600 2132 et
625 2099 656 2133 4.
688 2098 777 2130 unde
807 2098 889 2131 haec

261 2144 548 2179 transscribimus.
586 2143 694 2184 „Sed
721 2143 799 2176 hoc
824 2144 892 2175 vir

262 2190 499 2222 excellenti
565 2188 889 2231 providentia

260 2233 472 2275 (Romulus)
513 2235 652 2267 sensit
688 2244 734 2266 ac
762 2234 889 2270 vidit,

261 2288 460 2311 nonense
489 2279 889 2321 opportunissimus

262 2323 376 2355 situs
423 2325 661 2357 maritimos
707 2324 889 2356 urbibus

255 2369 332 2407 iis,
358 2373 474 2408 quae'
501 2368 550 2401 ad
583 2379 698 2411 spem
726 2368 888 2400 dintur-

260 2413 419 2445 nitatis
444 2413 736 2446 conderentur
760 2417 889 2454 atque

260 2458 449 2499 imperii.
523 2459 708 2491 Primum
760 2460 889 2498 enim,

262 2502 375 2543 quod
403 2507 550 2534 essent
575 2504 704 2537 urbes
731 2504 889 2535 mariti-

261 2556 350 2580 mae
374 2557 458 2579 non
485 2549 622 2581 solum
655 2548 800 2581 multis
826 2559 889 2590 pe-

259 2591 414 2624 riculis
438 2593 687 2634 oppositae,
714 2592 787 2625 sed
813 2592 890 2625 eti-

260 2646 319 2669 am
345 2637 490 2680 coecis
516 2637 553 2677 (i.
579 2648 608 2670 e.
636 2637 832 2679 improvisis
859 2641 891 2670 et

957 885 1228 926 inexspectatis).
1254 902 1298 908 —-
1343 884 1427 916 Est
1451 888 1588 917 autem

960 930 1186 962 maritimis
1229 929 1411 962 urbibus
1463 931 1587 961 etiam

958 974 1158 1015 quaedam
1204 975 1510 1015 corruptela
1545 984 1590 1005 nc

960 1019 1206 1054 demutatio,
1244 1029 1419 1051 morum:
1458 1019 1587 1050 admi-

959 1069 1141 1097 scentur
1188 1063 1292 1097 enim
1339 1064 1461 1096 novis
1503 1073 1588 1095 ser-

960 1110 1158 1142 monibus
1192 1119 1236 1140 ae
1261 1109 1525 1150 disciplinis,
1550 1114 1590 1140 et

961 1155 1257 1192 importantur
1297 1164 1374 1186 non
1423 1163 1588 1186 merces

961 1201 1103 1232 solum
1163 1199 1454 1237 adventitiae,
1510 1198 1587 1230 sed

962 1245 1086 1277 etiam
1113 1253 1270 1287 mores;
1295 1249 1339 1276 ut
1362 1243 1468 1275 nibil
1494 1253 1587 1284 pos-

962 1291 1024 1321 sit
1074 1290 1112 1320 in
1161 1289 1316 1331 patriis
1363 1289 1588 1321 institutis

962 1344 1134 1367 manere
1181 1334 1449 1376 integrum.
1504 1333 1586 1365 lam

961 1380 1030 1421 qui
1073 1379 1267 1411 incolunt
1315 1389 1385 1411 eas
1435 1377 1588 1417 urbes,

962 1434 1042 1457 non
1073 1423 1251 1456 haerent
1285 1425 1321 1456 in
1356 1424 1447 1455 suis
1480 1423 1588 1455 sedi-

962 1470 1057 1506 bus,
1093 1468 1165 1500 sed
1209 1469 1374 1501 volucri
1418 1477 1590 1510 semper

962 1525 1036 1556 spe
1061 1518 1102 1546 et
1127 1514 1398 1555 cogitatione
1415 1513 1586 1553 rapiun-

961 1564 1027 1591 tur
1050 1569 1067 1590 a
1094 1558 1216 1590 domo
1241 1558 1436 1599 longius.
1462 1563 1589 1598 atque

960 1603 1099 1640 etiam,
1124 1613 1212 1635 cum
1246 1607 1415 1635 manent
1439 1612 1586 1644 corpo·

959 1659 1028 1687 re,
1075 1650 1214 1679 animo
1252 1652 1392 1680 tamen
1438 1657 1587 1679 excur-

959 1697 1059 1725 runt
1087 1697 1128 1724 et
1155 1698 1375 1733 vagantur.
1404 1709 1445 1716 σ-
1483 1691 1585 1724 Mul-

960 1742 999 1770 ta
1033 1737 1162 1769 etiam
1196 1737 1247 1769 ad
1289 1737 1497 1769 luxuriam
1531 1737 1586 1768 in-

959 1784 1203 1814 vitamenta
1243 1782 1496 1823 perniciosa
1530 1782 1586 1813 ci-

958 1828 1176 1860 vitatibus
1243 1825 1588 1868 suppeditantur

958 1873 1085 1913 mari,
1119 1881 1228 1913 quae
1264 1873 1326 1904 vel
1354 1872 1587 1914 capiuntur

959 1919 1024 1950 vel
1079 1919 1390 1958 importantur,
1455 1922 1586 1956 atque

958 1961 1086 1994 habet
1151 1962 1279 1994 etiam
1334 1962 1585 1994 amoenitas

957 2007 1051 2048 ipsa
1107 2008 1171 2040 vel
1229 2010 1474 2040 sumtuosas
1522 2007 1582 2037 vel

956 2051 1201 2084 desidiosas
1227 2051 1459 2083 illecebras
1484 2051 1583 2083 mul-

955 2100 1019 2128 tas
1046 2096 1336 2137 cupiditatum
1364 2101 1426 2129 cir.
1465 2095 1582 2127 Strao

954 2143 1005 2174 bo
1041 2141 1117 2173 VII.
1150 2141 1190 2174 9·
1224 2141 1276 2171 καὶ
1311 2138 1451 2172 Πλάτων
1482 2139 1519 2172 δὲ
1547 2140 1584 2172 ἐν

955 2188 1002 2227 τῇ
1018 2187 1163 2229 πολιτείᾳ
1188 2183 1248 2226 τὴν
1272 2184 1440 2218 θάλατταν
1457 2183 1503 2218 ως
1519 2196 1581 2216 πο-

954 2220 1256 2284 νηροδιδάσκαλον
1269 2230 1430 2285 φεύγειν
1480 2232 1582 2262 οἴεται

955 2276 1024 2308 δεῖν
1063 2273 1082 2307 ὅ
1121 2287 1149 2307 τι
1190 2271 1396 2316 ποόῥωτάτω
1428 2274 1510 2308 τοὺς
1543 2271 1583 2307 εὖ

955 2321 1237 2363 πολιτευομέιους
1256 2321 1309 2352 καὶ
1333 2319 1377 2362 μὴ
1403 2321 1507 2353 οικεῖν
1531 2317 1580 2352 ἐπ’

954 2363 1050 2406 αὐτῇ
1077 2366 1264 2398 Procius
1284 2367 1315 2397 in
1335 2367 1434 2399 Polit.
1452 2377 1484 2407 p.
1501 2366 1579 2400 352.

955 2412 1016 2446 13:
1043 2408 1092 2442 ὅτι
1119 2409 1200 2443 τούς
1218 2409 1510 2443 ἐπιθαλαττιδιόυς
1525 2410 1578 2442 τό·

955 2465 1044 2488 πους
1068 2457 1126 2497 τῆς
1157 2454 1391 2496 θορυβώδους
1414 2457 1504 2498 ζωῆς
1527 2457 1592 2488 nai·

957 2501 1108 2542 ποικίλης
1140 2511 1247 2542 γμειν
1277 2497 1480 2553 ἀναγκαῖον,
1523 2499 1580 2533 τὰς

958 2545 993 2578 δὲ
1014 2543 1219 2588 πορρωτὲρω
1245 2543 1358 2578 πόλεις
1373 2546 1510 2579 ἐκείνων
1522 2557 1578 2577 κα-

958 2590 1120 2634 θαρεύειν
1154 2591 1219 2622 τῶν
1253 2592 1374 2623 κακῶν.
1432 2591 1578 2623 Omnino

958 2642 1092 2670 veteres
1107 2636 1278 2677 sapiente·
1294 2641 1468 2669 nautarum
1486 2645 1578 2668 com-
