1612 2872
468 80 551 123 DE
588 78 867 124 LEGIBUS
900 83 980 120 etc.
1223 75 1397 121 CXLV

41 197 244 255 cogitari.
314 195 594 251 Quamquam
636 194 690 236 de
722 194 803 237 hac
847 191 1024 249 quidem
1064 190 1231 247 aliquid
1261 192 1398 235 ambi-

43 255 224 314 guitatis
263 252 538 308 relinquitur.
614 253 674 294 At
714 251 829 294 enim
866 265 970 293 vero
1009 248 1116 292 licet
1152 248 1266 292 hanc
1295 264 1399 305 pro-

43 312 148 369 poni
178 309 450 354 fortitudinis
483 316 527 352 et
553 308 870 365 temperantiae
901 306 1042 350 deseri
1076 306 1241 349 tionem
1271 322 1399 349 nemo

24 369 272 424 ‘quisquam
302 367 538 421 infitietur,
578 373 724 409 tamen
763 365 943 407 multum
983 364 1041 406 fal
1061 370 1180 418 atur,
1222 363 1260 407 si
1300 364 1399 419 quis

40 426 349 483 philosophum
380 425 597 467 existimet
617 423 697 465 has
728 423 912 465 virtutes
933 422 997 464 ita
1019 421 1273 464 informatas
1297 422 1399 464 sim-

41 484 212 541 pliciter
251 482 506 540 probavisse
547 487 591 523 et
630 480 677 522 in
717 480 894 522 civitate
935 495 1017 521 sua
1058 479 1184 522 unice
1214 493 1398 535 regnare

40 541 248 583 voluisse.
316 538 452 593 Quod
492 539 700 580 miramur
739 536 970 579 Zellero
1012 535 1227 583 accidisse
1268 537 1398 580 Stu-

41 597 173 641 dior.
205 597 352 639 Plat.
385 611 427 652 p.
453 597 505 638 35
531 610 596 650 sq.
633 600 678 636 et
707 594 922 636 Histor.
953 592 1170 636 Philos.
1204 592 1398 637 Graec.

40 655 160 697 Vol.
194 654 253 696 11.
286 669 330 710 p.
371 655 468 698 319.
500 667 565 708 sq.
627 651 804 694 Etenim
837 649 1040 693 bellicam
1072 649 1249 706 quidem
1281 651 1399 700 illam

38 711 339 754 fortitudinem
377 710 506 752 Plato
548 709 643 766 ipse
685 707 789 750 inde
829 723 856 750 a
895 723 939 764 p.
984 709 1081 749 6:26.
1120 707 1158 749 B
1193 723 1290 764 sqq.
1323 723 1398 751 co-

38 769 285 824 piosissime
314 768 446 811 docet
482 782 561 824 per
590 781 638 810 se
667 773 756 809 tam
791 780 987 807 mancam
1025 779 1121 807 esse
1152 770 1286 820 atque
1317 765 1398 808 im-

38 826 301 882 perfectam,
356 833 406 868 ut
453 823 707 881 neutiquam
755 822 964 865 credibile
1014 836 1112 865 esse
1160 821 1398 864 contendat

36 883 184 940 legum
233 882 551 939 Spartanorum
603 887 648 923 et
696 879 1145 923 Lacedaemoniorum
1192 891 1395 922 auctores

36 941 154 983 illam
186 955 317 983 unam
359 941 414 983 ob
460 938 612 982 oculos
649 937 873 981 habuisse.
934 936 1156 991 Quocirca
1186 936 1394 995 deinceps

36 997 248 1054 disputat,
279 1012 376 1040 esse
398 1012 491 1039 eam
514 996 622 1038 nihil
652 996 739 1038 nisi
770 994 1028 1052 particulam
1050 993 1268 1049 quandam
1299 995 1395 1037 uni-

35 1070 188 1098 versae
227 1054 522 1108 fortitudinis,
578 1053 741 1110 quippe
783 1068 919 1107 quae,
961 1051 998 1093 si
1036 1058 1130 1094 tota
1166 1052 1222 1094 sit
1260 1058 1395 1108 atque

34 1113 222 1170 integra,
256 1112 386 1154 etiam
416 1126 468 1153 eo
499 1111 720 1167 pertinere
750 1109 924 1164 debeat,
955 1116 1004 1151 ut
1033 1109 1230 1151 internos
1261 1125 1395 1166 quum

35 1170 302 1227 reipublicae
331 1176 425 1211 tum
455 1168 593 1224 ipsius
634 1168 846 1222 cuiusque
877 1166 1009 1209 animi
1039 1166 1188 1209 hostes
1219 1167 1395 1210 vincere

36 1242 88 1269 ac
117 1241 324 1282 superare
355 1226 594 1282 possimus,
628 1240 716 1280 quo
748 1224 867 1267 intus
889 1225 935 1267 in
959 1224 1067 1281 ipsis
1097 1224 1393 1279 tranquillitas

36 1290 90 1326 et‘
125 1283 362 1326 concordia
410 1282 479 1324 vel
534 1282 792 1324 restituatur
842 1281 912 1324 vel
952 1289 1252 1333 conservetur3
1310 1282 1395 1324 hoc

36 1340 150 1383 enim
189 1347 314 1383 tanto
355 1339 493 1396 pluris
535 1354 633 1382 esse
662 1339 937 1393 faciendum,
969 1345 1134 1394 quanto
1164 1346 1395 1396 praestan-

34 1398 148 1440 tiora
175 1398 262 1440 ista
291 1398 408 1440 bona
439 1396 543 1451 sint,
573 1411 707 1451 quum
741 1404 897 1439 contra
926 1396 1089 1439 bellum
1118 1396 1164 1438 in
1193 1396 1394 1440 maximis

33 1455 160 1498 malis
185 1455 272 1498 sint
294 1453 542 1497 ducendum
564 1470 604 1496 V.
625 1471 667 1510 p.
691 1455 786 1499 627.
802 1453 1010 1497 C.—628.
1025 1454 1088 1496 D.
1121 1454 1278 1509 Itaque
1297 1454 1394 1510 phi-

34 1511 244 1569 losophus
269 1511 571 1554 fortitudinem
591 1512 742 1567 utique
761 1511 900 1554 voluit
919 1511 1055 1554 multo
1072 1518 1222 1568 patere
1243 1511 1392 1567 latius,

34 1584 164 1625 quam
205 1570 292 1612 fere
331 1569 604 1623 existiment,
648 1569 723 1624 qui
764 1569 885 1612 illam
917 1569 1054 1611 velint
1082 1568 1138 1610 ad
1168 1584 1301 1611 unam
1331 1567 1394 1611 la-

34 1626 188 1670 borum
227 1627 483 1684 patientiam
535 1632 579 1668 et
618 1626 820 1669 bellicam
867 1625 1042 1668 laudem
1095 1633 1391 1683 comparatam

33 1698 143 1728 esse.
201 1683 335 1738 Quod
367 1699 421 1726 ne
460 1682 558 1739 quis
588 1683 785 1738 dubitet,
818 1690 1129 1740 comparentur
1158 1684 1288 1726 etiam
1317 1683 1393 1726 illa

33 1755 76 1796 p.
117 1743 216 1785 634.
256 1741 315 1785 D.
340 1756 444 1796 sqq.
475 1765 530 1771 —-
560 1742 652 1784 635,
688 1741 742 1783 Ε.
778 1741 854 1784 ubi
900 1740 1021 1797 apud
1062 1739 1306 1798 Spartanos
1347 1747 1392 1783 et

34 1797 271 1842 Cretenses
310 1798 532 1840 iudicatur
581 1797 637 1840 ad
689 1797 852 1842 doloris
904 1798 1082 1854 quidem
1130 1814 1182 1841 ac
1223 1798 1391 1841 timoris

33 1854 376 1897 moderationem
414 1854 552 1896 multa
593 1870 691 1898 esse
721 1856 946 1911 praeclare
974 1855 1192 1908 instituta,
1224 1855 1304 1898 sed
1334 1855 1391 1897 ad

34 1911 214 1953 alteram
261 1918 431 1967 partem
478 1910 776 1967 fortitudinis,
820 1928 932 1968 quae
973 1913 1111 1955 multo
1150 1913 1209 1956 sit
1237 1911 1390 1954 lauda-

33 1967 163 2011 bilior
201 1983 252 2010 ac
292 1967 609 2025 praestantior,
662 1973 863 2025 quaeque
908 1970 954 2011 in
995 1968 1301 2026 depugnandis
1339 1984 1390 2012 ac

33 2025 263 2068 vincendis
302 2024 603 2082 voluptatibus
644 2034 872 2078 cernatur,
914 2026 1024 2068 nihil
1063 2026 1262 2069 similiter
1292 2041 1389 2070 esse

33 2096 128 2124 com
162 2088 344 2125 aratum.
423 2081 598 2136 Quibus
642 2082 817 2138 quidem
864 2083 1010 2126 verbis
1058 2083 1165 2139 quid
1213 2083 1390 2126 tandem

35 2138 121 2181 aliu
195 2140 435 2197 significari
481 2140 760 2196 putabimus,
812 2140 898 2183 nisi
935 2140 1046 2196 hoc,
1087 2140 1390 2184 fortitudinem

34 2195 79 2238 in
118 2211 169 2239 eo
210 2197 396 2240 maxime
438 2197 700 2250 consistere,
745 2207 795 2241 ut
833 2204 1010 2240 strenue
1051 2204 1390 2255 constanterque

34 2252 244 2297 adversus
275 2252 563 2311 cupiditates,
603 2269 715 2311 quae
755 2256 845 2298 sint
883 2255 1056 2299 virtutis
1086 2254 1234 2299 hostes
1266 2272 1387 2299 acer-

33 2310 146 2365 rimi,
178 2326 424 2369 pugnemus
466 2326 605 2368 eoque
635 2313 732 2370 ipso
764 2312 935 2356 meliori
963 2313 1102 2356 nostri
1131 2314 1264 2369 parti,
1300 2313 1386 2356 hoc

35 2373 104 2410 est
131 2369 303 2422 rationi,
334 2368 636 2426 opitulemur?
685 2369 786 2414 Hoc
815 2376 958 2412 autem
996 2370 1035 2413 si
1072 2386 1173 2413 vere
1204 2386 1230 2413 a
1260 2370 1389 2414 nobis

36 2430 105 2466 est
139 2425 509 2481 animadversum,
552 2427 651 2484 quis
694 2434 761 2471 est
789 2427 893 2483 quin
922 2428 1130 2470 continuo
1159 2428 1386 2486 largiatur,

35 2479 146 2524 hanc
184 2482 453 2527 fortitudinis
495 2486 717 2527 notionem
761 2500 851 2527 non
881 2484 1011 2528 modo
1042 2493 1388 2528 consentaneam

34 2552 130 2581 esse
158 2538 228 2593 iis,
259 2555 372 2596 quae
400 2541 445 2584 in
477 2541 671 2584 Lachete
699 2557 744 2598 p.
782 2543 872 2584 192.
905 2556 1001 2598 sqq.
1038 2543 1130 2585 194.
1163 2558 1260 2599 sqq.
1288 2544 1387 2586 196.

34 2609 133 2651 sqq.
171 2597 259 2640 198.
289 2596 580 2653 disseruntur,
613 2598 691 2643 sed
716 2599 845 2642 etiam
865 2599 1118 2656 planissime
1147 2601 1386 2643 convenire

35 2665 131 2695 cum
169 2653 248 2708 iis,
289 2669 400 2709 quae
438 2655 484 2698 in
529 2656 771 2714 Republica
799 2657 1019 2714 explicata
1047 2657 1181 2701 sunt?
1239 2656 1384 2701 Nimi-
