1612 2872
225 120 277 160 86
703 113 1088 158 PLATONIS.

226 250 311 275 των
358 232 460 275 ὶᾶών
505 230 619 274 οὕτω
662 237 903 286 μέμφοιτο,
939 229 1018 272 τὸν
1054 232 1131 272 τοῦ
1165 229 1371 273 τοιούτου
1407 229 1553 289 ψόγον

226 297 440 351 ἡγώμεθα
478 296 592 347 ὑγιὲς
626 294 683 338 ἄν
719 311 823 337 ποτε
858 295 988 352 ψέξαι
1024 298 1094 338 καὶ
1130 293 1309 349 ὁτιοῦν,-

327 365 432 405 ME.

328 429 424 470 ΑΘ.

507 363 591 403 Καὶ
629 363 743 410 πῶς,·

495 427 697 479 Χρηστὸς
715 429 758 469 δὲ
782 423 928 482 ἄρχων
951 424 1043 469 ἔσθ’
1071 425 1175 481 ἡμῖν
1211 431 1256 469 ὲν
1292 427 1459 474 πλοίοις
1479 423 1558 467 πό-

227 509 353 546 τερον
396 490 473 534 ἐὰν
521 493 600 544 τὴν
644 491 852 543 ναυτικὴν
895 495 967 551 ἔχῃ
1016 490 1256 546 ἐπιστήμην
1303 491 1465 546 μόνον,
1501 489 1559 532 ἄν

227 557 256 599 τ’
296 553 375 600 οὖν
414 561 570 613 ναυτιᾷ
603 557 661 599 ἄν
698 575 740 601 τε
768 557 852 612 μή;
889 555 913 609 ἢ
951 560 1040 607 πῶς
1073 556 1131 600 ἂν
1166 561 1387 612 Mrem-sau

330 626 430 666 ME.

503 625 736 678 (lwafflg,
772 621 830 665 ἄν
875 640 918 675 γε
964 623 1073 680 πρὸς
1115 626 1165 684 τῇ
1215 629 1335 681 τέχνῃ
1381 625 1451 680 ἔχῃ
1487 624 1557 664 καὶ

232 691 364 732 τοῦτα
403 689 450 731 τὸ
489 689 654 739 πάθος,
691 689 713 732 ὃ
753 693 898 743 λὲγεις.

318 830 358 860 Β.
410 827 482 870 τήν
515 828 725 870 ναυτικήν
756 829 828 870 ἔχῃ
861 827 1120 871 ἐπιστήμην]
1165 828 1206 859 V.
1233 826 1293 869 τὴν
1318 826 1479 867 ναυτικὴν
1503 827 1559 868 ἔχῃ

231 872 291 914 τὴν
315 873 507 916 ἐπισιήμην.

557 876 716 906 Alterum
748 873 807 916 τὴν
836 880 928 906 recte
959 885 1025 906 om.
1057 875 1132 906 Par.
1168 877 1207 904 A.
1239 879 1272 906 et
1296 875 1374 906 Vat.
1404 871 1443 904 Ω.
1471 883 1559 905 corr.

229 919 288 950 Sic
314 921 430 952 statim
455 924 536 960 post
562 921 643 952 libri
668 931 809 952 omnes:
834 917 894 951 εἰὶν
918 918 977 961 τήν
1002 916 1182 960 πολεμικὴν
1206 919 1260 959 ἔχῃ
1286 917 1479 960 ἐπιστήμην.

229 1042 385 1072 iunctivo
431 1041 678 1079 deliberativo,
720 1041 864 1071 sollen

229 1087 309 1117 wir
349 1087 554 1127 glauben,
591 1087 635 1117 ad
675 1096 775 1126 quem
822 1083 864 1116 ἄν

229 1131 317 1162 nihil
349 1133 509 1173 pertinet.
553 1131 768 1162 Boeckhii
810 1140 864 1162 ra-

230 1177 361 1209 tionem
392 1178 495 1208 etiam
521 1177 673 1208 Astius
706 1180 741 1207 et
764 1176 864 1207 Her-

231 1232 319 1253 man
331 1232 407 1253 nus
421 1222 556 1263 sequuti
574 1227 663 1260 sunt,
676 1223 757 1261 quia
781 1231 863 1251 oon-

229 1268 385 1298 iunctivo
417 1268 644 1298 deliberativo
678 1277 768 1297 nuno
791 1276 864 1298 non

228 1312 326 1343 locus
373 1313 428 1344 sit.
482 1311 612 1350 Quidni
663 1312 771 1342 vero?
820 1320 865 1342 an

230 1367 394 1397 perverse
457 1358 586 1388 dictum
651 1357 865 1397 put-abimus:

231 1403 392 1434 hancce
467 1402 865 1442 reprehensionem

233 1458 328 1478 num
358 1447 624 1479 arbitremur
665 1448 732 1477 vel
774 1452 865 1477 tan-

232 1494 488 1524 tillumsani
506 1491 863 1523 continere?Conf.

232 1548 266 1578 P·
297 1537 376 1571 65&
410 1538 453 1569 D.
506 1538 560 1568 De
594 1538 646 1567 καὶ
681 1534 801 1568 ὁτιοῦν
831 1547 864 1567 v.

233 1583 277 1614 ad
314 1583 467 1624 Apolog.
501 1584 636 1614 Socrat.
668 1593 700 1623 p.
733 1582 789 1615 35.
823 1582 865 1612 B.

234 1645 277 1651 —·
303 1625 425 1668 ὑγιὲς
455 1627 580 1667 ψέξαι
610 1628 633 1658 i.
663 1638 695 1667 q.
727 1627 866 1668 λέγοντα

233 1671 348 1712 ψέξαι;
373 1684 404 1704 v.
428 1674 473 1704 ad
497 1683 529 1713 p.
554 1672 631 1705 639.
660 1672 699 1703 C.

277 1716 475 1759 quotos
510 1715 552 1747 δὲ
591 1714 735 1756 ἅρχων
776 1713 866 1747 ἔσθ’

235 1758 330 1802 ἡμῖν
355 1763 418 1803 -—]
463 1763 773 1794 Demonstraturus
814 1766 867 1792 est

234 1808 471 1848 exemplorum
528 1808 866 1845 commemoratione,

234 1854 263 1884 si
302 1854 378 1893 quis
420 1854 462 1884 de
499 1853 666 1883 societate
705 1853 867 1892 quapiam

235 1903 326 1929 recte
356 1899 571 1929 iudicaturus
603 1899 664 1935 sit,
698 1907 776 1928 eum
808 1897 866 1927 de-

235 1944 316 1975 bere
334 1943 428 1974 illam
444 1948 515 1973 tum
527 1943 748 1982 cognovisse,
764 1952 867 1982 quum

235 1993 269 2020 et
299 1990 469 2028 prudente
505 1988 722 2019 moderatore
751 1991 868 2018 utatur

235 2038 268 2065 et
295 2035 371 2074 ipsa
396 2034 481 2065 bene
509 2035 670 2064 instituta
690 2034 757 2075 sit3
779 2033 866 2063 alio-

236 2079 319 2119 quin
357 2079 447 2110 enim
491 2088 635 2119 pravum
680 2079 866 2108 extiturum

236 2134 310 2155 esse
353 2125 396 2155 de
441 2134 482 2155 ea
525 2124 701 2155 iudicium.
763 2122 866 2160 Quod

235 2169 373 2209 quidem
398 2169 562 2201 transfert
595 2169 639 2200 ad
663 2168 866 2208 compotati-

235 2222 333 2253 ones,
346 2214 388 2246 de
413 2225 559 2254 quarum
581 2214 731 2245 utilitate
757 2213 863 2244 'nemi-

235 2269 312 2290 nem
351 2260 539 2290 arbitratur
583 2264 676 2290 reete
713 2263 864 2289 statuere

234 2313 354 2344 posse,
380 2306 438 2344 qui
471 2315 528 2336 eas
559 2305 687 2335 viderit
716 2308 863 2335 tantum-

234 2349 338 2381 modo
363 2351 532 2389 prudente
557 2351 725 2390 magistro
744 2359 862 2380 caren-

233 2399 286 2426 tes
310 2398 412 2435 atque
426 2395 694 2435 intemperanter
708 2395 862 2432 habitas3

234 2444 327 2471 recte
384 2441 630 2480 sapienterque
688 2441 867 2471 institutas

233 2494 411 2525 nunquam
448 2485 584 2516 viderit.
645 2485 721 2516 Hoc
760 2485 867 2525 igitur

235 2530 419 2560 universae
470 2531 718 2570 disputationis
765 2538 868 2568 argu-

237 2578 389 2605 mentum
415 2579 478 2606 est.
523 2574 599 2606 Iam
615 2585 699 2606 vero
725 2576 806 2606 illuc
830 2578 868 2604 ut

237 2620 475 2660 perveniatur,
531 2620 751 2652 Atheniensis
811 2619 866 2650 his

237 2665 347 2697 utitur
388 2665 565 2706 exemplis.
626 2665 781 2697 Primum
823 2664 866 2696 de

930 1040 1043 1080 capris
1078 1040 1247 1079 ostendit,
1273 1049 1349 1071 eum
1359 1062 1368 1079 ,
1395 1040 1453 1080 qui
1482 1040 1561 1071 illas

930 1086 1061 1126 pariter
1092 1089 1195 1125 atque
1227 1095 1328 1116 omne
1349 1094 1454 1125 pecus
1481 1095 1559 1125 pro-

930 1135 1030 1162 tenus
1064 1131 1242 1170 >vituperet
1284 1139 1324 1161 ae
1371 1130 1562 1171 vilipendat

930 1176 1023 1215 ideo,
1040 1176 1122 1216 quia
1145 1184 1203 1206 eas
1217 1175 1407 1215 aliquando
1425 1176 1562 1214 viderit,

930 1221 1027 1252 nullo
1061 1225 1202 1260 pastore
1232 1220 1317 1252 duee
1326 1244 1335 1259 ,
1359 1221 1466 1252 libere
1490 1221 1563 1251 dis-

929 1267 1087 1307 palantes
1122 1270 1225 1306 atque
1264 1275 1368 1306 agros
1409 1266 1562 1297 consitos

931 1316 965 1343 et
1007 1311 1093 1342 bene
1130 1311 1240 1342 cultos
1289 1311 1413 1342 misere
1457 1311 1562 1351 depa-

933 1361 1066 1388 scentes
1077 1379 1085 1395 ,
1111 1360 1333 1396 praepostere
1369 1360 1402 1387 et
1446 1356 1564 1396 inepte

933 1411 1006 1433 esse
1056 1402 1299 1432 iudicaturum.
1365 1401 1432 1432 lam
1480 1411 1562 1431 vero

932 1448 1128 1487 disputator
1151 1447 1266 1486 pergit
1305 1446 1368 1476 sio:
1418 1445 1445 1476 Β
1457 1455 1476 1476 o
1485 1456 1506 1476 n
1515 1456 1535 1476 u
1546 1456 1562 1476 s

932 1502 1033 1523 vero
1059 1492 1185 1523 navis
1202 1501 1264 1522 mo
1276 1492 1297 1522 d
1309 1494 1452 1522 erator
1468 1501 1562 1521 num

931 1538 966 1568 is
1000 1541 1082 1576 est,
1112 1537 1186 1577 qui
1220 1541 1358 1567 artem
1390 1536 1561 1576 quidem

932 1583 1150 1613 nauticam
1168 1581 1392 1620 tenet‚sed
1409 1581 1562 1612 itidem

931 1636 1102 1659 nausea
1126 1627 1324 1658 laborat?
1355 1627 1443 1657 Aut
1465 1635 1562 1657 num

931 1673 967 1703 is
993 1672 1211 1703 estbonus
1227 1672 1447 1702 exereitus
1466 1671 1561 1711 dux,

934 1718 1006 1758 qui
1031 1727 1153 1758 quum
1179 1718 1238 1748 sit
1270 1717 1319 1748 ad
1350 1717 1561 1756 imperan-

933 1763 1028 1793 dum
1051 1762 1252 1798 idoneus,
1265 1761 1472 1793 tamenin
1496 1771 1561 1802 pe-

932 1808 1090 1839 riculis
1119 1807 1296 1838 timidus
1322 1810 1387 1837 est
1412 1810 1451 1836 et
1473 1809 1562 1837 tan-

934 1862 1051 1894 quam
1075 1861 1177 1892 prae
1193 1855 1329 1882 metus
1346 1851 1564 1882 ebrietate

932 1897 1149 1929 nauseat?
1222 1897 1278 1927 Et
1334 1906 1477 1928 nonne
1523 1897 1562 1927 is

933 1944 1107 1974 omnino
1147 1952 1311 1982 pravus
1362 1945 1446 1981 est,
1489 1942 1562 1982 qni

934 1998 1058 2028 quum
1093 1992 1227 2019 artem
1270 1997 1353 2018 non
1398 1990 1563 2026 teneat,

933 2039 1020 2064 tum
1045 2034 1175 2064 etiam
1199 2032 1384 2072 ignavia
1416 2032 1561 2071 oppri-

933 2079 984 2109 mi
995 2082 1034 2108 tu
1046 2079 1084 2109 r?
1132 2077 1229 2115 Quae
1260 2086 1425 2117 quorsum
1456 2077 1562 2117 perti-

932 2127 1054 2163 neant,
1079 2124 1143 2155 etsi
1170 2123 1283 2162 primo
1308 2122 1472 2162 adspectu
1490 2121 1561 2152 :dif-

931 2169 1021 2200 ficile
1046 2172 1098 2199 est
1121 2167 1277 2206 definire,
1301 2171 1417 2198 tamen
1443 2176 1480 2197 re
1505 2177 1561 2198 ac-

931 2214 1082 2246 curatius
1099 2222 1269 2254 perpensa
1286 2213 1419 2242 videbis
1439 2211 1561 2243 referri

930 2269 985 2297 eo,
1018 2263 1057 2289 ut
1080 2260 1246 2297 cuiusque
1280 2258 1456 2288 societatis
1486 2267 1559 2288 mo-

929 2305 1089 2336 deratore
1097 2315 1128 2335 m
1141 2326 1149 2341 ‚
1180 2306 1419 2343 praeterquam
1451 2316 1454 2320 -
1467 2303 1559 2342 quod

929 2350 1091 2380 idoneam
1105 2349 1231 2380 habeat
1248 2348 1438 2386 scientiam,
1457 2348 1559 2378 etiam

930 2396 1052 2425 mentis
1083 2404 1165 2425 suae
1191 2397 1384 2432 compotem
1408 2396 1441 2423 et
1464 2392 1559 2423 nulia

932 2440 1043 2471 morbi
1078 2439 1223 2470 alieuius
1263 2443 1322 2469 aut
1351 2438 1558 2478 perturbati-

933 2486 1008 2516 onis
1033 2485 1067 2515 vi
1096 2484 1324 2524 inquietatum
1357 2493 1431 2514 esse
1456 2492 1559 2522 opor·

931 2534 1003 2561 tere
1028 2530 1204 2560 doceatur.
1232 2528 1359 2559 Verum
1381 2531 1461 2558 sunt
1474 2527 1558 2558 haee

931 2576 1047 2607 omnia
1070 2578 1140 2605 tam
1164 2574 1309 2605 obscure
1336 2577 1473 2612 tamque
1499 2573 1558 2603 ab·

930 2625 1029 2660 rupte
1055 2620 1224 2660 exposita,
1247 2623 1286 2649 ut
1309 2619 1367 2649 vix
1392 2617 1458 2648 huo
1483 2626 1558 2657 spe-

931 2669 1023 2698 ctare
1048 2665 1242 2696 videantur.
1288 2662 1459 2695 Nimirum
1483 2672 1558 2703 per-
