1612 2872
355 923 1111 999 ARGUMENTUM

495 1062 672 1097 unul
696 1060 965 1100 QUARTI.

57 1217 168 1297 'nde
200 1255 254 1297 ab
295 1255 425 1297 huius
465 1255 565 1297 libri
593 1255 719 1298 initio
750 1255 835 1299 iam
864 1255 1187 1312 transgreditur
1216 1254 1414 1312 disputa-

53 1313 117 1355 tio
154 1311 211 1355 ad
249 1313 390 1369 ipsam
434 1312 677 1366 civitatem,
729 1328 840 1368 quae
879 1327 1031 1354 revera
1068 1312 1299 1355 condenda
1338 1314 1411 1369 sit,

54 1370 116 1412 ita
155 1369 345 1425 quidem,
386 1376 437 1411 ut
466 1368 522 1411 ad
573 1370 791 1424 perfectae
840 1369 1031 1412 civitatis
1083 1369 1413 1414 similitudinem

54 1441 185 1482 quam
229 1427 426 1482 proxime
466 1425 660 1469 accedat.
729 1425 863 1480 Quod
912 1425 1086 1482 quidem
1135 1427 1198 1468 ita
1244 1427 1318 1483 fit,
1361 1434 1413 1471 ut

85 1483 240 1525 rimum
271 1483 605 1526 considerentur
633 1488 837 1525 externae
859 1482 1159 1538 conditiones,
1202 1484 1283 1526 sub
1315 1485 1412 1539 qui·-

53 1502 135 1584 {ug
180 1555 232 1582 ea
271 1541 412 1596 possit
450 1539 624 1582 fundari
669 1540 772 1595 (IV.
809 1556 852 1596 p.
884 1541 978 1584 704.
1009 1542 1066 1582 A.
1097 1566 1153 1571 —
1186 1542 1283 1585 712.
1314 1542 1410 1598 Α.),

53 1596 211 1640 deinde
253 1613 356 1640 vero
387 1597 602 1654 principia
631 1596 800 1652 legum,
846 1611 958 1652 quae
998 1597 1039 1639 ei
1067 1597 1274 1641 ferendae
1304 1598 1409 1653 sint,

51 1654 351 1709 disquirantur
402 1653 508 1710 (IV.
547 1669 590 1710 p.
621 1655 717 1696 712.
760 1654 817 1696 A.
849 1679 903 1684 —
934 1653 991 1697 V.
1023 1655 1119 1697 734.
1150 1654 1225 1710 E.)
1276 1662 1409 1712 atque

51 1717 339 1766 exponantur.
350 1711 362 1764 ζ

169 1768 411 1822 Postquam
451 1765 566 1809 enim
605 1765 772 1810 Clinias
812 1765 1037 1809 Cretensis
1068 1772 1262 1810 extremo
1293 1768 1407 1812 libro

51 1824 276 1880 superiore
305 1823 530 1880 professus
578 1829 661 1876 est,
697 1823 779 1865 sibi
809 1822 856 1864 id
887 1823 1077 1865 muneris
1122 1825 1298 1880 publice
1331 1825 1409 1867 da-

50 1888 144 1924 tum
194 1896 312 1934 esse,
355 1886 406 1923 ut
443 1878 616 1922 colonia
655 1878 913 1925 deducenda
943 1890 1076 1934 atque
1107 1896 1221 1923 nova
1250 1882 1408 1926 civitas

51 1938 280 1981 condenda
309 1937 567 1994 legibusque
597 1935 853 1978 instruenda
883 1935 964 1987 sit3
1003 1936 1287 1979 Atheniensis
1318 1939 1407 1994 pri-

50 2012 167 2038 mum
208 1994 262 2037 de
293 1995 379 2038 situ
411 1999 454 2035 et
483 1998 640 2035 natura
668 1992 753 2034 loci
783 1992 1056 2047 sciscitatur,
1096 1993 1173 2036 ubi
1211 1994 1407 2038 futurum

27 2053 109 2095 *sit
127 2059 177 2096 ut
202 2052 358 2096 civitas
379 2050 599 2093 fundetur.
631 2048 887 2105 Respondet
911 2048 1152 2106 Cretensis,
1180 2052 1406 2108 regionem

51 2111 144 2153 fore
183 2125 272 2152 non
311 2108 568 2151 maritimam
618 2104 698 2148 sed
744 2105 1128 2162 mediterraneam,
1177 2109 1406 2166 octoginta

50 2167 140 2209 fere
171 2165 311 2209 stadia
341 2181 366 2208 a
395 2164 504 2208 mari
535 2163 790 2214 distantem
823 2168 977 2219 portus
1007 2169 1151 2206 tamen
1181 2164 1225 2207 in
1255 2165 1402 2209 littore

50 2224 247 2281 quamvis
286 2223 517 2266 remotiore
560 2225 796 2275 suppetere
843 2219 950 2262 satis
999 2220 1265 2266 commodos.
1330 2222 1402 2266 Ex

50 2281 208 2337 quibus
252 2279 361 2321 illud
408 2277 560 2322 laudat
622 2276 928 2330 Atheniensis,
985 2276 1070 2319 hoc
1132 2292 1236 2321 vero
1290 2285 1400 2322 tam-

50 2353 180 2395 quam
207 2337 398 2379 moribus
447 2333 740 2392 perniciosum
788 2333 1088 2389 abominatur,
1138 2349 1399 2392 quamquam

50 2395 171 2451 quod
213 2392 410 2436 nonnihil
451 2408 477 2435 a
515 2390 623 2433 mari
672 2389 830 2444 distet,
871 2389 919 2431 id
961 2397 1111 2434 censet
1148 2406 1242 2436 esse
1282 2394 1398 2437 eius-

50 2450 192 2505 modi,
250 2455 300 2492 ut
364 2449 510 2503 vitiis,
585 2461 697 2503 quae
741 2452 984 2489 mercatura
1038 2446 1191 2492 afferre
1245 2450 1397 2505 soleat,

49 2523 139 2550 non
179 2506 354 2550 omnino
390 2505 529 2549 facilis
581 2505 639 2546 sit
689 2503 895 2546 accessio.
969 2503 1203 2548 Praeterea
1248 2514 1399 2549 narrat

50 2564 242 2618 Clinias,
290 2563 432 2605 locum
487 2575 628 2604 novae
675 2559 843 2602 civitati
891 2558 1156 2605 destinatum
1203 2564 1397 2606 omnium

49 2636 192 2664 rerum
231 2619 287 2662 ad
334 2619 468 2662 vitam
514 2615 856 2660 necessariarum
895 2618 1001 2661 satis
1054 2634 1151 2662 esse
1189 2620 1394 2672 feracem,

95 2705 183 2736 piat.
211 2701 302 2741 ΟΡΡ.
333 2703 404 2736 Vni.
431 2703 474 2736 X.
501 2701 596 2735 Sem.
623 2704 647 2738 1.
1071 2701 1127 2741 24
