1612 2872
497 111 581 153 DE
615 107 893 153 LEGIBUS
929 115 1010 151 etc.
1293 107 1426 150 CXV

0 243 4 272 ÷
66 227 270 278 civitate,
315 238 367 266 ea
398 224 543 266 omnia
570 224 838 280 reipublicae
866 223 1078 265 salutaria
1115 221 1204 264 sint
1241 235 1422 264 necesse

0 286 3 332 ξ
65 289 159 337 est,
199 281 407 336 quoniam
447 296 473 323 a
520 281 793 337 sapientibus
833 280 1175 336 proficiscuntur
1212 278 1421 321 consiliis.

0 365 3 386 ,s
63 340 189 382 Haec
229 338 366 395 igitur
405 337 533 380 Plato
572 338 617 379 in
656 337 844 380 Politico
883 336 937 379 de
989 335 1180 391 sapienti
1227 336 1421 378 civitatis

62 396 371 453 gubernatore.
434 396 476 436 A
508 394 669 450 quibus
698 394 897 451 profecto
927 392 1034 435 nihil
1065 393 1155 434 fere
1185 392 1423 434 abhorrent

63 467 174 508 quae
204 452 249 493 in
280 451 480 508 Legibus
523 457 775 494 statuuntur
813 450 868 492 de
906 457 1094 507 tyranno
1132 449 1242 503 isto,
1293 464 1421 504 quem

63 509 120 552 ad
150 509 271 566 leges
299 509 343 549 in
373 508 598 550 civitatem
626 506 973 549 introducendas
1015 506 1071 548 ad
1102 505 1285 561 aliquod
1311 512 1422 548 tem-

93 580 146 608 us
178 571 431 621 exoptatum
461 565 555 606 fore
582 563 817 620 significat.
887 562 1006 605 Illud
1047 578 1182 605 unum
1223 562 1423 604 nonnihil

62 582 195 664 iiabet
224 620 609 674 dissimilitudinis,
642 619 760 675 quod
790 619 862 662 hic
891 635 981 662 non
1012 626 1310 662 consummata
1337 620 1424 662 ista

62 679 200 735 pollet
229 678 470 734 sapientia,
511 692 599 733 qua
660 677 849 719 erfectus
889 676 961 718 ille
993 676 1061 717 vir
1090 676 1231 718 civilis
1261 677 1306 718 in
1335 677 1423 719 Po-

62 736 183 778 litico
224 743 291 777 est
331 734 531 791 insignis.
611 693 846 776 Enimvero
884 733 929 775 in
967 732 1169 789 Legibus
1209 732 1265 774 ad
1302 733 1422 776 istud

61 792 254 849 negotii,
306 791 424 847 quod
465 789 764 847 peragendum
804 789 1046 843 iudicatur,
1085 789 1312 845 perfectus
1349 805 1420 832 sa-

62 850 189 906 piens
229 848 405 890 minime
456 848 731 896 necessarius
781 848 887 902 fuit,
938 846 1016 890 sed
1062 847 1208 903 potius
1251 862 1326 888 rex
1365 847 1421 889 iis

62 905 298 949 virtutibus
328 905 569 958 excellens,
613 919 722 959 quas
752 911 883 947 antea
911 904 966 946 ab
995 904 1095 959 ipso
1125 903 1289 959 requiri
1321 919 1421 946 nar-

62 963 266 1005 ravimus.
336 961 614 1017 Quamquam
650 960 813 1004 ibidem
851 960 908 1003 ad
936 961 1131 1004 civitatis
1167 961 1421 1003 felicitatem

63 1019 282 1062 iudicatur
312 1020 442 1061 etiam
482 1019 621 1061 multo
663 1019 936 1060 fructuosius
968 1018 1088 1070 fore,
1130 1018 1166 1060 si
1210 1019 1306 1074 ipse
1344 1033 1422 1060 rex

65 1091 240 1132 quoque
282 1091 334 1118 ea
373 1076 561 1118 excellat
602 1075 842 1132 sapientia,
885 1090 1016 1130 quam
1056 1074 1252 1130 alioquin
1293 1076 1422 1130 quasi

63 1139 257 1176 mutuam
294 1147 466 1175 sumere
503 1132 559 1175 ab
601 1147 654 1174 eo
699 1132 880 1187 debeat,
932 1132 1004 1175 cui
1043 1132 1162 1189 leges
1200 1132 1423 1187 sapienter

64 1190 252 1246 scriptae
285 1196 493 1246 acceptae
519 1189 779 1231 referantur.

178 1247 345 1288 Verum
384 1246 490 1289 satis
527 1245 636 1288 haec
674 1245 729 1288 de
766 1251 883 1288 statu
914 1251 958 1287 et
986 1245 1198 1302 regimine
1228 1245 1421 1288 civitatis

64 1304 109 1346 in
138 1303 335 1360 Legibus
375 1302 579 1346 conditae
619 1301 761 1358 deque
798 1301 998 1356 iudiciis,
1041 1317 1154 1357 quae
1192 1302 1254 1345 ibi
1290 1317 1423 1360 super

65 1360 196 1403 variis
226 1359 494 1416 reipublicae
537 1359 690 1402 formis
731 1365 1063 1416 expromuntur.
1136 1359 1421 1402 Demonstra-

64 1424 155 1460 tum
194 1417 334 1471 enim,
373 1417 552 1473 opinor,
605 1415 781 1459 abunde
821 1422 911 1470 est,
950 1414 1059 1460 nihil
1101 1430 1200 1458 esse
1236 1416 1421 1459 istorum

66 1474 280 1527 omnium,
314 1474 433 1528 quod
463 1489 551 1516 non
585 1473 761 1530 egregie
791 1473 1025 1516 conveniat
1055 1487 1154 1515 cum
1183 1473 1261 1527 iis,
1308 1489 1421 1530 quae

68 1531 194 1574 Plato
232 1531 277 1572 in
316 1531 412 1573 aliis
461 1530 585 1573 libris
625 1529 679 1572 de
723 1530 792 1572 his
836 1530 967 1572 rebus
1017 1528 1285 1586 disputavit3
1333 1531 1422 1574 imo

67 1588 196 1630 etiam
227 1587 465 1630 clarissime
497 1602 709 1643 apparere
740 1586 1016 1641 arbitramur,
1048 1586 1197 1644 Leges
1219 1602 1318 1630 cum
1334 1588 1420 1631 Po-

65 1644 159 1687 litia
189 1644 387 1687 Platonis
414 1649 504 1686 tam
533 1650 654 1686 arcto
684 1643 919 1686 cohaerere
947 1642 1140 1699 vinculo,
1170 1650 1221 1689 ut
1238 1645 1422 1689 alterum

68 1715 179 1758 opus
209 1701 332 1744 alteri
361 1716 450 1744 non
480 1700 612 1743 modo
643 1715 732 1743 non
761 1699 1043 1755 adversetur,
1085 1700 1162 1744 sed
1193 1702 1324 1746 etiam
1353 1702 1419 1746 in-

69 1758 226 1800 teriore
254 1757 442 1813 quadam
473 1757 796 1801 necessitudine
825 1757 1106 1801 coniunctum
1139 1758 1208 1803 sit.

623 2035 748 2111 Gap.
790 2036 874 2095 ΙΧ.

96 2155 168 2192 De
194 2156 374 2206 civium
399 2158 536 2193 statu
562 2159 614 2193 et
644 2158 937 2192 condicione
970 2156 1308 2203 imprimisque
1333 2161 1397 2196 de

150 2213 414 2259 disciplina
441 2216 493 2250 et
518 2215 830 2250 institutione
856 2215 904 2249 in
933 2214 1112 2260 megum
1137 2215 1349 2253 civitate

595 2272 879 2308 Platonica.

186 2378 351 2421 Verum
389 2379 473 2423 hoc
504 2379 651 2436 ipsum
691 2381 823 2423 etiam
872 2379 1095 2435 aliquanto
1143 2381 1305 2425 certius
1352 2383 1418 2425 in-

72 2433 295 2477 tellectum
322 2436 376 2477 iri
413 2451 666 2492 speramus,
704 2437 780 2480 ubi
821 2437 908 2479 alia
945 2435 1160 2492 quaedam
1201 2439 1420 2482 examina—

72 2490 260 2533 verimus
290 2491 482 2535 civitatis
514 2493 770 2536 Platonicae
799 2494 1015 2536 instituta.
1076 2493 1306 2551 Pergimus
1336 2497 1420 2554 igi-

72 2551 142 2588 tur
168 2547 224 2588 ad
254 2548 616 2599 considerandum
647 2557 808 2593 statum
840 2551 998 2594 civium
1017 2552 1419 2609 contemplandam-

73 2616 158 2657 que
188 2618 336 2647 eorum
369 2606 673 2650 educationem
713 2614 846 2663 atque
878 2606 1170 2664 disciplinam.
1238 2609 1292 2651 In
1333 2625 1420 2664 qua

74 2673 117 2701 re
154 2661 382 2704 tractanda
420 2663 483 2706 ita
522 2665 815 2718 versabimur,
856 2670 904 2706 ut
948 2664 1155 2720 deinceps
1195 2666 1325 2707 etiam
1365 2665 1418 2707 de

1041 2742 1136 2783 H.
