1612 2872
212 77 273 118 Vl
671 79 703 117 P
712 79 784 119 ΗΑ
796 78 1028 120 EFATIO.

213 188 422 243 quendam
453 189 716 244 putavimus,
747 194 889 229 tamen
928 189 1027 231 item
1064 205 1141 245 pro
1171 192 1348 234 consilio
1381 199 1529 235 nostro

212 251 255 285 et
282 244 467 286 instituti
496 244 659 285 ratione
684 243 875 285 nonnihil
894 243 992 286 inde
1015 245 1274 290 defleximus.
1313 248 1409 290 Nec
1429 264 1531 291 vero

210 299 255 341 id
291 315 405 341 nunc
442 299 609 340 demum
646 299 706 339 ita
750 299 955 354 fecimus,
1006 301 1082 343 sed
1120 302 1204 343 iam
1248 303 1349 345 inde
1387 305 1439 346 ab
1480 320 1529 346 eo

210 362 398 410 tempore
429 354 668 396 faciendum
699 354 994 409 iudicavimus,
1016 372 1100 411 quo
1129 358 1310 412 primum
1339 361 1531 402 universi

211 411 403 453 Platonis
442 410 754 451 commentariis
786 412 1006 466 perpetuis
1036 413 1277 455 illustrandi
1308 416 1531 457 consilium

210 467 436 509 subnatum
469 472 545 507 est.
605 465 718 507 Nam
749 482 878 521 quum
908 469 952 509 in
982 469 1195 522 prioribus
1227 470 1528 525 voluminibus,

211 537 319 576 quae
350 522 529 562 arctiore
558 520 740 575 quadam
770 537 865 564 cum
888 524 1158 567 Bibliotheca
1186 524 1356 568 Graeca
1383 542 1532 569 neces-

210 577 395 620 situdine
431 578 773 631 continerentur,
821 579 879 620 ita
915 581 1073 622 versati
1103 596 1316 635 essemus,
1356 590 1405 624 ut
1445 599 1531 625 non

209 633 336 674 modo
375 633 593 674 hominum
624 632 843 676 doctrinae
882 635 1133 678 liberalioris
1172 637 1323 680 studiis
1361 638 1528 680 dedito—

209 705 324 742 rum,
357 689 433 730 sed
472 690 599 729 etiam
629 691 942 744 provectiorum
972 691 1320 747 adolescentium,
1353 695 1425 748 qui
1455 695 1530 735 ali·-

210 760 335 800 quam
379 760 474 786 cum
514 745 768 800 philosopho
806 754 952 788 nostro
991 748 1317 790 familiaritatem
1361 757 1529 791 contra-

208 801 307 842 here
336 801 506 854 vellent,
537 799 760 844 desideriis
791 803 1105 858 consuleretur,
1144 804 1327 859 ideoque
1357 806 1531 847 statuis-

208 872 372 910 semus,
403 857 463 897 rei
495 856 667 898 criticae
692 859 829 900 minus
858 857 957 900 duci
984 861 1191 902 rationem
1220 868 1437 917 oportere,
1468 862 1531 903 in-

208 913 503 967 terpretationi
543 918 684 954 autem
719 914 994 970 praecipuum
1033 916 1173 958 locum
1211 932 1303 959 esse
1342 917 1530 959 tribuen-

209 964 332 1022 dum,
378 975 426 1010 ut
455 982 509 1010 ne
540 983 590 1009 ea
619 968 792 1023 quidem
822 969 1056 1012 omittenda
1085 979 1242 1026 essent,
1274 987 1382 1027 quae
1411 973 1530 1015 iuve—

208 1023 364 1066 nilibus
389 1025 542 1066 studiis
573 1024 776 1079 prodesse
805 1040 932 1080 posse
961 1024 1226 1079 viderentur3
1257 1035 1348 1070 tum
1379 1035 1531 1084 postea

208 1087 369 1122 mutato
408 1081 586 1122 consilio
625 1081 805 1136 amplius
836 1081 1037 1136 quiddam
1074 1090 1265 1139 spectare
1295 1085 1528 1139 coepimus,

209 1136 552 1190 quandoquidem
598 1143 641 1177 et
678 1137 849 1178 criticae
887 1139 1150 1180 annotationi
1182 1140 1316 1181 maius
1348 1141 1531 1195 spatium

209 1193 497 1234 concessimus
540 1198 582 1234 et
619 1192 662 1233 in
699 1193 1021 1248 interpretando
1051 1210 1136 1236 non
1175 1195 1257 1237 iam
1295 1195 1530 1238 iuventutis

208 1248 482 1304 praecipuam
520 1248 729 1305 gessimus
768 1264 937 1303 curam,
979 1249 1056 1291 sed
1093 1264 1202 1292 unos
1243 1253 1424 1292 maxime
1476 1253 1530 1294 ob

209 1305 356 1346 oculos
386 1305 610 1346 habuimus
648 1304 842 1346 homines
872 1304 1068 1347 doctrina
1098 1312 1141 1347 et
1169 1306 1428 1348 humanitate
1460 1324 1531 1349 ex-

208 1360 345 1403 cultos
386 1375 545 1415 eosque
575 1375 661 1401 non
691 1360 861 1415 quidem
891 1360 1041 1403 doctos
1070 1361 1326 1418 philologos,
1353 1369 1397 1404 at
1426 1363 1531 1405 libe-

207 1415 373 1458 ralioris
403 1424 518 1458 certe
549 1415 789 1470 doctrinae,
820 1417 957 1470 qualis
986 1417 1180 1474 legendis
1209 1425 1397 1460 veterum
1428 1419 1531 1461 scri-

207 1472 293 1528 ptis
325 1482 608 1529 comparatur,
623 1478 811 1514 amantes
842 1479 968 1528 atque
1009 1473 1203 1529 cupidos.
1262 1473 1532 1530 Quamquam

206 1529 329 1569 fateri
359 1527 529 1581 licebit,
573 1527 759 1569 voluisse
788 1543 866 1570 nos
898 1544 1064 1585 semper
1092 1529 1217 1574 etiam
1257 1529 1395 1571 doctis
1436 1531 1530 1587 phi-

206 1584 362 1640 lologis
401 1584 591 1626 nonnihil
631 1583 850 1641 prodesse,
882 1584 1230 1640 quandoquidem
1259 1586 1438 1628 maxime
1468 1588 1531 1628 in-

206 1641 553 1696 terpretationem
599 1655 689 1681 eam
721 1655 889 1695 semper
918 1655 1011 1682 esse
1040 1641 1266 1693 voluimus,
1299 1657 1409 1695 quae
1439 1641 1531 1684 ido-

206 1696 296 1738 neis
324 1696 502 1749 caussis,
534 1696 660 1738 certis
690 1697 951 1752 argumentis
981 1703 1024 1738 et
1051 1697 1311 1751 rationibus,
1343 1695 1529 1751 denique

207 1752 355 1805 etiam,
397 1752 535 1794 sicubi
576 1767 684 1807 opus
725 1758 859 1805 esset,
903 1752 1213 1794 luculentorum
1244 1753 1530 1808 exemplorum

205 1822 256 1850 ac
284 1808 624 1850 testimoniorum
646 1808 968 1850 confirmatione
997 1809 1223 1860 niteretur3
1256 1809 1372 1863 quali
1401 1810 1530 1851 inter-

205 1865 443 1918 pretatione
479 1865 602 1906 nobis
642 1863 766 1919 plane
805 1865 1093 1919 persuasimus
1123 1864 1228 1906 nihil
1257 1880 1350 1906 esse
1380 1872 1528 1920 poten-

204 1919 288 1961 tius
318 1926 444 1974 atque
475 1919 692 1962 efficacius
723 1919 777 1961 ad
805 1935 976 1962 sensum
1005 1920 1094 1962 veri
1122 1927 1249 1974 atque
1279 1921 1415 1977 pulcri
1445 1922 1529 1962 for-

206 1975 431 2029 mandum,
462 1977 506 2016 in
536 1991 621 2030 quo
651 1991 736 2017 uno
768 1975 951 2031 denique
982 1977 1117 2018 omnis
1149 1975 1404 2032 philolocriae
1434 1976 1527 2017 laus

207 2032 385 2072 maxime
416 2032 623 2082 consistit.
685 2029 773 2074 Sed
800 2038 1061 2073 revertamur
1089 2030 1204 2085 illuc,
1236 2012 1348 2073 und⁵e
1379 2032 1527 2087 paulu—

205 2086 292 2127 lum
342 2087 516 2128 deflexit
564 2087 712 2129 oratio.
790 2086 1019 2144 Coepimus
1056 2087 1190 2143 igitur
1227 2087 1448 2142 paullatim
1487 2095 1529 2129 et

206 2142 395 2183 criticam
425 2143 632 2184 rationem
662 2150 704 2184 et
733 2143 1123 2199 interpretationem
1153 2142 1197 2183 in
1235 2143 1313 2184 hac
1343 2142 1527 2185 editione

205 2208 351 2238 nostra
393 2199 514 2239 aliter
553 2214 700 2254 regere
739 2205 782 2240 et
819 2199 1028 2241 moderari
1066 2206 1194 2253 atque
1232 2199 1284 2240 ab
1314 2199 1433 2240 initio
1466 2200 1527 2240 fa-

206 2259 320 2294 ctum
369 2260 481 2306 erat,
532 2268 709 2306 eamque
766 2256 1061 2297 universorum
1107 2270 1282 2310 operum
1335 2255 1525 2296 Platonis

205 2308 464 2350 edendorum
513 2310 691 2350 consilio
739 2312 1080 2365 gravissimorum
1118 2311 1303 2351 virorum
1341 2312 1526 2352 auctori-

203 2370 290 2405 tate
320 2372 445 2420 capto
476 2365 875 2409 accommodandam
905 2381 998 2408 esse
1026 2365 1322 2407 iudicavimus.
1381 2369 1528 2420 Atque

203 2419 314 2460 idem
346 2421 471 2462 etiam
500 2421 543 2460 in
572 2420 638 2462 his
669 2421 834 2476 Legum
863 2423 1006 2474 libris,
1037 2422 1161 2464 sicuti
1192 2428 1524 2463 consentaneum

203 2476 298 2528 fuit,
330 2488 477 2530 usque
497 2476 667 2529 sequuti
695 2491 852 2520 sumus.
916 2477 1185 2531 Quamquam
1214 2477 1364 2518 horum
1394 2478 1525 2519 libro-

203 2546 294 2572 rum
335 2532 466 2574 editio
506 2532 634 2572 etiam
672 2531 794 2574 aliter
830 2535 974 2589 paullo
1014 2533 1275 2575 instituenda
1312 2549 1404 2575 esse
1435 2534 1526 2574 visa

201 2594 281 2630 est.
349 2588 460 2629 N-am
500 2602 630 2640 quum
669 2587 751 2628 alia
799 2590 988 2632 Platonis
1027 2589 1186 2644 scripta
1225 2590 1328 2631 satis
1358 2589 1524 2644 integra
