1612 2872
157 113 237 156 DE
270 111 548 157 LEGIBUS
578 111 694 155 LIB.
728 110 812 154 111.
846 110 894 153 P.
928 110 1022 153 691.
1047 110 1143 153 692.
1177 107 1242 153 St.

1304 109 1385 152 315

40 233 256 287 μέλλοντα
290 232 523 289 προορῶν,
561 227 889 285 δίδυμονὺμῖν
923 228 1145 287 φυτεύσας
1180 224 1263 279 τὴν
1298 228 1386 269 τῶν

40 301 254 355 βασιλέων
285 303 453 352 γένεσιν
483 303 529 342 ἐκ
562 299 855 354 μονογενοῦς,
888 301 947 348 εἰς
978 294 1028 340 τὸ
1063 301 1243 352 μέτριον
1278 295 1391 349 μᾶλ-
1431 289 1469 332 Ε

41 370 123 412 λον
156 369 409 411 συνέστειλε.
445 368 516 409 καὶ
552 363 662 422 μετὰ
701 367 835 407 τοῦτο
872 368 931 408 ἔτι
967 361 1098 422 φύσις
1117 379 1182 414 τις
1203 360 1388 419 ἀνθρω-

41 437 145 488 πίνη
188 440 425 490 μεμιγμένη
470 437 578 489 θείᾳ
615 435 697 476 τινὶ
736 430 944 485 ὁυνοὶμει,

991 432 1233 474 κατιδοῦσα
1263 429 1389 484 ὑμῶν

40 499 123 554 τὴν
157 499 302 557 ἀρχὴν
336 504 694 560 φλεγμαίνουσαν
731 503 805 549 ἔτι,
842 503 1016 555 μίγνυσι
1044 496 1128 550 τὴν
1162 496 1276 541 κατὰ
1312 500 1390 553 γῆ-

40 587 121 624 ρας
155 570 367 628 σώφρονα
403 568 592 624 δύναμιν
628 570 678 620 τῇ
714 565 829 610 κατὰ
863 572 989 620 γένος
1020 565 1215 608 αὑθαδει
1249 564 1385 627 ῥώμῃ,
1418 582 1500 624 (392

41 635 122 689 τὴν
156 638 246 679 τῶν
279 634 392 680 ὀκτὼ
429 639 501 679 καὶ
538 636 669 678 εἴκοσι
708 633 929 691 γερόντων
966 631 1198 692 ἰσόψηφον
1235 637 1294 683 εἰς
1329 631 1386 676 τὰ

41 837 61 859 a
92 826 212 860 Bastio
244 826 360 859 edocti
391 836 525 860 sumus.
572 826 610 858 Is
643 825 735 858 enim
771 834 845 856 earn
877 834 919 856 ex
946 833 1015 855 uno
1043 822 1130 855 Ven.
1156 822 1195 856 Ξ.
1222 824 1388 862 enotavit,

42 873 104 906 sed
134 873 278 905 Parisini
305 875 331 905 Α
358 877 395 905 et
421 872 459 905 B.
485 873 638 914 itemque
662 872 744 904 Vnt
767 867 807 902 Ω.
833 880 909 903 cum
937 868 1103 912 Stephani
1129 868 1278 901 lectione
1303 879 1388 901 con·

43 920 236 952 sensionem
259 917 390 961 liquido
414 922 563 951 testatus
588 922 653 951 est.
700 917 774 950 Nec
797 926 881 949 vero
905 926 948 949 ex
975 916 1075 948 Voss.
1102 914 1193 948 istud
1219 911 1306 947 εἶναι
1329 925 1387 948 en-

42 970 209 998 notntum.
239 965 426 998 Praeterea
451 974 515 996 nee
540 975 628 998 unus
644 963 854 1006 Stephanus,
879 962 979 995 sicuti
998 962 1176 995 Bekkerus
1203 962 1388 1004 signifieat,

48 1009 147 1049 Θεὸς,
171 1011 284 1052 οἶμαι,
311 1008 516 1053 κηδόμενος,
547 1011 710 1052 scriptum
738 1009 854 1048 dedit,
881 1008 942 1041 sed
969 1012 1024 1041 eat
1052 1007 1136 1040 haec
1161 1008 1264 1040 lectio
1292 1018 1388 1041 com-

42 1060 154 1090 munis
177 1059 280 1090 etium
311 1057 387 1090 Md.
416 1058 494 1091 Bas.
520 1058 551 1091 1.
578 1057 611 1090 2.
659 1056 785 1097 Itaque
808 1064 883 1088 enm
915 1054 1005 1087 tueri
1031 1059 1066 1087 et
1089 1063 1296 1087 conservare
1320 1064 1388 1087 non

42 1103 282 1136 dubitavimus.
316 1103 540 1136 Hermnnnus
565 1103 743 1135 uobiscum
772 1102 871 1134 unice
897 1101 1058 1144 probavit
1084 1095 1186 1140 οἶμαι.

42 1251 86 1274 eo
118 1243 248 1283 vnient,
280 1244 319 1274 ut
351 1241 535 1274 Platonem
562 1242 679 1275 existi-

41 1285 138 1320 mare
170 1287 360 1321 debeamus
394 1287 490 1329 operi
515 1297 578 1320 suo
602 1289 681 1321 uiti-

41 1344 133 1367 mam
161 1335 274 1367 limam
298 1344 366 1367 non
394 1333 608 1376 admovisse3
640 1335 679 1367 ii-

40 1379 101 1413 lud
126 1381 323 1421 neutiquam
339 1380 502 1419 efficiunt,
527 1385 567 1414 ut
580 1381 679 1414 alium

40 1426 119 1459 libri
166 1430 344 1459 auctorem
394 1426 522 1467 fuisse,
575 1431 681 1468 atque

41 1473 167 1515 ipsum,
194 1477 347 1505 statuere
372 1482 550 1515 cogamur.

89 1562 164 1606 τὴν
211 1559 343 1607 ἀρχὴν
390 1565 676 1607 φλεγμαίνου-

43 1619 120 1642 σαν
151 1610 172 1642 ἔ
179 1611 238 1654 τι]
281 1610 518 1652 Φλεγμαίνειν,
547 1610 676 1654 φλέγμη

42 1661 78 1688 et
109 1654 299 1698 φλεγμονή,
330 1666 436 1699 quum
460 1658 599 1700 proprie
631 1658 676 1690 de

40 1702 388 1736 inflammatione
428 1703 494 1736 diei
527 1705 675 1744 soleant,

41 1753 112 1782 tum
149 1750 252 1782 etiam
299 1750 458 1782 universe
495 1749 676 1792 designant

43 1805 74 1828 m
85 1806 131 1828 or
140 1795 161 1828 b
169 1804 190 1827 u
201 1805 246 1828 m.
303 1795 424 1836 ltaque
463 1796 676 1837 φλεγμαίνειν

42 1851 132 1874 nunc
162 1840 207 1873 ed
231 1840 487 1883 significandum
517 1843 675 1875 vitiosum

41 1887 177 1930 imperii
201 1890 327 1919 statum
360 1885 576 1919 transfertur.
624 1888 680 1919 Si-

44 1933 170 1966 militer
206 1932 289 1965 iilud
323 1932 427 1975 Reip.
469 1932 498 1964 Ι.
532 1944 564 1974 p.
596 1933 678 1968 372-

42 1979 86 2012 Ε.
110 1978 294 2012 adhibetur
324 1979 354 2010 in
380 1978 605 2011 describenda
631 1981 678 2011 ei-

42 2025 148 2058 vitate
171 2035 234 2068 per
257 2025 423 2058 luxuriam
449 2028 484 2057 et
500 2025 678 2058 monitiem

43 2071 248 2109 depravata·
287 2083 308 2113 η
338 2070 398 2111 μὲν
430 2065 497 2103 οὖν
509 2067 679 2126 ἀληθινὴ

43 2115 140 2150 πόλις
165 2116 264 2150 δοκεῖ
285 2128 342 2157 μοι
367 2129 471 2155 ειναι,
502 2114 545 2159 ἢν
570 2116 676 2160 διελη-

44 2162 215 2203 λύθαμεν,
239 2161 351 2206 ὥςπερ
384 2160 514 2206 ὑγιής
546 2173 611 2196 τις·
649 2163 683 2196 εἰ

44 2207 80 2242 δ’
104 2206 149 2243 αὖ
179 2208 354 2252 βούλεσθε
383 2211 439 2242 καὶ
474 2211 676 2252 φλεγμαι-

46 2268 65 2287 ν
74 2267 93 2289 ο
103 2268 125 2289 v
137 2266 214 2289 σαν
240 2255 339 2289 πόλιν
352 2253 598 2299 θεωρήσωμεν,
615 2255 675 2289 οὐ·

44 2302 101 2335 δὲν
126 2299 328 2335 ἀποκωλύει.
353 2303 409 2335 ubi
435 2313 465 2335 v.
496 2313 572 2335 ann.
605 2303 678 2336 Nee

44 2351 159 2391 inepte
182 2359 364 2391 compares
390 2349 418 2381 Η
433 2350 599 2383 erodot.
619 2350 676 2382 ΙΙΙ.

44 2397 105 2431 76:
139 2393 325 2428 οἰδεόντων
357 2395 425 2426 τῶν
458 2393 675 2437 πρηγμάτων.

43 2442 313 2476 lhid.c.127:
349 2438 406 2473 ὅτε
440 2441 477 2474 οἱ
504 2442 678 2485 (Δαρείῳ)

45 2486 230 2520 οιδεόντων
276 2488 323 2520 ἔτι
361 2487 428 2519 ταῖν
462 2486 679 2544 πρηγμάτων

45 2536 99 2567 καὶ
125 2535 244 2567 νεωστὶ
267 2534 352 2574 ἔχων
377 2531 438 2576 τὴν
450 2529 567 2577 ἀρχήν.
597 2535 678 2566 Me-

42 2587 153 2614 morat
166 2583 278 2615 iocum
292 2581 442 2613 Platonis
459 2581 580 2614 Pluta
590 2581 676 2614 rch.

42 2628 194 2671 Lycum.
221 2638 255 2670 p.
278 2626 335 2661 42.
362 2626 410 2661 D:
442 2625 608 2659 πλειόνων
639 2624 677 2658 δὲ

43 2673 363 2715 καινοτομουμένων
398 2669 468 2704 ὑπὸ
508 2674 571 2705 τοῦ
600 2673 673 2706 Λυ-

45 2719 197 2763 κοόργου
225 2721 361 2761 κριῦτοι
387 2713 427 2760 ἦν
446 2721 499 2751 καὶ
518 2719 676 2761 μέγιστον

751 1237 772 1282 ἡ
796 1238 998 1272 κατάστασις
1022 1239 1088 1271 ταῖν
1119 1235 1310 1281 γερόντων,
1346 1235 1390 1280 ἥν

750 1295 857 1328 φησιν
893 1283 912 1318 ὀ
942 1283 1088 1318 Πλάτων
1119 1285 1158 1325 τῇ
1190 1285 1256 1316 τῶν
1286 1284 1388 1326 βασι-

749 1331 834 1365 λέων
859 1329 945 1375 ἀρχῇ
970 1329 1227 1389 φλεγμαινούσῃ
1255 1331 1391 1373 μιχθεῖ-

749 1387 825 1412 oms·
849 1379 904 1411 καὶ
928 1378 1114 1422 γενομένην
1135 1377 1316 1420 ἰσόψηφον
1340 1377 1390 1411 εἰς

749 1425 787 1457 τὰ
818 1425 956 1469 μέγιστα
1005 1436 1175 1468 σωτηριαν
1213 1422 1281 1465 ἅμα
1333 1425 1388 1458 καὶ

748 1470 984 1529 σωφροσύνην
1012 1475 1208 1526 παρασχεῖν.

792 1521 970 1560 μίγνυσι
1001 1516 1075 1561 τὴν
1106 1515 1213 1551 κατὰ
1249 1518 1389 1561 γῆρας

747 1584 790 1589 -—
829 1562 977 1608 ῥώμῃ]
1017 1565 1061 1600 Η.
1098 1576 1128 1598 e.
1164 1567 1389 1607 temperat

744 1612 895 1644 sobria
939 1610 1197 1644 senectutis
1244 1612 1283 1644 vi
1325 1620 1389 1643 su·

745 1658 918 1699 perbum
945 1658 1092 1699 gentis
1116 1657 1263 1690 robur.
1298 1657 1386 1689 Per-

744 1704 830 1737 tinet
855 1700 875 1746 ἦ
903 1702 986 1736 κατὰ
1011 1703 1114 1747 γένος
1133 1699 1297 1746 αὐθάδης
1317 1700 1385 1746 ῥώ-

743 1761 786 1793 μη
811 1750 853 1782 ed
882 1761 983 1792 reges
1013 1750 1386 1790 Lacedaemoniorum,

743 1798 801 1838 qui
827 1796 963 1830 fuerunt
989 1796 1212 1830 Heraclidae.
1251 1797 1386 1830 Horum

746 1843 852 1884 igitur
886 1843 1037 1876 indolem
1081 1849 1201 1875 natura
1236 1842 1386 1875 ferocio-

746 1898 818 1920 rem
857 1893 892 1921 et
927 1889 1165 1931 superbiorem
1202 1889 1387 1931 Lycurgus

747 1933 871 1967 dicitur
901 1939 1118 1976 temperasse
1148 1935 1247 1976 quasi
1281 1939 1387 1976 atque

747 1980 925 2021 mitigasse
956 1981 1117 2013 instituto
1155 1983 1277 2012 senatu
1309 1980 1385 2022 (γε-

747 2028 873 2070 ρουσίᾳ
897 2027 1044 2070 γερωνίᾳ
1068 2037 1095 2058 s.
1113 2027 1295 2070 γεροντίᾳ),
1321 2037 1384 2069 pe-

746 2082 808 2104 nes
831 2083 931 2114 quem
958 2083 1126 2105 summam
1143 2073 1277 2105 consilii
1304 2083 1384 2106 esse

747 2119 864 2151 voluit.
915 2119 1075 2152 Cicero
1112 2119 1170 2152 De
1207 2118 1296 2161 Rep.
1332 2119 1382 2152 Π.

746 2164 808 2199 28:
848 2164 1075 2207 Lycnmu·
1111 2164 1276 2208 γέροντας
1305 2165 1382 2198 La-

747 2210 1012 2244 cedaemone
1052 2222 1107 2254 ap
1125 2223 1146 2254 p
1163 2213 1204 2244 ei
1224 2213 1268 2244 la
1287 2212 1380 2252 vit,

745 2257 875 2289 nimis
911 2260 947 2290 is
985 2258 1160 2299 quidem
1200 2268 1380 2300 paucos,

747 2303 901 2344 viginti
943 2306 1064 2344 octo,
1103 2314 1212 2346 quos
1243 2314 1382 2347 penes

746 2359 946 2382 summam
1002 2351 1188 2383 consilii
1240 2351 1383 2383 voluit

746 2406 859 2433 esse,
898 2406 1019 2438 quum
1058 2396 1237 2439 imperii
1271 2406 1382 2429 sum-

747 2452 847 2475 mam
877 2453 951 2475 rex
975 2447 1164 2476 teneret.
1187 2442 1243 2475 Id.
1269 2442 1379 2486 Legg.

747 2487 806 2520 ΙΙΙ.
838 2499 867 2521 c.
901 2489 933 2524 7.
969 2488 1186 2522 Plutarch.
1227 2489 1378 2531 Lycurg.

746 2543 776 2566 e.
790 2534 846 2569 26.
893 2534 964 2568 Sed
989 2535 1081 2570 conf.
1109 2535 1276 2569 Mouet.
1302 2535 1379 2568 Do·

745 2581 848 2614 tiens.
874 2581 920 2614 Π.
947 2592 979 2624 p.
997 2582 1039 2616 91
1067 2592 1120 2623 sq.
1147 2581 1179 2613 H
1195 2591 1381 2614 ermann.

745 2627 962 2670 Antiquitstt.
980 2628 1106 2661 Graec.
1121 2627 1152 2669 ξ.
1162 2628 1218 2662 25.
1246 2629 1272 2660 S
1283 2638 1301 2660 c
1311 2627 1328 2659 h
1340 2629 1381 2658 ‹3-

744 2683 872 2708 mann.
906 2674 1123 2714 Antiquitatt.
1166 2673 1238 2706 Iur.
1278 2673 1396 2706 PubL'

743 2718 866 2753 Graec.
892 2720 957 2752 lv.
984 2721 1014 2755 1.
1038 2721 1070 2761 §.
1096 2719 1127 2754 8.
1155 2720 1188 2754 9.
