1612 2872
228 75 329 116 XX
705 75 1069 118 PRAEFATIO.

228 185 503 229 itafffactum.
529 200 622 228 esse
659 185 703 226 in
742 185 963 228 codicibus
1007 187 1159 228 litteris
1205 187 1424 242 quadratis
1470 186 1544 228 de-

227 240 398 297 scriptis
420 256 564 295 -eoque
592 240 728 282 titulis
757 242 809 282 etv
825 241 1173 298 inscription-ibus
1199 249 1372 286 externa
1402 242 1545 298 specie

229 311 306 338 sua
333 297 483 351 utique
514 296 749 339 simillimis,
799 298 951 352 ‘Atque
981 297 1050 339 hic
1079 298 1173 353 ipse
1201 299 1298 341 tons
1327 299 1422 352 fuit,
1453 298 1544 353 opi-

229 367 329 405 nor,
361 353 467 393 haec
497 352 640 406 origo,
680 352 848 394 illorum
877 353 1095 404 codicum,
1126 355 1222 408 qui,
1250 355 1441 410 quamvis
1468 354 1545 394 mi-

227 409 403 450 noribus
441 407 541 462 picti
574 407 753 461 litteris,
802 414 944 450 tamen
990 409 1106 451 istud
1135 413 1170 453 ἶ
1208 413 1417 466 perpetuo
1455 411 1545 451 fere

228 463 353 505 etiam
393 470 489 503 ante
527 463 690 504 litteras
731 478 940 507 consonas
981 471 1165 508 tuentur.
1233 466 1452 520 Descripti
1482 466 1546 506 ni-

227 520 378 560 mirum
416 518 476 558 illi
515 526 614 559 sunt
649 534 701 560 ex
731 520 974 574 codicibus,
1013 522 1086 575 qui
1114 522 1356 563 habuerunt
1384 522 1545 562 litteras

227 573 459 628 quadratas
487 580 530 615 et
559 574 613 615 ad
632 575 955 632 inscriptionum
987 592 1037 618 ac
1057 577 1278 619 titulorum
1304 577 1547 618 similitudi-

227 645 323 670 nem
386 630 622 686 elegantiae
678 647 829 674 caussa
873 634 1104 688 comparati
1156 634 1340 675 fuerunt.
1421 632 1545 686 Quae

227 685 474 727 coniectura
501 693 647 728 nostra
683 688 719 728 si
749 702 851 729 vera
877 695 966 742 est,
998 689 1102 742 quid
1127 689 1226 730 inde
1257 696 1546 742 consequatur

227 749 380 796 sponte
416 742 684 798 intelligitur.
756 743 943 785 Tantum
978 745 1100 787 abest
1135 745 1269 798 enim,
1313 751 1362 786 ut
1398 744 1545 785 talium

227 796 424 839 codicum
473 799 686 853 scriptura
732 800 839 854 ipsis
886 795 1060 855 operum
1105 800 1351 842 auctoribus
1400 800 1546 842 deberi

227 853 510 894 existimanda
545 855 626 907 sit,
675 860 723 895 ut
761 871 957 912 magnam
995 862 1155 912 partem
1203 871 1320 898 mera
1355 856 1545 898 lubidine

227 908 432 965 adoptata
467 912 563 952 esse
598 911 763 952 censeri
794 910 967 965 debeat,
1006 913 1069 954 ita
1094 919 1142 954 ut
1171 927 1335 954 errasse
1365 912 1545 966 putandi

227 965 326 1018 sint,
352 966 428 1019 'qui
455 967 490 1009 ἶ
518 966 843 1021 ὲφελκυστικόν,
873 968 1116 1023 ubicunque
1133 968 1303 1010 codices
1320 968 1424 1009 illud
1450 974 1546 1009 tue-

225 1028 387 1074 rentur,
427 1029 470 1062 et
509 1022 553 1063 in
592 1022 649 1064 N.
688 1022 738 1064 T.
771 1029 815 1064 et
842 1024 885 1064 in
913 1031 1102 1065 veterum
1132 1023 1396 1066 Graecorum
1426 1025 1545 1066 libris

225 1076 456 1130 aliquando
485 1078 652 1120 restitui
680 1078 918 1122 voluerunt.
977 1080 1194 1122 Exhibent
1221 1080 1331 1121 enim
1360 1080 1421 1121 illi
1449 1080 1546 1122 libri

226 1147 585 1189 nongermanam
615 1140 833 1176 auctorum
870 1136 1147 1192 scripturam,
1188 1135 1265 1178 sed
1291 1150 1406 1177 mero
1435 1137 1547 1178 arbi-

225 1195 339 1235 tratu
369 1190 572 1244 positam,
616 1205 753 1245 neque
783 1206 834 1232 ex
863 1192 946 1233 illis
976 1193 1063 1233 ullo
1091 1191 1218 1233 modo
1248 1191 1392 1247 colligi
1429 1192 1545 1245 licet,

257 1259 449 1299 uousque
486 1246 568 1301 ipsi
608 1254 770 1287 veteres
810 1246 890 1288 hac
926 1248 972 1288 in
1007 1262 1161 1290 caussa
1196 1248 1412 1303 progressi
1449 1248 1546 1290 sint.

227 1260 515 1353 Quamobrem
555 1302 617 1343 ita
652 1306 818 1344 tantum
856 1318 1001 1345 eorum
1037 1305 1119 1345 hoc
1146 1303 1190 1344 in
1219 1318 1375 1359 genere
1405 1304 1548 1358 aliqua

227 1364 293 1398 est
329 1358 587 1411 auctoritas,
631 1358 668 1400 si
706 1358 778 1399 alii
815 1373 984 1415 quoque
1022 1359 1192 1401 codices
1222 1360 1343 1412 boni,
1383 1360 1436 1401 ab
1474 1360 1547 1400 illa

227 1412 559 1468 orthographiae
590 1414 831 1455 constantia
849 1415 1086 1469 alieniores,
1117 1430 1213 1457 cum
1225 1415 1279 1457 iis
1301 1415 1546 1470 conspirare

226 1470 509 1523 reperiuntur.
566 1469 626 1511 Et
651 1471 763 1511 inter
791 1485 864 1512 eos
895 1470 1064 1526 quidem
1093 1468 1279 1524 codices,
1311 1471 1383 1525 qui
1412 1471 1548 1512 minu-

226 1526 282 1567 tis
311 1525 463 1567 litteris
493 1526 643 1580 scripti
671 1541 724 1567 ex
751 1532 896 1568 vetere
914 1528 1057 1582 aliquo
1076 1527 1223 1569 codice
1241 1527 1409 1583 repetiti
1429 1535 1544 1581 sunt,

228 1580 299 1634 qui
333 1581 387 1622 ob
429 1595 523 1635 eas,
564 1597 670 1635 quas
708 1581 918 1637 diximus,
959 1598 1134 1625 caussas
1165 1585 1199 1626 ἶ
1236 1582 1546 1638 ὲφελκυστικόν

227 1637 354 1678 etiam
383 1644 480 1678 ante
511 1652 720 1679 consonas
738 1638 900 1681 litteras
929 1645 1177 1682 constanter
1194 1639 1423 1691 inferciret,
1453 1639 1545 1680 sine

227 1692 357 1734 dubio
397 1694 525 1734 etiam
561 1694 669 1734 liber
712 1693 932 1737 Parisinus
960 1698 1039 1749 A„
1070 1694 1123 1735 de
1152 1710 1237 1750 quo
1265 1710 1377 1736 nunc
1405 1696 1545 1750 ipsum

226 1749 380 1804 agitur,
412 1749 698 1791 numerandus
727 1756 805 1791 est.
863 1750 998 1793 Cuius
1026 1757 1168 1792 tamen
1206 1750 1289 1793 hoc
1315 1751 1360 1792 in
1391 1765 1546 1806 genere

227 1805 521 1846 auctoritatem
566 1806 650 1847 non
689 1806 748 1847 ita
784 1808 928 1863 magni
969 1807 1212 1849 faciendum
1257 1821 1352 1848 esse
1391 1821 1444 1847 ex
1494 1821 1545 1847 eo

226 1860 484 1916 colligimus,
516 1861 633 1916 quod
669 1862 905 1905 Vaticanus
935 1866 993 1913 52,
1022 1864 1094 1917 qui
1131 1864 1193 1904 illi
1221 1863 1412 1904 bonitate
1441 1861 1545 1903 nihil

225 1915 438 1970 concedit,
470 1932 520 1958 ac
547 1918 640 1972 pari
667 1917 890 1974 diligentia
916 1934 941 1961 a
971 1919 1164 1961 Bastio
1193 1918 1437 1973 exploratus
1465 1924 1547 1972 est,

226 1988 317 2013 eam
357 1973 570 2015 scribendi
611 1974 816 2015 rationem
856 1991 951 2017 non
995 1974 1126 2017 modo
1161 1976 1298 2017 rarius
1336 1973 1543 2026 sequitur,

226 2027 304 2069 sed
335 2029 459 2069 etiam
498 2030 634 2071 sicubi
659 2045 752 2072 eam
781 2032 975 2085 sequitur
1001 2032 1044 2073 in
1070 2032 1136 2073 ’τῶ
1161 2033 1215 2072 νῦ
1242 2030 1446 2086 punctum
1475 2030 1545 2072 sti-2

226 2084 546 2139 perimpositum
587 2086 730 2140 habet,
762 2101 848 2141 quo
876 2088 1059 2129 litteram
1095 2085 1318 2128 delendam
1356 2100 1448 2127 csse
1487 2086 1544 2128 si·-

227 2139 467 2194 gnificatur.
527 2142 594 2182 De
625 2157 709 2196 quo
738 2157 827 2184 usur
849 2144 996 2197 puncti
1024 2159 1063 2185 v.
1092 2143 1236 2184 Bast.
1270 2142 1406 2199 Epist.
1431 2140 1543 2184 Crit.

226 2211 268 2250 p.
305 2197 365 2237 16.
394 2195 449 2236 ad
478 2195 660 2253 Gregor.
692 2197 885 2241 Corinth.
914 2214 958 2254 p.
995 2198 1136 2240 efflet
1163 2200 1259 2240 855.
1291 2213 1354 2252 sq.
1413 2196 1543 2251 Quod

226 2250 397 2305 quidem
436 2267 521 2305 quo
560 2254 715 2296 clarius
753 2254 1038 2311 intelligatur,
1089 2268 1167 2311 age
1212 2269 1301 2295 rem
1340 2253 1543 2309 exemplis

227 2306 505 2361 declaremus,
536 2309 726 2352 collectis
757 2310 1114 2366 locis,-in÷quibus
1133 2325 1238 2352 usus
1269 2310 1339 2351 ille
1371 2313 1449 2352 τοῦ
1474 2312 1543 2362 νῦ,

227 2362 281 2403 de
320 2377 421 2417 quo>
444 2364 683 2418 loquimur,
724 2381 776 2407 ex
819 2373 1000 2422 utroque
1044 2366 1197 2409 codice*
1229 2372 1427 2408 enotatus
1464 2373 1542 2407 est.

226 2419 371 2515 lHabet
418 2419 565 2473 igitur
599 2422 818 2464 PariSinns
863 2423 970 2467 liber
1014 2422 1265 2479 scripturam
1313 2421 1427 2463 illam
1475 2421 1542 2463 his

243 2489 357 2516 ocis:
