<?xml version="1.0" encoding="UTF-8"?>
<!DOCTYPE html PUBLIC "-//W3C//DTD XHTML 1.0 Transitional//EN"
    "http://www.w3.org/TR/xhtml1/DTD/xhtml1-transitional.dtd">
<html xmlns="http://www.w3.org/1999/xhtml" xml:lang="en" lang="en">
 <head>
  <title>
</title>
<meta http-equiv="Content-Type" content="text/html;charset=utf-8" />
  <meta name='ocr-system' content='tesseract 3.04.00' />
  <meta name='ocr-capabilities' content='ocr_page ocr_carea ocr_par ocr_line ocrx_word'/>
</head>
<body>
  <div class='ocr_page' id='page_1' title='image "./s1operaomniarece10platuoft_0455.png"; bbox 0 0 1612 2872; ppageno 0'>
   <div class='ocr_carea' id='block_1_1' title="bbox 129 104 1246 152">
    <p class='ocr_par' dir='ltr' id='par_1_1' title="bbox 129 104 1246 152">
     <span class='ocr_line' id='line_1_1' title="bbox 129 104 1246 152; baseline -0.006 0"><span class='ocrx_word' id='word_1_1' title='bbox 129 111 212 152; x_wconf 83' lang='lat' dir='ltr'><strong>DE</strong></span> <span class='ocrx_word' id='word_1_2' title='bbox 245 107 522 152; x_wconf 82' lang='lat' dir='ltr'>LEGIBUS</span> <span class='ocrx_word' id='word_1_3' title='bbox 557 106 674 149; x_wconf 72' lang='lat' dir='ltr'><strong>Lm.</strong></span> <span class='ocrx_word' id='word_1_4' title='bbox 708 105 795 148; x_wconf 88' lang='grc' dir='ltr'><strong>ΙΙΙ.</strong></span> <span class='ocrx_word' id='word_1_5' title='bbox 846 105 893 148; x_wconf 84' lang='grc' dir='ltr'><strong>Ρ.</strong></span> <span class='ocrx_word' id='word_1_6' title='bbox 927 106 1022 147; x_wconf 84' lang='grc'><strong>681.</strong></span> <span class='ocrx_word' id='word_1_7' title='bbox 1055 105 1150 148; x_wconf 70' lang='grc'><strong>682.</strong></span> <span class='ocrx_word' id='word_1_8' title='bbox 1183 104 1246 147; x_wconf 83' lang='lat' dir='ltr'><strong>St.</strong></span> 
     </span>
    </p>
   </div>
   <div class='ocr_carea' id='block_1_2' title="bbox 39 218 1509 287">
    <p class='ocr_par' dir='ltr' id='par_1_2' title="bbox 39 218 1509 287">
     <span class='ocr_line' id='line_1_2' title="bbox 39 218 1509 287; baseline -0.009 -13"><span class='ocrx_word' id='word_1_9' title='bbox 39 235 148 284; x_wconf 76' lang='grc' dir='ltr'><em>λέγει</em></span> <span class='ocrx_word' id='word_1_10' title='bbox 183 230 269 287; x_wconf 77' lang='grc' dir='ltr'><strong>γάρ</strong></span> <span class='ocrx_word' id='word_1_11' title='bbox 306 224 360 279; x_wconf 75' lang='grc' dir='ltr'><em>δὴ</em></span> <span class='ocrx_word' id='word_1_12' title='bbox 398 227 543 269; x_wconf 80' lang='grc' dir='ltr'><em>ταῦτα</em></span> <span class='ocrx_word' id='word_1_13' title='bbox 581 222 635 267; x_wconf 75' lang='grc' dir='ltr'><strong>τὰ</strong></span> <span class='ocrx_word' id='word_1_14' title='bbox 675 228 759 275; x_wconf 70' lang='grc' dir='ltr'><strong>ἔπη</strong></span> <span class='ocrx_word' id='word_1_15' title='bbox 795 224 866 266; x_wconf 75' lang='grc' dir='ltr'><strong>καὶ</strong></span> <span class='ocrx_word' id='word_1_16' title='bbox 901 227 1064 271; x_wconf 64' lang='grc' dir='ltr'><strong><em>ἐκεῖνα,</em></strong></span> <span class='ocrx_word' id='word_1_17' title='bbox 1098 218 1129 263; x_wconf 78' lang='grc' dir='ltr'><em>ἃ</em></span> <span class='ocrx_word' id='word_1_18' title='bbox 1173 224 1270 276; x_wconf 78' lang='grc' dir='ltr'><strong>περὶ</strong></span> <span class='ocrx_word' id='word_1_19' title='bbox 1307 223 1395 263; x_wconf 76' lang='grc' dir='ltr'><strong>τῶν</strong></span> <span class='ocrx_word' id='word_1_20' title='bbox 1426 220 1509 261; x_wconf 77' lang='grc'><strong>682</strong></span> 
     </span>
    </p>
   </div>
   <div class='ocr_carea' id='block_1_3' title="bbox 1309 105 1391 146">
    <p class='ocr_par' dir='ltr' id='par_1_3' title="bbox 1309 105 1391 146">
     <span class='ocr_line' id='line_1_3' title="bbox 1309 105 1391 146; baseline 0 -1"><span class='ocrx_word' id='word_1_21' title='bbox 1309 105 1391 146; x_wconf 75' lang='lat'><strong>275</strong></span> 
     </span>
    </p>
   </div>
   <div class='ocr_carea' id='block_1_4' title="bbox 39 286 1393 553">
    <p class='ocr_par' dir='ltr' id='par_1_4' title="bbox 39 286 1393 553">
     <span class='ocr_line' id='line_1_4' title="bbox 46 286 1392 350; baseline -0.008 -9"><span class='ocrx_word' id='word_1_22' title='bbox 46 297 297 340; x_wconf 81' lang='grc' dir='ltr'><em>Κυκλώπων</em></span> <span class='ocrx_word' id='word_1_23' title='bbox 333 294 486 350; x_wconf 75' lang='grc' dir='ltr'><strong><em>εἴρηκε,</em></strong></span> <span class='ocrx_word' id='word_1_24' title='bbox 522 290 636 335; x_wconf 77' lang='grc' dir='ltr'><em>κατὰ</em></span> <span class='ocrx_word' id='word_1_25' title='bbox 669 289 784 334; x_wconf 74' lang='grc' dir='ltr'><strong>θεόν</strong></span> <span class='ocrx_word' id='word_1_26' title='bbox 819 306 909 339; x_wconf 83' lang='grc' dir='ltr'><strong>πως</strong></span> <span class='ocrx_word' id='word_1_27' title='bbox 945 291 1149 343; x_wconf 73' lang='grc' dir='ltr'><strong>εἰρημένα</strong></span> <span class='ocrx_word' id='word_1_28' title='bbox 1171 293 1244 332; x_wconf 86' lang='grc' dir='ltr'><strong>καὶ</strong></span> <span class='ocrx_word' id='word_1_29' title='bbox 1279 286 1392 331; x_wconf 74' lang='grc' dir='ltr'><em>κατὰ</em></span> 
     </span>
     <span class='ocr_line' id='line_1_5' title="bbox 39 351 1391 422; baseline -0.007 -15"><span class='ocrx_word' id='word_1_30' title='bbox 39 365 196 422; x_wconf 63' lang='lat' dir='ltr'><strong>quom·</strong></span> <span class='ocrx_word' id='word_1_31' title='bbox 249 367 384 406; x_wconf 76' lang='grc' dir='ltr'><em>θεῖον</em></span> <span class='ocrx_word' id='word_1_32' title='bbox 416 358 502 414; x_wconf 75' lang='grc' dir='ltr'><strong>γὰρ</strong></span> <span class='ocrx_word' id='word_1_33' title='bbox 540 351 621 402; x_wconf 82' lang='grc' dir='ltr'><strong>οὖν</strong></span> <span class='ocrx_word' id='word_1_34' title='bbox 656 355 707 409; x_wconf 76' lang='grc' dir='ltr'><strong>δὴ</strong></span> <span class='ocrx_word' id='word_1_35' title='bbox 745 359 817 399; x_wconf 82' lang='grc' dir='ltr'><strong>καὶ</strong></span> <span class='ocrx_word' id='word_1_36' title='bbox 855 354 906 399; x_wconf 82' lang='grc' dir='ltr'><strong>τὸ</strong></span> <span class='ocrx_word' id='word_1_37' title='bbox 943 353 1174 407; x_wconf 80' lang='grc' dir='ltr'><em>ποιητικὸν</em></span> <span class='ocrx_word' id='word_1_38' title='bbox 1209 354 1391 414; x_wconf 77' lang='grc' dir='ltr'>[ἐνθεα-</span> 
     </span>
     <span class='ocr_line' id='line_1_6' title="bbox 41 421 1392 490; baseline -0.007 -16"><span class='ocrx_word' id='word_1_39' title='bbox 41 429 211 490; x_wconf 81' lang='grc' dir='ltr'><strong><em>στικὸν]</em></strong></span> <span class='ocrx_word' id='word_1_40' title='bbox 265 428 317 474; x_wconf 82' lang='grc' dir='ltr'><strong>ὃν</strong></span> <span class='ocrx_word' id='word_1_41' title='bbox 360 433 484 480; x_wconf 76' lang='grc' dir='ltr'><em>γένος</em></span> <span class='ocrx_word' id='word_1_42' title='bbox 529 423 767 481; x_wconf 80' lang='grc' dir='ltr'><em>ὑμνῳδοῦν</em></span> <span class='ocrx_word' id='word_1_43' title='bbox 804 424 978 466; x_wconf 78' lang='grc' dir='ltr'><em>πολλῶν</em></span> <span class='ocrx_word' id='word_1_44' title='bbox 1017 425 1106 464; x_wconf 80' lang='grc' dir='ltr'><strong>τῶν</strong></span> <span class='ocrx_word' id='word_1_45' title='bbox 1141 421 1238 464; x_wconf 82' lang='grc' dir='ltr'><em>κατ’</em></span> <span class='ocrx_word' id='word_1_46' title='bbox 1281 421 1392 474; x_wconf 77' lang='grc' dir='ltr'><em>ἀλή-</em></span> 
     </span>
     <span class='ocr_line' id='line_1_7' title="bbox 40 488 1393 553; baseline -0.007 -14"><span class='ocrx_word' id='word_1_47' title='bbox 40 503 176 540; x_wconf 67' lang='grc' dir='ltr'><em>θειαν</em></span> <span class='ocrx_word' id='word_1_48' title='bbox 212 501 480 553; x_wconf 74' lang='grc' dir='ltr'><em>γιγνομένων</em></span> <span class='ocrx_word' id='word_1_49' title='bbox 511 491 586 545; x_wconf 79' lang='grc' dir='ltr'><strong>ξύν</strong></span> <span class='ocrx_word' id='word_1_50' title='bbox 609 506 697 535; x_wconf 81' lang='grc' dir='ltr'><strong><em>τισι</em></strong></span> <span class='ocrx_word' id='word_1_51' title='bbox 734 488 902 546; x_wconf 65' lang='lat' dir='ltr'><strong>Xa&#39;pam.</strong></span> <span class='ocrx_word' id='word_1_52' title='bbox 940 491 1012 532; x_wconf 78' lang='grc' dir='ltr'><strong>καὶ</strong></span> <span class='ocrx_word' id='word_1_53' title='bbox 1038 488 1247 539; x_wconf 77' lang='grc' dir='ltr'><strong><em>Μούσαις</em></strong></span> <span class='ocrx_word' id='word_1_54' title='bbox 1284 488 1393 548; x_wconf 57' lang='lat' dir='ltr'><strong>&amp;qoi-</strong></span> 
     </span>
    </p>
   </div>
   <div class='ocr_carea' id='block_1_5' title="bbox 39 563 450 608">
    <p class='ocr_par' dir='ltr' id='par_1_5' title="bbox 39 563 450 608">
     <span class='ocr_line' id='line_1_8' title="bbox 39 563 450 608; baseline -0.005 -1"><span class='ocrx_word' id='word_1_55' title='bbox 39 582 116 608; x_wconf 81' lang='grc' dir='ltr'><strong>πτε</strong></span> <span class='ocrx_word' id='word_1_56' title='bbox 123 582 191 607; x_wconf 85' lang='grc' dir='ltr'><strong>ται</strong></span> <span class='ocrx_word' id='word_1_57' title='bbox 229 563 450 608; x_wconf 76' lang='grc' dir='ltr'><strong>ἑκάστοτε.</strong></span> 
     </span>
    </p>
   </div>
   <div class='ocr_carea' id='block_1_6' title="bbox 142 658 578 716">
    <p class='ocr_par' dir='ltr' id='par_1_6' title="bbox 142 658 578 716">
     <span class='ocr_line' id='line_1_9' title="bbox 142 658 578 716; baseline -0.018 -8"><span class='ocrx_word' id='word_1_58' title='bbox 142 667 245 708; x_wconf 85' lang='lat' dir='ltr'><strong>KA.</strong></span> <span class='ocrx_word' id='word_1_59' title='bbox 318 664 406 705; x_wconf 84' lang='grc' dir='ltr'><strong>Καὶ</strong></span> <span class='ocrx_word' id='word_1_60' title='bbox 441 658 578 716; x_wconf 79' lang='grc' dir='ltr'><strong>μάλα.</strong></span> 
     </span>
    </p>
   </div>
   <div class='ocr_carea' id='block_1_7' title="bbox 140 753 1394 814">
    <p class='ocr_par' dir='ltr' id='par_1_7' title="bbox 140 753 1394 814">
     <span class='ocr_line' id='line_1_10' title="bbox 140 753 1394 814; baseline -0.008 -5"><span class='ocrx_word' id='word_1_61' title='bbox 140 766 238 808; x_wconf 85' lang='grc' dir='ltr'><strong>ΑΘ.</strong></span> <span class='ocrx_word' id='word_1_62' title='bbox 312 765 406 812; x_wconf 71' lang='grc' dir='ltr'><strong>Εἰς</strong></span> <span class='ocrx_word' id='word_1_63' title='bbox 433 757 486 812; x_wconf 79' lang='grc' dir='ltr'><strong>δὴ</strong></span> <span class='ocrx_word' id='word_1_64' title='bbox 530 754 580 800; x_wconf 81' lang='grc' dir='ltr'><strong>τὸ</strong></span> <span class='ocrx_word' id='word_1_65' title='bbox 631 753 839 812; x_wconf 82' lang='grc' dir='ltr'><strong><em>πρόσθεν</em></strong></span> <span class='ocrx_word' id='word_1_66' title='bbox 884 759 1178 814; x_wconf 69' lang='grc' dir='ltr'><em>προέλθωμεν</em></span> <span class='ocrx_word' id='word_1_67' title='bbox 1215 762 1275 801; x_wconf 78' lang='grc' dir='ltr'><strong>ἔτι</strong></span> <span class='ocrx_word' id='word_1_68' title='bbox 1317 759 1394 801; x_wconf 81' lang='grc' dir='ltr'><strong>τοῦ</strong></span> 
     </span>
    </p>
   </div>
   <div class='ocr_carea' id='block_1_8' title="bbox 132 883 1396 977">
    <p class='ocr_par' dir='ltr' id='par_1_8' title="bbox 132 883 1396 977">
     <span class='ocr_line' id='line_1_11' title="bbox 133 883 1395 934; baseline -0.003 -8"><span class='ocrx_word' id='word_1_69' title='bbox 133 895 203 931; x_wconf 75' lang='grc' dir='ltr'><strong>Εἰς</strong></span> <span class='ocrx_word' id='word_1_70' title='bbox 228 892 273 934; x_wconf 79' lang='grc' dir='ltr'><strong>δι)</strong></span> <span class='ocrx_word' id='word_1_71' title='bbox 303 891 351 924; x_wconf 74' lang='grc' dir='ltr'><strong>τὸ</strong></span> <span class='ocrx_word' id='word_1_72' title='bbox 380 887 606 934; x_wconf 69' lang='grc' dir='ltr'><strong>πρόσθεν]</strong></span> <span class='ocrx_word' id='word_1_73' title='bbox 634 887 677 918; x_wconf 89' lang='lat' dir='ltr'><strong>V.</strong></span> <span class='ocrx_word' id='word_1_74' title='bbox 704 886 740 918; x_wconf 71' lang='grc' dir='ltr'><strong>δὲ</strong></span> <span class='ocrx_word' id='word_1_75' title='bbox 765 883 804 917; x_wconf 73' lang='grc' dir='ltr'><strong>τό</strong></span> <span class='ocrx_word' id='word_1_76' title='bbox 833 897 888 927; x_wconf 78' lang='grc' dir='ltr'><strong>πρ.</strong></span> <span class='ocrx_word' id='word_1_77' title='bbox 913 886 984 919; x_wconf 79' lang='lat' dir='ltr'><strong>Sed</strong></span> <span class='ocrx_word' id='word_1_78' title='bbox 997 888 1070 920; x_wconf 86' lang='lat' dir='ltr'><strong>fere</strong></span> <span class='ocrx_word' id='word_1_79' title='bbox 1086 899 1203 922; x_wconf 78' lang='lat' dir='ltr'><strong>ornnes</strong></span> <span class='ocrx_word' id='word_1_80' title='bbox 1218 888 1321 920; x_wconf 86' lang='lat' dir='ltr'><strong>codd.</strong></span> <span class='ocrx_word' id='word_1_81' title='bbox 1340 887 1395 928; x_wconf 66' lang='grc' dir='ltr'><strong>δή.</strong></span> 
     </span>
     <span class='ocr_line' id='line_1_12' title="bbox 132 933 1396 977; baseline -0.004 -6"><span class='ocrx_word' id='word_1_82' title='bbox 132 943 213 972; x_wconf 70' lang='grc' dir='ltr'><strong>τοῦ</strong></span> <span class='ocrx_word' id='word_1_83' title='bbox 242 942 313 971; x_wconf 75' lang='grc' dir='ltr'><strong>νῦν</strong></span> <span class='ocrx_word' id='word_1_84' title='bbox 338 933 626 975; x_wconf 73' lang='grc' dir='ltr'><strong>ἐπελθόντος]</strong></span> <span class='ocrx_word' id='word_1_85' title='bbox 656 933 726 964; x_wconf 89' lang='lat' dir='ltr'><strong>Pro</strong></span> <span class='ocrx_word' id='word_1_86' title='bbox 752 935 816 963; x_wconf 80' lang='grc' dir='ltr'><strong>τοῦ</strong></span> <span class='ocrx_word' id='word_1_87' title='bbox 842 936 903 964; x_wconf 68' lang='grc' dir='ltr'><strong>νῦν</strong></span> <span class='ocrx_word' id='word_1_88' title='bbox 929 937 973 965; x_wconf 80' lang='lat' dir='ltr'><strong>A.</strong></span> <span class='ocrx_word' id='word_1_89' title='bbox 992 945 1024 966; x_wconf 85' lang='lat' dir='ltr'><strong>x.</strong></span> <span class='ocrx_word' id='word_1_90' title='bbox 1053 939 1087 967; x_wconf 86' lang='lat' dir='ltr'><strong>et</strong></span> <span class='ocrx_word' id='word_1_91' title='bbox 1112 945 1220 977; x_wconf 82' lang='lat' dir='ltr'><strong>marg.</strong></span> <span class='ocrx_word' id='word_1_92' title='bbox 1247 935 1295 966; x_wconf 77' lang='grc' dir='ltr'><strong>Ω.</strong></span> <span class='ocrx_word' id='word_1_93' title='bbox 1323 936 1396 966; x_wconf 79' lang='grc' dir='ltr'><em>τοί-</em></span> 
     </span>
    </p>
   </div>
   <div class='ocr_carea' id='block_1_9' title="bbox 2 1049 690 2733">
    <p class='ocr_par' dir='ltr' id='par_1_9' title="bbox 2 1049 690 2733">
     <span class='ocr_line' id='line_1_13' title="bbox 2 1049 681 1092; baseline -0.012 -6"><span class='ocrx_word' id='word_1_94' title='bbox 2 1078 5 1081; x_wconf 75' lang='grc'><strong>.</strong></span> <span class='ocrx_word' id='word_1_95' title='bbox 42 1052 199 1085; x_wconf 77' lang='lat' dir='ltr'><strong>videatur</strong></span> <span class='ocrx_word' id='word_1_96' title='bbox 225 1051 260 1083; x_wconf 88' lang='lat' dir='ltr'><strong>in</strong></span> <span class='ocrx_word' id='word_1_97' title='bbox 286 1060 349 1082; x_wconf 88' lang='lat' dir='ltr'><strong>suo</strong></span> <span class='ocrx_word' id='word_1_98' title='bbox 375 1049 547 1092; x_wconf 82' lang='lat' dir='ltr'><strong>reperisse</strong></span> <span class='ocrx_word' id='word_1_99' title='bbox 564 1051 681 1079; x_wconf 76' lang='lat' dir='ltr'><strong>exem-</strong></span> 
     </span>
     <span class='ocr_line' id='line_1_14' title="bbox 43 1091 682 1141; baseline -0.013 -10"><span class='ocrx_word' id='word_1_100' title='bbox 43 1101 114 1141; x_wconf 86' lang='lat' dir='ltr'><strong>pio,</strong></span> <span class='ocrx_word' id='word_1_101' title='bbox 140 1098 173 1130; x_wconf 86' lang='lat' dir='ltr'><strong>id</strong></span> <span class='ocrx_word' id='word_1_102' title='bbox 199 1096 291 1139; x_wconf 85' lang='lat' dir='ltr'><strong>quod</strong></span> <span class='ocrx_word' id='word_1_103' title='bbox 314 1096 404 1128; x_wconf 88' lang='lat' dir='ltr'><strong>idem</strong></span> <span class='ocrx_word' id='word_1_104' title='bbox 434 1091 682 1128; x_wconf 84' lang='lat' dir='ltr'><strong>Boeckhius</strong></span> 
     </span>
     <span class='ocr_line' id='line_1_15' title="bbox 42 1138 683 1188; baseline -0.012 -11"><span class='ocrx_word' id='word_1_105' title='bbox 42 1144 228 1188; x_wconf 82' lang='lat' dir='ltr'>prudenter</span> <span class='ocrx_word' id='word_1_106' title='bbox 266 1142 473 1174; x_wconf 77' lang='lat' dir='ltr'><strong>observavit.</strong></span> <span class='ocrx_word' id='word_1_107' title='bbox 533 1139 619 1173; x_wconf 77' lang='lat' dir='ltr'><strong>Nam</strong></span> <span class='ocrx_word' id='word_1_108' title='bbox 652 1138 683 1170; x_wconf 89' lang='lat' dir='ltr'><strong>in</strong></span> 
     </span>
     <span class='ocr_line' id='line_1_16' title="bbox 42 1183 681 1233; baseline -0.013 -10"><span class='ocrx_word' id='word_1_109' title='bbox 42 1189 299 1223; x_wconf 79' lang='lat' dir='ltr'><strong>commentariis</strong></span> <span class='ocrx_word' id='word_1_110' title='bbox 323 1187 354 1219; x_wconf 90' lang='lat' dir='ltr'><strong>in</strong></span> <span class='ocrx_word' id='word_1_111' title='bbox 373 1187 532 1233; x_wconf 58' lang='lat' dir='ltr'><strong>Politiagn</strong></span> <span class='ocrx_word' id='word_1_112' title='bbox 551 1196 584 1227; x_wconf 86' lang='lat' dir='ltr'><strong>p.</strong></span> <span class='ocrx_word' id='word_1_113' title='bbox 602 1183 681 1219; x_wconf 87' lang='lat'><strong>393.</strong></span> 
     </span>
     <span class='ocr_line' id='line_1_17' title="bbox 43 1229 685 1276; baseline -0.012 -8"><span class='ocrx_word' id='word_1_114' title='bbox 43 1247 132 1268; x_wconf 77' lang='lat' dir='ltr'><strong>vers.</strong></span> <span class='ocrx_word' id='word_1_115' title='bbox 159 1236 198 1269; x_wconf 80' lang='lat'><strong>1:</strong></span> <span class='ocrx_word' id='word_1_116' title='bbox 234 1238 332 1266; x_wconf 73' lang='grc' dir='ltr'><em>θεῖον</em></span> <span class='ocrx_word' id='word_1_117' title='bbox 363 1233 429 1276; x_wconf 74' lang='grc' dir='ltr'><strong>γὰρ</strong></span> <span class='ocrx_word' id='word_1_118' title='bbox 465 1235 529 1264; x_wconf 75' lang='grc' dir='ltr'><strong>οὐν</strong></span> <span class='ocrx_word' id='word_1_119' title='bbox 560 1229 598 1271; x_wconf 73' lang='grc' dir='ltr'><strong>δὴ</strong></span> <span class='ocrx_word' id='word_1_120' title='bbox 629 1229 685 1261; x_wconf 76' lang='grc' dir='ltr'><strong>καὶ</strong></span> 
     </span>
     <span class='ocr_line' id='line_1_18' title="bbox 2 1275 682 1321; baseline -0.01 -7"><span class='ocrx_word' id='word_1_121' title='bbox 2 1302 5 1305; x_wconf 87' lang='grc'><strong>-</strong></span> <span class='ocrx_word' id='word_1_122' title='bbox 43 1282 82 1313; x_wconf 80' lang='grc' dir='ltr'><strong>τὰ</strong></span> <span class='ocrx_word' id='word_1_123' title='bbox 121 1279 305 1321; x_wconf 73' lang='grc' dir='ltr'><em>ποιητικὸν</em></span> <span class='ocrx_word' id='word_1_124' title='bbox 336 1278 377 1310; x_wconf 79' lang='grc' dir='ltr'><strong>ὃν</strong></span> <span class='ocrx_word' id='word_1_125' title='bbox 419 1281 523 1320; x_wconf 72' lang='grc' dir='ltr'><strong>γένος.</strong></span> <span class='ocrx_word' id='word_1_126' title='bbox 577 1275 682 1310; x_wconf 80' lang='lat' dir='ltr'><strong>ibid.</strong></span> 
     </span>
     <span class='ocr_line' id='line_1_19' title="bbox 43 1322 685 1370; baseline -0.014 -9"><span class='ocrx_word' id='word_1_127' title='bbox 43 1339 75 1370; x_wconf 90' lang='lat' dir='ltr'><strong>p.</strong></span> <span class='ocrx_word' id='word_1_128' title='bbox 100 1327 179 1361; x_wconf 85' lang='grc'><strong>368.</strong></span> <span class='ocrx_word' id='word_1_129' title='bbox 205 1338 236 1359; x_wconf 76' lang='lat' dir='ltr'><strong>v.</strong></span> <span class='ocrx_word' id='word_1_130' title='bbox 263 1325 326 1359; x_wconf 81' lang='lat'><strong>20:</strong></span> <span class='ocrx_word' id='word_1_131' title='bbox 355 1327 458 1355; x_wconf 70' lang='grc' dir='ltr'><em>θεῖον</em></span> <span class='ocrx_word' id='word_1_132' title='bbox 482 1322 520 1355; x_wconf 76' lang='grc' dir='ltr'><strong>τὸ</strong></span> <span class='ocrx_word' id='word_1_133' title='bbox 551 1333 685 1363; x_wconf 80' lang='grc' dir='ltr'><em>ποιητι-</em></span> 
     </span>
     <span class='ocr_line' id='line_1_20' title="bbox 42 1367 685 1414; baseline -0.008 -10"><span class='ocrx_word' id='word_1_134' title='bbox 42 1373 101 1404; x_wconf 72' lang='grc' dir='ltr'><strong>κὸν</strong></span> <span class='ocrx_word' id='word_1_135' title='bbox 125 1374 218 1414; x_wconf 72' lang='grc' dir='ltr'><em>γένος</em></span> <span class='ocrx_word' id='word_1_136' title='bbox 242 1370 433 1403; x_wconf 75' lang='grc' dir='ltr'><em>ἀποκαλῶν.</em></span> <span class='ocrx_word' id='word_1_137' title='bbox 469 1375 504 1402; x_wconf 85' lang='lat' dir='ltr'><strong>et</strong></span> <span class='ocrx_word' id='word_1_138' title='bbox 535 1370 568 1401; x_wconf 74' lang='lat' dir='ltr'><strong>in</strong></span> <span class='ocrx_word' id='word_1_139' title='bbox 593 1367 685 1400; x_wconf 79' lang='lat' dir='ltr'><strong>Tim.</strong></span> 
     </span>
     <span class='ocr_line' id='line_1_21' title="bbox 45 1415 687 1462; baseline -0.012 -11"><span class='ocrx_word' id='word_1_140' title='bbox 45 1430 78 1462; x_wconf 87' lang='lat' dir='ltr'><strong>p.</strong></span> <span class='ocrx_word' id='word_1_141' title='bbox 111 1419 168 1453; x_wconf 73' lang='lat'><strong>20.</strong></span> <span class='ocrx_word' id='word_1_142' title='bbox 201 1427 290 1449; x_wconf 76' lang='lat' dir='ltr'><strong>vers.</strong></span> <span class='ocrx_word' id='word_1_143' title='bbox 325 1417 356 1450; x_wconf 87' lang='grc'><strong>7.</strong></span> <span class='ocrx_word' id='word_1_144' title='bbox 390 1417 434 1448; x_wconf 84' lang='lat' dir='ltr'><strong>ab</strong></span> <span class='ocrx_word' id='word_1_145' title='bbox 468 1415 549 1448; x_wconf 81' lang='lat' dir='ltr'><strong>inf.=</strong></span> <span class='ocrx_word' id='word_1_146' title='bbox 586 1416 687 1445; x_wconf 78' lang='grc' dir='ltr'><em>θεῖον</em></span> 
     </span>
     <span class='ocr_line' id='line_1_22' title="bbox 41 1458 687 1509; baseline -0.011 -13"><span class='ocrx_word' id='word_1_147' title='bbox 41 1464 108 1509; x_wconf 73' lang='grc' dir='ltr'><strong>γὰρ</strong></span> <span class='ocrx_word' id='word_1_148' title='bbox 148 1459 211 1495; x_wconf 70' lang='grc' dir='ltr'><strong>οὖν</strong></span> <span class='ocrx_word' id='word_1_149' title='bbox 251 1461 290 1503; x_wconf 71' lang='grc' dir='ltr'><strong>δὴ</strong></span> <span class='ocrx_word' id='word_1_150' title='bbox 332 1461 387 1492; x_wconf 72' lang='grc' dir='ltr'><strong>καὶ</strong></span> <span class='ocrx_word' id='word_1_151' title='bbox 419 1460 459 1492; x_wconf 80' lang='grc' dir='ltr'><strong>τὸ</strong></span> <span class='ocrx_word' id='word_1_152' title='bbox 506 1458 687 1501; x_wconf 73' lang='grc' dir='ltr'><em>ποιητικόν</em></span> 
     </span>
     <span class='ocr_line' id='line_1_23' title="bbox 43 1504 687 1552; baseline -0.011 -10"><span class='ocrx_word' id='word_1_153' title='bbox 43 1513 117 1542; x_wconf 65' lang='lat' dir='ltr'><strong>lan</strong></span> <span class='ocrx_word' id='word_1_154' title='bbox 148 1514 266 1552; x_wconf 71' lang='grc' dir='ltr'><strong>γένος,</strong></span> <span class='ocrx_word' id='word_1_155' title='bbox 310 1506 354 1545; x_wconf 80' lang='grc' dir='ltr'><strong>ὦς</strong></span> <span class='ocrx_word' id='word_1_156' title='bbox 384 1507 419 1539; x_wconf 70' lang='grc' dir='ltr'><strong>ἔν’</strong></span> <span class='ocrx_word' id='word_1_157' title='bbox 446 1506 566 1541; x_wconf 79' lang='grc' dir='ltr'><em>ἄλλοις</em></span> <span class='ocrx_word' id='word_1_158' title='bbox 597 1504 687 1536; x_wconf 66' lang='grc' dir='ltr'><em>εἶπεν</em></span> 
     </span>
     <span class='ocr_line' id='line_1_24' title="bbox 43 1551 686 1594; baseline -0.008 -7"><span class='ocrx_word' id='word_1_159' title='bbox 43 1555 167 1590; x_wconf 76' lang='grc' dir='ltr'><strong>αὐτός.</strong></span> <span class='ocrx_word' id='word_1_160' title='bbox 223 1553 436 1594; x_wconf 73' lang='lat' dir='ltr'><strong>Quamquam</strong></span> <span class='ocrx_word' id='word_1_161' title='bbox 487 1552 581 1584; x_wconf 81' lang='lat' dir='ltr'><strong>idem</strong></span> <span class='ocrx_word' id='word_1_162' title='bbox 627 1551 686 1583; x_wconf 86' lang='lat' dir='ltr'><strong>ille</strong></span> 
     </span>
     <span class='ocr_line' id='line_1_25' title="bbox 43 1596 683 1639; baseline -0.011 -5"><span class='ocrx_word' id='word_1_163' title='bbox 43 1611 111 1634; x_wconf 87' lang='lat' dir='ltr'><strong>uno</strong></span> <span class='ocrx_word' id='word_1_164' title='bbox 137 1601 261 1632; x_wconf 82' lang='lat' dir='ltr'><strong>saitem</strong></span> <span class='ocrx_word' id='word_1_165' title='bbox 286 1599 366 1630; x_wconf 85' lang='lat' dir='ltr'><strong>loco</strong></span> <span class='ocrx_word' id='word_1_166' title='bbox 383 1599 416 1630; x_wconf 90' lang='lat' dir='ltr'><strong>in</strong></span> <span class='ocrx_word' id='word_1_167' title='bbox 434 1598 534 1630; x_wconf 84' lang='lat' dir='ltr'><strong>Polit.</strong></span> <span class='ocrx_word' id='word_1_168' title='bbox 556 1608 587 1639; x_wconf 89' lang='lat' dir='ltr'><strong>p.</strong></span> <span class='ocrx_word' id='word_1_169' title='bbox 603 1596 683 1630; x_wconf 88' lang='lat'><strong>401.</strong></span> 
     </span>
     <span class='ocr_line' id='line_1_26' title="bbox 43 1641 685 1682; baseline -0.011 -2"><span class='ocrx_word' id='word_1_170' title='bbox 43 1659 74 1680; x_wconf 80' lang='lat' dir='ltr'><strong>v,</strong></span> <span class='ocrx_word' id='word_1_171' title='bbox 104 1647 158 1682; x_wconf 83' lang='lat'><strong>15.</strong></span> <span class='ocrx_word' id='word_1_172' title='bbox 185 1645 228 1677; x_wconf 78' lang='lat' dir='ltr'><strong>ab</strong></span> <span class='ocrx_word' id='word_1_173' title='bbox 254 1644 310 1676; x_wconf 77' lang='lat' dir='ltr'><strong>inf.</strong></span> <span class='ocrx_word' id='word_1_174' title='bbox 337 1642 567 1675; x_wconf 71' lang='grc' dir='ltr'><strong>ἐνθεαστικὸν</strong></span> <span class='ocrx_word' id='word_1_175' title='bbox 592 1641 685 1674; x_wconf 78' lang='lat' dir='ltr'><strong>istud</strong></span> 
     </span>
     <span class='ocr_line' id='line_1_27' title="bbox 43 1685 685 1735; baseline -0.011 -9"><span class='ocrx_word' id='word_1_176' title='bbox 43 1693 210 1735; x_wconf 79' lang='lat' dir='ltr'><strong>agnoscit.</strong></span> <span class='ocrx_word' id='word_1_177' title='bbox 267 1690 395 1722; x_wconf 77' lang='lat' dir='ltr'>Scribit</span> <span class='ocrx_word' id='word_1_178' title='bbox 433 1688 522 1721; x_wconf 87' lang='lat' dir='ltr'><strong>enim</strong></span> <span class='ocrx_word' id='word_1_179' title='bbox 561 1689 626 1720; x_wconf 83' lang='lat' dir='ltr'><strong>sic:</strong></span> <span class='ocrx_word' id='word_1_180' title='bbox 666 1685 685 1719; x_wconf 85' lang='grc' dir='ltr'>ὁ</span> 
     </span>
     <span class='ocr_line' id='line_1_28' title="bbox 43 1733 684 1782; baseline -0.006 -13"><span class='ocrx_word' id='word_1_181' title='bbox 43 1740 103 1782; x_wconf 65' lang='grc' dir='ltr'><strong>μὲν</strong></span> <span class='ocrx_word' id='word_1_182' title='bbox 126 1737 191 1780; x_wconf 67' lang='grc' dir='ltr'><strong>γὰρ</strong></span> <span class='ocrx_word' id='word_1_183' title='bbox 211 1738 310 1768; x_wconf 71' lang='grc' dir='ltr'><em>θεῖον</em></span> <span class='ocrx_word' id='word_1_184' title='bbox 329 1734 412 1779; x_wconf 79' lang='grc' dir='ltr'><strong><em>φησὶ</em></strong></span> <span class='ocrx_word' id='word_1_185' title='bbox 436 1734 492 1765; x_wconf 79' lang='grc' dir='ltr'><strong>καὶ</strong></span> <span class='ocrx_word' id='word_1_186' title='bbox 516 1733 555 1765; x_wconf 76' lang='grc' dir='ltr'><strong>τὸ</strong></span> <span class='ocrx_word' id='word_1_187' title='bbox 585 1745 684 1774; x_wconf 70' lang='lat' dir='ltr'><strong>nom]—</strong></span> 
     </span>
     <span class='ocr_line' id='line_1_29' title="bbox 43 1778 684 1822; baseline -0.011 -6"><span class='ocrx_word' id='word_1_188' title='bbox 43 1782 140 1816; x_wconf 75' lang='grc' dir='ltr'><strong>τικόν</strong></span> <span class='ocrx_word' id='word_1_189' title='bbox 155 1780 381 1814; x_wconf 67' lang='grc' dir='ltr'><strong>ἐνθεαστικὸν</strong></span> <span class='ocrx_word' id='word_1_190' title='bbox 396 1778 436 1812; x_wconf 71' lang='grc' dir='ltr'><strong>ὃν</strong></span> <span class='ocrx_word' id='word_1_191' title='bbox 452 1783 547 1822; x_wconf 69' lang='grc' dir='ltr'><em>γένος</em></span> <span class='ocrx_word' id='word_1_192' title='bbox 571 1778 684 1820; x_wconf 62' lang='lat' dir='ltr'><strong>nimm-</strong></span> 
     </span>
     <span class='ocr_line' id='line_1_30' title="bbox 45 1822 685 1868; baseline -0.009 -7"><span class='ocrx_word' id='word_1_193' title='bbox 45 1830 130 1862; x_wconf 77' lang='grc' dir='ltr'><strong>δοῦν</strong></span> <span class='ocrx_word' id='word_1_194' title='bbox 158 1826 220 1860; x_wconf 72' lang='grc' dir='ltr'><strong>σύν</strong></span> <span class='ocrx_word' id='word_1_195' title='bbox 251 1836 317 1858; x_wconf 77' lang='grc' dir='ltr'><strong><em>τισι</em></strong></span> <span class='ocrx_word' id='word_1_196' title='bbox 343 1825 471 1868; x_wconf 80' lang='grc' dir='ltr'><em>Χάρισι</em></span> <span class='ocrx_word' id='word_1_197' title='bbox 495 1825 551 1856; x_wconf 75' lang='grc' dir='ltr'><strong>καὶ</strong></span> <span class='ocrx_word' id='word_1_198' title='bbox 577 1822 685 1856; x_wconf 73' lang='grc' dir='ltr'><em>Μού-</em></span> 
     </span>
     <span class='ocr_line' id='line_1_31' title="bbox 14 1869 684 1913; baseline -0.007 -7"><span class='ocrx_word' id='word_1_199' title='bbox 14 1890 18 1893; x_wconf 44' lang='lat'>*</span> <span class='ocrx_word' id='word_1_200' title='bbox 45 1887 120 1911; x_wconf 83' lang='grc' dir='ltr'><strong><em>σαις</em></strong></span> <span class='ocrx_word' id='word_1_201' title='bbox 144 1885 180 1904; x_wconf 75' lang='grc' dir='ltr'><strong>-κ,</strong></span> <span class='ocrx_word' id='word_1_202' title='bbox 211 1884 242 1903; x_wconf 86' lang='grc' dir='ltr'><strong>τ.</strong></span> <span class='ocrx_word' id='word_1_203' title='bbox 277 1871 308 1913; x_wconf 66' lang='lat'><strong>2.</strong></span> <span class='ocrx_word' id='word_1_204' title='bbox 361 1870 535 1905; x_wconf 78' lang='lat' dir='ltr'><strong>Quocirca</strong></span> <span class='ocrx_word' id='word_1_205' title='bbox 576 1869 684 1901; x_wconf 75' lang='lat' dir='ltr'><strong>videri</strong></span> 
     </span>
     <span class='ocr_line' id='line_1_32' title="bbox 46 1915 686 1961; baseline -0.008 -9"><span class='ocrx_word' id='word_1_206' title='bbox 46 1923 162 1961; x_wconf 81' lang='lat' dir='ltr'><strong>potest</strong></span> <span class='ocrx_word' id='word_1_207' title='bbox 185 1917 238 1950; x_wconf 78' lang='lat' dir='ltr'><strong>hic</strong></span> <span class='ocrx_word' id='word_1_208' title='bbox 264 1918 339 1958; x_wconf 84' lang='lat' dir='ltr'><strong>ipse</strong></span> <span class='ocrx_word' id='word_1_209' title='bbox 364 1925 461 1949; x_wconf 85' lang='lat' dir='ltr'><strong>more</strong></span> <span class='ocrx_word' id='word_1_210' title='bbox 479 1925 546 1947; x_wconf 86' lang='lat' dir='ltr'><strong>suo</strong></span> <span class='ocrx_word' id='word_1_211' title='bbox 571 1915 686 1947; x_wconf 88' lang='lat' dir='ltr'><strong>locum</strong></span> 
     </span>
     <span class='ocr_line' id='line_1_33' title="bbox 43 1959 687 2006; baseline -0.011 -8"><span class='ocrx_word' id='word_1_212' title='bbox 43 1963 306 2006; x_wconf 82' lang='lat' dir='ltr'><strong>interpoiavisse</strong></span> <span class='ocrx_word' id='word_1_213' title='bbox 319 1961 479 2003; x_wconf 80' lang='lat' dir='ltr'><strong>adeoque</strong></span> <span class='ocrx_word' id='word_1_214' title='bbox 498 1961 602 2003; x_wconf 85' lang='lat' dir='ltr'><strong>inepti</strong></span> <span class='ocrx_word' id='word_1_215' title='bbox 627 1959 687 1992; x_wconf 85' lang='lat' dir='ltr'><strong>ad-</strong></span> 
     </span>
     <span class='ocr_line' id='line_1_34' title="bbox 44 2005 686 2044; baseline -0.011 0"><span class='ocrx_word' id='word_1_216' title='bbox 44 2011 225 2044; x_wconf 84' lang='lat' dir='ltr'><strong>ditamenti</strong></span> <span class='ocrx_word' id='word_1_217' title='bbox 255 2012 378 2040; x_wconf 78' lang='lat' dir='ltr'><strong>auctor</strong></span> <span class='ocrx_word' id='word_1_218' title='bbox 408 2007 576 2040; x_wconf 74' lang='lat' dir='ltr'><strong>extitisse.</strong></span> <span class='ocrx_word' id='word_1_219' title='bbox 630 2005 686 2037; x_wconf 88' lang='lat' dir='ltr'><strong>Si-</strong></span> 
     </span>
     <span class='ocr_line' id='line_1_35' title="bbox 45 2051 687 2100; baseline -0.009 -12"><span class='ocrx_word' id='word_1_220' title='bbox 45 2057 226 2100; x_wconf 82' lang='lat' dir='ltr'><strong>gnificatur</strong></span> <span class='ocrx_word' id='word_1_221' title='bbox 249 2058 367 2086; x_wconf 83' lang='lat' dir='ltr'><strong>autem</strong></span> <span class='ocrx_word' id='word_1_222' title='bbox 386 2051 435 2084; x_wconf 82' lang='lat' dir='ltr'><strong>his</strong></span> <span class='ocrx_word' id='word_1_223' title='bbox 450 2052 575 2092; x_wconf 79' lang='lat' dir='ltr'><strong>verbis,</strong></span> <span class='ocrx_word' id='word_1_224' title='bbox 602 2053 687 2093; x_wconf 72' lang='lat' dir='ltr'><strong>poe*-</strong></span> 
     </span>
     <span class='ocr_line' id='line_1_36' title="bbox 45 2097 689 2138; baseline -0.011 -3"><span class='ocrx_word' id='word_1_225' title='bbox 45 2107 99 2135; x_wconf 84' lang='lat' dir='ltr'><strong>tas</strong></span> <span class='ocrx_word' id='word_1_226' title='bbox 145 2100 317 2133; x_wconf 87' lang='lat' dir='ltr'><strong>interdum</strong></span> <span class='ocrx_word' id='word_1_227' title='bbox 377 2098 490 2130; x_wconf 88' lang='lat' dir='ltr'><strong>divino</strong></span> <span class='ocrx_word' id='word_1_228' title='bbox 538 2097 689 2138; x_wconf 87' lang='lat' dir='ltr'><strong>quodam</strong></span> 
     </span>
     <span class='ocr_line' id='line_1_37' title="bbox 46 2142 688 2190; baseline -0.009 -10"><span class='ocrx_word' id='word_1_229' title='bbox 46 2147 167 2190; x_wconf 77' lang='lat' dir='ltr'><strong>spiritu</strong></span> <span class='ocrx_word' id='word_1_230' title='bbox 190 2146 343 2187; x_wconf 83' lang='lat' dir='ltr'><strong>agitatos</strong></span> <span class='ocrx_word' id='word_1_231' title='bbox 375 2145 428 2176; x_wconf 83' lang='lat' dir='ltr'><strong>vei</strong></span> <span class='ocrx_word' id='word_1_232' title='bbox 449 2142 688 2185; x_wconf 76' lang='lat' dir='ltr'><strong>imprudentes</strong></span> 
     </span>
     <span class='ocr_line' id='line_1_38' title="bbox 46 2189 690 2234; baseline -0.009 -9"><span class='ocrx_word' id='word_1_233' title='bbox 46 2197 149 2234; x_wconf 85' lang='lat' dir='ltr'><strong>atque</strong></span> <span class='ocrx_word' id='word_1_234' title='bbox 166 2192 292 2223; x_wconf 81' lang='lat' dir='ltr'><strong>inscios</strong></span> <span class='ocrx_word' id='word_1_235' title='bbox 311 2200 392 2223; x_wconf 79' lang='lat' dir='ltr'><strong>vera</strong></span> <span class='ocrx_word' id='word_1_236' title='bbox 409 2190 559 2230; x_wconf 77' lang='lat' dir='ltr'><strong>assequi.</strong></span> <span class='ocrx_word' id='word_1_237' title='bbox 586 2189 690 2223; x_wconf 87' lang='lat' dir='ltr'><strong>Quae</strong></span> 
     </span>
     <span class='ocr_line' id='line_1_39' title="bbox 47 2234 688 2278; baseline -0.008 -8"><span class='ocrx_word' id='word_1_238' title='bbox 47 2237 223 2271; x_wconf 79' lang='lat' dir='ltr'><strong>sententia</strong></span> <span class='ocrx_word' id='word_1_239' title='bbox 249 2236 341 2278; x_wconf 86' lang='lat' dir='ltr'><strong>apud</strong></span> <span class='ocrx_word' id='word_1_240' title='bbox 373 2235 555 2268; x_wconf 83' lang='lat' dir='ltr'><strong>Platonem</strong></span> <span class='ocrx_word' id='word_1_241' title='bbox 589 2234 688 2266; x_wconf 86' lang='lat' dir='ltr'><strong>iden-</strong></span> 
     </span>
     <span class='ocr_line' id='line_1_40' title="bbox 47 2279 688 2322; baseline -0.005 -6"><span class='ocrx_word' id='word_1_242' title='bbox 47 2283 155 2316; x_wconf 85' lang='lat' dir='ltr'><strong>tidem</strong></span> <span class='ocrx_word' id='word_1_243' title='bbox 194 2282 405 2322; x_wconf 80' lang='lat' dir='ltr'><strong>incuieatur,</strong></span> <span class='ocrx_word' id='word_1_244' title='bbox 452 2281 500 2313; x_wconf 86' lang='lat' dir='ltr'><strong>ita</strong></span> <span class='ocrx_word' id='word_1_245' title='bbox 536 2279 688 2321; x_wconf 85' lang='lat' dir='ltr'><strong>quidem,</strong></span> 
     </span>
     <span class='ocr_line' id='line_1_41' title="bbox 49 2325 689 2368; baseline -0.008 -6"><span class='ocrx_word' id='word_1_246' title='bbox 49 2333 87 2362; x_wconf 89' lang='lat' dir='ltr'><strong>ut</strong></span> <span class='ocrx_word' id='word_1_247' title='bbox 110 2337 200 2360; x_wconf 87' lang='lat' dir='ltr'><strong>nunc</strong></span> <span class='ocrx_word' id='word_1_248' title='bbox 224 2327 349 2368; x_wconf 79' lang='lat' dir='ltr'><strong>aliquid</strong></span> <span class='ocrx_word' id='word_1_249' title='bbox 365 2326 476 2359; x_wconf 77' lang='lat' dir='ltr'><strong>laudis</strong></span> <span class='ocrx_word' id='word_1_250' title='bbox 502 2325 689 2366; x_wconf 88' lang='lat' dir='ltr'><strong>contineat,</strong></span> 
     </span>
     <span class='ocr_line' id='line_1_42' title="bbox 48 2371 688 2415; baseline -0.006 -8"><span class='ocrx_word' id='word_1_251' title='bbox 48 2383 138 2407; x_wconf 75' lang='lat' dir='ltr'><strong>nunc</strong></span> <span class='ocrx_word' id='word_1_252' title='bbox 167 2372 361 2415; x_wconf 78' lang='lat' dir='ltr'><strong>proferatur</strong></span> <span class='ocrx_word' id='word_1_253' title='bbox 391 2382 465 2405; x_wconf 86' lang='lat' dir='ltr'><strong>cum</strong></span> <span class='ocrx_word' id='word_1_254' title='bbox 485 2373 612 2412; x_wconf 16' lang='lat' dir='ltr'><strong>*aliqua</strong></span> <span class='ocrx_word' id='word_1_255' title='bbox 642 2371 688 2404; x_wconf 88' lang='lat' dir='ltr'><strong>ir-</strong></span> 
     </span>
     <span class='ocr_line' id='line_1_43' title="bbox 48 2417 687 2459; baseline -0.005 -7"><span class='ocrx_word' id='word_1_256' title='bbox 48 2419 198 2459; x_wconf 78' lang='lat' dir='ltr'><strong>risione,</strong></span> <span class='ocrx_word' id='word_1_257' title='bbox 240 2417 517 2459; x_wconf 73' lang='lat' dir='ltr'><strong>quandoquidem</strong></span> <span class='ocrx_word' id='word_1_258' title='bbox 563 2417 687 2459; x_wconf 72' lang='lat' dir='ltr'><strong>poetae</strong></span> 
     </span>
     <span class='ocr_line' id='line_1_44' title="bbox 49 2463 686 2506; baseline -0.003 -9"><span class='ocrx_word' id='word_1_259' title='bbox 49 2463 194 2497; x_wconf 78' lang='lat' dir='ltr'><strong>subinde</strong></span> <span class='ocrx_word' id='word_1_260' title='bbox 224 2473 286 2506; x_wconf 86' lang='lat' dir='ltr'><strong>per</strong></span> <span class='ocrx_word' id='word_1_261' title='bbox 317 2473 391 2496; x_wconf 87' lang='lat' dir='ltr'><strong>eam</strong></span> <span class='ocrx_word' id='word_1_262' title='bbox 429 2463 606 2505; x_wconf 75' lang='lat' dir='ltr'><strong>privantur</strong></span> <span class='ocrx_word' id='word_1_263' title='bbox 630 2472 686 2495; x_wconf 88' lang='lat' dir='ltr'><strong>ve-</strong></span> 
     </span>
     <span class='ocr_line' id='line_1_45' title="bbox 47 2508 687 2550; baseline -0.006 -7"><span class='ocrx_word' id='word_1_264' title='bbox 47 2520 107 2543; x_wconf 84' lang='lat' dir='ltr'><strong>rae</strong></span> <span class='ocrx_word' id='word_1_265' title='bbox 132 2508 296 2541; x_wconf 71' lang='lat' dir='ltr'><strong>scientiae</strong></span> <span class='ocrx_word' id='word_1_266' title='bbox 311 2508 425 2541; x_wconf 81' lang='lat' dir='ltr'><strong>laude.</strong></span> <span class='ocrx_word' id='word_1_267' title='bbox 469 2509 594 2550; x_wconf 87' lang='lat' dir='ltr'><strong>Itaque</strong></span> <span class='ocrx_word' id='word_1_268' title='bbox 618 2508 687 2540; x_wconf 91' lang='lat' dir='ltr'><strong>siu-</strong></span> 
     </span>
     <span class='ocr_line' id='line_1_46' title="bbox 47 2552 684 2598; baseline -0.003 -10"><span class='ocrx_word' id='word_1_269' title='bbox 47 2555 138 2598; x_wconf 81' lang='lat' dir='ltr'><strong>guiis</strong></span> <span class='ocrx_word' id='word_1_270' title='bbox 169 2553 256 2587; x_wconf 82' lang='lat' dir='ltr'><strong>iocis</strong></span> <span class='ocrx_word' id='word_1_271' title='bbox 287 2552 466 2596; x_wconf 79' lang='lat' dir='ltr'><strong>diiigenter</strong></span> <span class='ocrx_word' id='word_1_272' title='bbox 500 2552 684 2586; x_wconf 83' lang='lat' dir='ltr'><strong>videndum</strong></span> 
     </span>
     <span class='ocr_line' id='line_1_47' title="bbox 49 2599 686 2642; baseline -0.005 -8"><span class='ocrx_word' id='word_1_273' title='bbox 49 2605 113 2638; x_wconf 84' lang='lat' dir='ltr'><strong>est,</strong></span> <span class='ocrx_word' id='word_1_274' title='bbox 138 2609 303 2642; x_wconf 83' lang='lat' dir='ltr'><strong>quorsum</strong></span> <span class='ocrx_word' id='word_1_275' title='bbox 330 2602 466 2642; x_wconf 77' lang='lat' dir='ltr'><strong>spectet</strong></span> <span class='ocrx_word' id='word_1_276' title='bbox 482 2599 686 2642; x_wconf 81' lang='lat' dir='ltr'><strong>disputatio,</strong></span> 
     </span>
     <span class='ocr_line' id='line_1_48' title="bbox 49 2643 685 2689; baseline -0.005 -10"><span class='ocrx_word' id='word_1_277' title='bbox 49 2655 160 2689; x_wconf 88' lang='lat' dir='ltr'><strong>neque</strong></span> <span class='ocrx_word' id='word_1_278' title='bbox 189 2643 501 2689; x_wconf 48' lang='lat' dir='ltr'><strong>committendum„</strong></span> <span class='ocrx_word' id='word_1_279' title='bbox 527 2648 566 2678; x_wconf 91' lang='lat' dir='ltr'><strong>ut</strong></span> <span class='ocrx_word' id='word_1_280' title='bbox 594 2643 685 2686; x_wconf 89' lang='lat' dir='ltr'><strong>quod</strong></span> 
     </span>
     <span class='ocr_line' id='line_1_49' title="bbox 50 2689 684 2733; baseline -0.006 -8"><span class='ocrx_word' id='word_1_281' title='bbox 50 2692 94 2725; x_wconf 84' lang='lat' dir='ltr'><strong>de</strong></span> <span class='ocrx_word' id='word_1_282' title='bbox 116 2701 184 2725; x_wconf 86' lang='lat' dir='ltr'><strong>uno</strong></span> <span class='ocrx_word' id='word_1_283' title='bbox 220 2692 300 2724; x_wconf 90' lang='lat' dir='ltr'><strong>loco</strong></span> <span class='ocrx_word' id='word_1_284' title='bbox 325 2690 430 2724; x_wconf 84' lang='lat' dir='ltr'><strong>statui</strong></span> <span class='ocrx_word' id='word_1_285' title='bbox 456 2693 617 2733; x_wconf 87' lang='lat' dir='ltr'><strong>oportet,</strong></span> <span class='ocrx_word' id='word_1_286' title='bbox 652 2689 684 2722; x_wconf 91' lang='lat' dir='ltr'><strong>id</strong></span> 
     </span>
    </p>
   </div>
   <div class='ocr_carea' id='block_1_10' title="bbox 751 1045 1401 2732">
    <p class='ocr_par' dir='ltr' id='par_1_10' title="bbox 751 1045 1401 2587">
     <span class='ocr_line' id='line_1_50' title="bbox 755 1045 1396 1085; baseline 0.005 -9"><span class='ocrx_word' id='word_1_287' title='bbox 755 1048 917 1085; x_wconf 84' lang='lat' dir='ltr'><strong>protenus</strong></span> <span class='ocrx_word' id='word_1_288' title='bbox 945 1045 1045 1078; x_wconf 81' lang='lat' dir='ltr'><strong>etium</strong></span> <span class='ocrx_word' id='word_1_289' title='bbox 1083 1046 1115 1078; x_wconf 90' lang='lat' dir='ltr'><strong>iu</strong></span> <span class='ocrx_word' id='word_1_290' title='bbox 1140 1047 1242 1080; x_wconf 82' lang='lat' dir='ltr'><strong>niium</strong></span> <span class='ocrx_word' id='word_1_291' title='bbox 1271 1057 1396 1080; x_wconf 87' lang='lat' dir='ltr'><strong>couve-</strong></span> 
     </span>
     <span class='ocr_line' id='line_1_51' title="bbox 751 1091 1398 1134; baseline 0.005 -13"><span class='ocrx_word' id='word_1_292' title='bbox 751 1091 823 1122; x_wconf 88' lang='lat' dir='ltr'><strong>nire</strong></span> <span class='ocrx_word' id='word_1_293' title='bbox 848 1091 1099 1127; x_wconf 80' lang='lat' dir='ltr'><strong>existimemus.</strong></span> <span class='ocrx_word' id='word_1_294' title='bbox 1137 1093 1398 1134; x_wconf 79' lang='lat' dir='ltr'><strong>Disputnvimus</strong></span> 
     </span>
     <span class='ocr_line' id='line_1_52' title="bbox 752 1135 1398 1182; baseline 0.008 -15"><span class='ocrx_word' id='word_1_295' title='bbox 752 1135 794 1167; x_wconf 90' lang='lat' dir='ltr'><strong>de</strong></span> <span class='ocrx_word' id='word_1_296' title='bbox 821 1135 882 1168; x_wconf 83' lang='lat' dir='ltr'><strong>hac</strong></span> <span class='ocrx_word' id='word_1_297' title='bbox 919 1147 956 1169; x_wconf 88' lang='lat' dir='ltr'><strong>re</strong></span> <span class='ocrx_word' id='word_1_298' title='bbox 982 1147 1090 1180; x_wconf 87' lang='lat' dir='ltr'><strong>nuper</strong></span> <span class='ocrx_word' id='word_1_299' title='bbox 1115 1139 1147 1171; x_wconf 91' lang='lat' dir='ltr'><strong>in</strong></span> <span class='ocrx_word' id='word_1_300' title='bbox 1176 1139 1398 1182; x_wconf 83' lang='lat' dir='ltr'><strong>Programm.</strong></span> 
     </span>
     <span class='ocr_line' id='line_1_53' title="bbox 753 1182 1398 1223; baseline 0.008 -10"><span class='ocrx_word' id='word_1_301' title='bbox 753 1182 811 1213; x_wconf 86' lang='lat' dir='ltr'><strong>De</strong></span> <span class='ocrx_word' id='word_1_302' title='bbox 836 1183 1048 1223; x_wconf 83' lang='lat' dir='ltr'><strong>gradibus</strong></span> <span class='ocrx_word' id='word_1_303' title='bbox 1083 1184 1299 1217; x_wconf 80' lang='lat' dir='ltr'><strong>virtutum</strong></span> <span class='ocrx_word' id='word_1_304' title='bbox 1334 1195 1398 1217; x_wconf 85' lang='lat' dir='ltr'><strong>se-</strong></span> 
     </span>
     <span class='ocr_line' id='line_1_54' title="bbox 752 1229 1396 1272; baseline 0.006 -13"><span class='ocrx_word' id='word_1_305' title='bbox 752 1229 936 1260; x_wconf 87' lang='lat' dir='ltr'><strong>cundum</strong></span> <span class='ocrx_word' id='word_1_306' title='bbox 971 1230 1154 1262; x_wconf 87' lang='lat' dir='ltr'><strong>Platone</strong></span> <span class='ocrx_word' id='word_1_307' title='bbox 1179 1230 1274 1272; x_wconf 65' lang='lat' dir='ltr'><strong>[Aps.</strong></span> <span class='ocrx_word' id='word_1_308' title='bbox 1292 1230 1396 1265; x_wconf 82' lang='lat'><strong>1844.</strong></span> 
     </span>
     <span class='ocr_line' id='line_1_55' title="bbox 751 1273 1396 1318; baseline 0 -10"><span class='ocrx_word' id='word_1_309' title='bbox 751 1273 784 1308; x_wconf 85' lang='lat'><strong>4.</strong></span> <span class='ocrx_word' id='word_1_310' title='bbox 812 1284 844 1313; x_wconf 80' lang='grc' dir='ltr'><strong>ρ.</strong></span> <span class='ocrx_word' id='word_1_311' title='bbox 874 1274 917 1308; x_wconf 89' lang='grc'><strong>19</strong></span> <span class='ocrx_word' id='word_1_312' title='bbox 943 1285 1017 1316; x_wconf 80' lang='lat' dir='ltr'><strong>sqq.</strong></span> <span class='ocrx_word' id='word_1_313' title='bbox 1046 1275 1137 1308; x_wconf 86' lang='lat' dir='ltr'><strong>conf.</strong></span> <span class='ocrx_word' id='word_1_314' title='bbox 1168 1277 1269 1318; x_wconf 79' lang='lat' dir='ltr'><strong>Apol.</strong></span> <span class='ocrx_word' id='word_1_315' title='bbox 1294 1277 1396 1310; x_wconf 90' lang='lat' dir='ltr'><strong>Socr.</strong></span> 
     </span>
     <span class='ocr_line' id='line_1_56' title="bbox 755 1319 1396 1363; baseline 0.005 -12"><span class='ocrx_word' id='word_1_316' title='bbox 755 1330 787 1361; x_wconf 93' lang='lat' dir='ltr'><strong>p.</strong></span> <span class='ocrx_word' id='word_1_317' title='bbox 814 1319 869 1353; x_wconf 77' lang='lat'><strong>22.</strong></span> <span class='ocrx_word' id='word_1_318' title='bbox 898 1321 943 1356; x_wconf 85' lang='lat' dir='ltr'><strong>A.</strong></span> <span class='ocrx_word' id='word_1_319' title='bbox 971 1321 1109 1354; x_wconf 86' lang='lat' dir='ltr'><strong>Menon.</strong></span> <span class='ocrx_word' id='word_1_320' title='bbox 1127 1332 1159 1363; x_wconf 91' lang='lat' dir='ltr'><strong>p.</strong></span> <span class='ocrx_word' id='word_1_321' title='bbox 1182 1322 1238 1356; x_wconf 84' lang='lat'><strong>99.</strong></span> <span class='ocrx_word' id='word_1_322' title='bbox 1254 1323 1295 1355; x_wconf 94' lang='lat' dir='ltr'><strong>D.</strong></span> <span class='ocrx_word' id='word_1_323' title='bbox 1321 1323 1396 1356; x_wconf 89' lang='lat' dir='ltr'><strong>Ion.</strong></span> 
     </span>
     <span class='ocr_line' id='line_1_57' title="bbox 755 1365 1398 1409; baseline 0.006 -12"><span class='ocrx_word' id='word_1_324' title='bbox 755 1376 788 1408; x_wconf 89' lang='lat' dir='ltr'><strong>p.</strong></span> <span class='ocrx_word' id='word_1_325' title='bbox 818 1365 898 1402; x_wconf 76' lang='lat'><strong>534.</strong></span> <span class='ocrx_word' id='word_1_326' title='bbox 927 1369 951 1398; x_wconf 84' lang='lat' dir='ltr'><strong>A</strong></span> <span class='ocrx_word' id='word_1_327' title='bbox 980 1377 1055 1409; x_wconf 87' lang='lat' dir='ltr'><strong>sqq.</strong></span> <span class='ocrx_word' id='word_1_328' title='bbox 1081 1378 1115 1409; x_wconf 87' lang='lat' dir='ltr'><strong>p.</strong></span> <span class='ocrx_word' id='word_1_329' title='bbox 1131 1367 1212 1402; x_wconf 87' lang='lat'><strong>536.</strong></span> <span class='ocrx_word' id='word_1_330' title='bbox 1231 1369 1271 1403; x_wconf 88' lang='lat' dir='ltr'><strong>D.</strong></span> <span class='ocrx_word' id='word_1_331' title='bbox 1300 1371 1398 1405; x_wconf 75' lang='lat' dir='ltr'><strong>Quo-</strong></span> 
     </span>
     <span class='ocr_line' id='line_1_58' title="bbox 755 1413 1399 1456; baseline 0.006 -13"><span class='ocrx_word' id='word_1_332' title='bbox 755 1413 843 1444; x_wconf 85' lang='lat' dir='ltr'><strong>niam</strong></span> <span class='ocrx_word' id='word_1_333' title='bbox 882 1423 963 1445; x_wconf 74' lang='lat' dir='ltr'><strong>vero</strong></span> <span class='ocrx_word' id='word_1_334' title='bbox 1002 1413 1128 1456; x_wconf 70' lang='lat' dir='ltr'><strong>poetae</strong></span> <span class='ocrx_word' id='word_1_335' title='bbox 1168 1414 1284 1446; x_wconf 77' lang='lat' dir='ltr'><strong>divino</strong></span> <span class='ocrx_word' id='word_1_336' title='bbox 1323 1419 1399 1447; x_wconf 84' lang='lat' dir='ltr'><strong>tan-</strong></span> 
     </span>
     <span class='ocr_line' id='line_1_59' title="bbox 754 1459 1392 1502; baseline 0.003 -12"><span class='ocrx_word' id='word_1_337' title='bbox 754 1467 856 1499; x_wconf 83' lang='lat' dir='ltr'><strong>quam</strong></span> <span class='ocrx_word' id='word_1_338' title='bbox 883 1459 1005 1500; x_wconf 81' lang='lat' dir='ltr'><strong>spiritu</strong></span> <span class='ocrx_word' id='word_1_339' title='bbox 1024 1459 1128 1491; x_wconf 84' lang='lat' dir='ltr'><strong>inflati</strong></span> <span class='ocrx_word' id='word_1_340' title='bbox 1144 1459 1186 1492; x_wconf 90' lang='lat' dir='ltr'><strong>ad</strong></span> <span class='ocrx_word' id='word_1_341' title='bbox 1206 1470 1286 1492; x_wconf 79' lang='lat' dir='ltr'><strong>vera</strong></span> <span class='ocrx_word' id='word_1_342' title='bbox 1311 1470 1392 1502; x_wconf 89' lang='lat' dir='ltr'><strong>per-</strong></span> 
     </span>
     <span class='ocr_line' id='line_1_60' title="bbox 754 1504 1400 1546; baseline 0.006 -12"><span class='ocrx_word' id='word_1_343' title='bbox 754 1504 943 1543; x_wconf 80' lang='lat' dir='ltr'><strong>ducuntur,</strong></span> <span class='ocrx_word' id='word_1_344' title='bbox 994 1514 1104 1546; x_wconf 80' lang='lat' dir='ltr'><strong>genus</strong></span> <span class='ocrx_word' id='word_1_345' title='bbox 1142 1516 1264 1538; x_wconf 87' lang='lat' dir='ltr'><strong>eorum</strong></span> <span class='ocrx_word' id='word_1_346' title='bbox 1309 1515 1400 1538; x_wconf 89' lang='lat' dir='ltr'><strong>nunc</strong></span> 
     </span>
     <span class='ocr_line' id='line_1_61' title="bbox 754 1550 1401 1593; baseline 0.002 -11"><span class='ocrx_word' id='word_1_347' title='bbox 754 1550 880 1583; x_wconf 87' lang='lat' dir='ltr'><strong>dicitur</strong></span> <span class='ocrx_word' id='word_1_348' title='bbox 903 1553 970 1583; x_wconf 79' lang='grc' dir='ltr'><strong>τῶν</strong></span> <span class='ocrx_word' id='word_1_349' title='bbox 993 1550 1139 1591; x_wconf 75' lang='grc' dir='ltr'><em>ἀληθῶν</em></span> <span class='ocrx_word' id='word_1_350' title='bbox 1171 1550 1401 1593; x_wconf 67' lang='grc' dir='ltr'><strong><em>ἐφάπτεσθαι</em></strong></span> 
     </span>
     <span class='ocr_line' id='line_1_62' title="bbox 754 1595 1398 1639; baseline 0.002 -12"><span class='ocrx_word' id='word_1_351' title='bbox 754 1595 815 1627; x_wconf 77' lang='grc' dir='ltr'><strong>οὑν</strong></span> <span class='ocrx_word' id='word_1_352' title='bbox 848 1595 999 1639; x_wconf 68' lang='grc' dir='ltr'><strong><em>Χόρισίν</em></strong></span> <span class='ocrx_word' id='word_1_353' title='bbox 1028 1608 1100 1627; x_wconf 80' lang='grc' dir='ltr'><strong><em>τισι</em></strong></span> <span class='ocrx_word' id='word_1_354' title='bbox 1132 1597 1192 1627; x_wconf 76' lang='grc' dir='ltr'><strong>καὶ</strong></span> <span class='ocrx_word' id='word_1_355' title='bbox 1222 1595 1398 1636; x_wconf 69' lang='grc' dir='ltr'><em>Μούσαις,</em></span> 
     </span>
     <span class='ocr_line' id='line_1_63' title="bbox 754 1640 1401 1684; baseline 0.003 -11"><span class='ocrx_word' id='word_1_356' title='bbox 754 1640 783 1675; x_wconf 83' lang='lat' dir='ltr'><strong>h.</strong></span> <span class='ocrx_word' id='word_1_357' title='bbox 834 1652 863 1674; x_wconf 89' lang='lat' dir='ltr'><strong>e.</strong></span> <span class='ocrx_word' id='word_1_358' title='bbox 914 1651 994 1684; x_wconf 89' lang='lat' dir='ltr'><strong>ope</strong></span> <span class='ocrx_word' id='word_1_359' title='bbox 1042 1642 1299 1675; x_wconf 84' lang='lat' dir='ltr'><strong>Gratiarum</strong></span> <span class='ocrx_word' id='word_1_360' title='bbox 1354 1647 1401 1675; x_wconf 86' lang='lat' dir='ltr'><strong>et</strong></span> 
     </span>
     <span class='ocr_line' id='line_1_64' title="bbox 754 1686 1398 1729; baseline 0.002 -10"><span class='ocrx_word' id='word_1_361' title='bbox 754 1686 996 1729; x_wconf 76' lang='lat' dir='ltr'><strong>Musarum.</strong></span> <span class='ocrx_word' id='word_1_362' title='bbox 1045 1686 1106 1719; x_wconf 84' lang='lat' dir='ltr'><strong>Sic</strong></span> <span class='ocrx_word' id='word_1_363' title='bbox 1138 1689 1227 1720; x_wconf 88' lang='lat' dir='ltr'><strong>enirn</strong></span> <span class='ocrx_word' id='word_1_364' title='bbox 1256 1686 1320 1720; x_wconf 72' lang='lat' dir='ltr'><strong>av&#39;v</strong></span> <span class='ocrx_word' id='word_1_365' title='bbox 1346 1688 1398 1720; x_wconf 90' lang='lat' dir='ltr'><strong>in-</strong></span> 
     </span>
     <span class='ocr_line' id='line_1_65' title="bbox 753 1731 1394 1774; baseline 0.003 -11"><span class='ocrx_word' id='word_1_366' title='bbox 753 1731 1000 1774; x_wconf 81' lang='lat' dir='ltr'><strong>telligendum,</strong></span> <span class='ocrx_word' id='word_1_367' title='bbox 1030 1735 1069 1765; x_wconf 86' lang='lat' dir='ltr'><strong>nt</strong></span> <span class='ocrx_word' id='word_1_368' title='bbox 1094 1732 1129 1765; x_wconf 89' lang='lat' dir='ltr'><strong>in</strong></span> <span class='ocrx_word' id='word_1_369' title='bbox 1154 1733 1304 1766; x_wconf 81' lang='lat' dir='ltr'><strong>formula</strong></span> <span class='ocrx_word' id='word_1_370' title='bbox 1330 1732 1394 1766; x_wconf 77' lang='grc' dir='ltr'><strong>σὺν</strong></span> 
     </span>
     <span class='ocr_line' id='line_1_66' title="bbox 754 1778 1394 1822; baseline 0.005 -13"><span class='ocrx_word' id='word_1_371' title='bbox 754 1780 843 1822; x_wconf 71' lang='grc' dir='ltr'><strong>θεῷ,</strong></span> <span class='ocrx_word' id='word_1_372' title='bbox 876 1778 919 1810; x_wconf 88' lang='lat' dir='ltr'><strong>de</strong></span> <span class='ocrx_word' id='word_1_373' title='bbox 943 1788 1007 1820; x_wconf 85' lang='lat' dir='ltr'><strong>qua</strong></span> <span class='ocrx_word' id='word_1_374' title='bbox 1035 1789 1066 1810; x_wconf 92' lang='lat' dir='ltr'><strong>v.</strong></span> <span class='ocrx_word' id='word_1_375' title='bbox 1093 1789 1171 1812; x_wconf 80' lang='lat' dir='ltr'><strong>ann.</strong></span> <span class='ocrx_word' id='word_1_376' title='bbox 1197 1779 1241 1812; x_wconf 83' lang='lat' dir='ltr'><strong>ad</strong></span> <span class='ocrx_word' id='word_1_377' title='bbox 1269 1781 1394 1812; x_wconf 80' lang='lat' dir='ltr'><strong>Prota-</strong></span> 
     </span>
     <span class='ocr_line' id='line_1_67' title="bbox 753 1823 1395 1867; baseline 0.002 -12"><span class='ocrx_word' id='word_1_378' title='bbox 753 1834 827 1864; x_wconf 74' lang='lat' dir='ltr'><strong>gor.</strong></span> <span class='ocrx_word' id='word_1_379' title='bbox 863 1834 897 1866; x_wconf 88' lang='lat' dir='ltr'><strong>p.</strong></span> <span class='ocrx_word' id='word_1_380' title='bbox 929 1824 1010 1859; x_wconf 83' lang='lat'><strong>317.</strong></span> <span class='ocrx_word' id='word_1_381' title='bbox 1044 1823 1084 1856; x_wconf 89' lang='grc' dir='ltr'><strong>Β.</strong></span> <span class='ocrx_word' id='word_1_382' title='bbox 1119 1830 1154 1858; x_wconf 87' lang='lat' dir='ltr'><strong>et</strong></span> <span class='ocrx_word' id='word_1_383' title='bbox 1190 1825 1336 1858; x_wconf 78' lang='lat' dir='ltr'><strong>Tiieaet.</strong></span> <span class='ocrx_word' id='word_1_384' title='bbox 1363 1835 1395 1867; x_wconf 88' lang='lat' dir='ltr'><strong>p.</strong></span> 
     </span>
     <span class='ocr_line' id='line_1_68' title="bbox 755 1868 1396 1911; baseline -0.002 -8"><span class='ocrx_word' id='word_1_385' title='bbox 755 1868 832 1903; x_wconf 85' lang='lat'><strong>151.</strong></span> <span class='ocrx_word' id='word_1_386' title='bbox 858 1869 899 1902; x_wconf 87' lang='lat' dir='ltr'><strong>B.</strong></span> <span class='ocrx_word' id='word_1_387' title='bbox 950 1869 993 1901; x_wconf 78' lang='lat' dir='ltr'><strong>Et</strong></span> <span class='ocrx_word' id='word_1_388' title='bbox 1018 1870 1144 1903; x_wconf 79' lang='lat' dir='ltr'><strong>Musae</strong></span> <span class='ocrx_word' id='word_1_389' title='bbox 1169 1871 1307 1911; x_wconf 80' lang='lat' dir='ltr'><strong>quidem</strong></span> <span class='ocrx_word' id='word_1_390' title='bbox 1335 1880 1396 1902; x_wconf 78' lang='lat' dir='ltr'><strong>eur</strong></span> 
     </span>
     <span class='ocr_line' id='line_1_69' title="bbox 754 1914 1397 1949; baseline 0.002 -3"><span class='ocrx_word' id='word_1_391' title='bbox 754 1915 788 1946; x_wconf 87' lang='lat' dir='ltr'><strong>in</strong></span> <span class='ocrx_word' id='word_1_392' title='bbox 815 1914 876 1946; x_wconf 85' lang='lat' dir='ltr'><strong>hac</strong></span> <span class='ocrx_word' id='word_1_393' title='bbox 901 1924 1021 1947; x_wconf 80' lang='lat' dir='ltr'><strong>caussa</strong></span> <span class='ocrx_word' id='word_1_394' title='bbox 1048 1921 1304 1949; x_wconf 82' lang='lat' dir='ltr'><strong>memorentur.</strong></span> <span class='ocrx_word' id='word_1_395' title='bbox 1342 1916 1397 1947; x_wconf 81' lang='lat' dir='ltr'><strong>vix</strong></span> 
     </span>
     <span class='ocr_line' id='line_1_70' title="bbox 755 1959 1400 2002; baseline 0.005 -11"><span class='ocrx_word' id='word_1_396' title='bbox 755 1959 992 1992; x_wconf 85' lang='lat' dir='ltr'><strong>admonitione</strong></span> <span class='ocrx_word' id='word_1_397' title='bbox 1037 1959 1180 2002; x_wconf 82' lang='lat' dir='ltr'><strong>indiget.</strong></span> <span class='ocrx_word' id='word_1_398' title='bbox 1233 1960 1307 1994; x_wconf 88' lang='lat' dir='ltr'><strong>Sed</strong></span> <span class='ocrx_word' id='word_1_399' title='bbox 1355 1959 1400 1994; x_wconf 86' lang='lat' dir='ltr'><strong>de</strong></span> 
     </span>
     <span class='ocr_line' id='line_1_71' title="bbox 757 2005 1397 2047; baseline 0 -9"><span class='ocrx_word' id='word_1_400' title='bbox 757 2005 887 2038; x_wconf 88' lang='lat' dir='ltr'><strong>Gratiis</strong></span> <span class='ocrx_word' id='word_1_401' title='bbox 912 2005 1040 2039; x_wconf 88' lang='lat' dir='ltr'><strong>iuvabit</strong></span> <span class='ocrx_word' id='word_1_402' title='bbox 1063 2005 1188 2047; x_wconf 85' lang='lat' dir='ltr'><strong>aiiquid</strong></span> <span class='ocrx_word' id='word_1_403' title='bbox 1207 2006 1397 2039; x_wconf 81' lang='lat' dir='ltr'><strong>addidisse.</strong></span> 
     </span>
     <span class='ocr_line' id='line_1_72' title="bbox 759 2050 1398 2092; baseline 0.003 -10"><span class='ocrx_word' id='word_1_404' title='bbox 759 2050 831 2084; x_wconf 83' lang='lat' dir='ltr'><strong>Eae</strong></span> <span class='ocrx_word' id='word_1_405' title='bbox 863 2051 967 2092; x_wconf 82' lang='lat' dir='ltr'><strong>igitur</strong></span> <span class='ocrx_word' id='word_1_406' title='bbox 997 2060 1063 2084; x_wconf 80' lang='lat' dir='ltr'><strong>una</strong></span> <span class='ocrx_word' id='word_1_407' title='bbox 1088 2061 1163 2084; x_wconf 82' lang='lat' dir='ltr'><strong>cum</strong></span> <span class='ocrx_word' id='word_1_408' title='bbox 1190 2051 1301 2084; x_wconf 82' lang='lat' dir='ltr'><strong>Musis</strong></span> <span class='ocrx_word' id='word_1_409' title='bbox 1324 2062 1398 2085; x_wconf 89' lang='lat' dir='ltr'><strong>me-</strong></span> 
     </span>
     <span class='ocr_line' id='line_1_73' title="bbox 758 2096 1397 2140; baseline 0.003 -12"><span class='ocrx_word' id='word_1_410' title='bbox 758 2097 884 2128; x_wconf 81' lang='lat' dir='ltr'><strong>morari</strong></span> <span class='ocrx_word' id='word_1_411' title='bbox 916 2096 1095 2138; x_wconf 71' lang='lat' dir='ltr'><strong>videntur,</strong></span> <span class='ocrx_word' id='word_1_412' title='bbox 1127 2097 1204 2139; x_wconf 84' lang='lat' dir='ltr'><strong>quia</strong></span> <span class='ocrx_word' id='word_1_413' title='bbox 1236 2097 1288 2130; x_wconf 84' lang='lat' dir='ltr'><strong>his</strong></span> <span class='ocrx_word' id='word_1_414' title='bbox 1310 2107 1397 2140; x_wconf 91' lang='lat' dir='ltr'><strong>quo-</strong></span> 
     </span>
     <span class='ocr_line' id='line_1_74' title="bbox 757 2141 1399 2185; baseline 0.002 -11"><span class='ocrx_word' id='word_1_415' title='bbox 757 2152 825 2183; x_wconf 90' lang='lat' dir='ltr'><strong>que</strong></span> <span class='ocrx_word' id='word_1_416' title='bbox 857 2141 995 2184; x_wconf 81' lang='lat' dir='ltr'><strong>poesis,</strong></span> <span class='ocrx_word' id='word_1_417' title='bbox 1027 2142 1156 2185; x_wconf 75' lang='lat' dir='ltr'><strong>lyricae</strong></span> <span class='ocrx_word' id='word_1_418' title='bbox 1181 2144 1333 2176; x_wconf 80' lang='lat' dir='ltr'><strong>maxime</strong></span> <span class='ocrx_word' id='word_1_419' title='bbox 1363 2147 1399 2175; x_wconf 85' lang='lat' dir='ltr'><strong>et</strong></span> 
     </span>
     <span class='ocr_line' id='line_1_75' title="bbox 757 2186 1399 2231; baseline 0.002 -11"><span class='ocrx_word' id='word_1_420' title='bbox 757 2186 1044 2231; x_wconf 52' lang='lat' dir='ltr'><strong>dithyrambicae,</strong></span> <span class='ocrx_word' id='word_1_421' title='bbox 1090 2197 1215 2221; x_wconf 84' lang='lat' dir='ltr'><strong>munus</strong></span> <span class='ocrx_word' id='word_1_422' title='bbox 1257 2199 1301 2221; x_wconf 81' lang='lat' dir='ltr'><strong>ac</strong></span> <span class='ocrx_word' id='word_1_423' title='bbox 1335 2188 1399 2221; x_wconf 86' lang='lat' dir='ltr'><strong>de-</strong></span> 
     </span>
     <span class='ocr_line' id='line_1_76' title="bbox 757 2233 1398 2275; baseline 0.005 -11"><span class='ocrx_word' id='word_1_424' title='bbox 757 2243 817 2265; x_wconf 91' lang='lat' dir='ltr'><strong>cus</strong></span> <span class='ocrx_word' id='word_1_425' title='bbox 848 2233 967 2265; x_wconf 86' lang='lat' dir='ltr'><strong>deberi</strong></span> <span class='ocrx_word' id='word_1_426' title='bbox 998 2234 1204 2275; x_wconf 81' lang='lat' dir='ltr'><strong>putabatur3</strong></span> <span class='ocrx_word' id='word_1_427' title='bbox 1239 2243 1270 2266; x_wconf 88' lang='lat' dir='ltr'><strong>v.</strong></span> <span class='ocrx_word' id='word_1_428' title='bbox 1302 2233 1398 2267; x_wconf 84' lang='lat' dir='ltr'><strong>Pin—</strong></span> 
     </span>
     <span class='ocr_line' id='line_1_77' title="bbox 758 2278 1397 2321; baseline 0.006 -11"><span class='ocrx_word' id='word_1_429' title='bbox 758 2278 842 2311; x_wconf 87' lang='lat' dir='ltr'><strong>dar.</strong></span> <span class='ocrx_word' id='word_1_430' title='bbox 884 2278 1022 2321; x_wconf 79' lang='lat' dir='ltr'><strong>Olymp.</strong></span> <span class='ocrx_word' id='word_1_431' title='bbox 1062 2280 1088 2312; x_wconf 88' lang='grc'><strong>1.</strong></span> <span class='ocrx_word' id='word_1_432' title='bbox 1122 2279 1181 2315; x_wconf 86' lang='grc'><strong>48.</strong></span> <span class='ocrx_word' id='word_1_433' title='bbox 1219 2278 1277 2312; x_wconf 85' lang='grc' dir='ltr'><strong>ΙΧ.</strong></span> <span class='ocrx_word' id='word_1_434' title='bbox 1311 2289 1342 2312; x_wconf 87' lang='lat' dir='ltr'><strong>v.</strong></span> <span class='ocrx_word' id='word_1_435' title='bbox 1375 2279 1397 2314; x_wconf 89' lang='lat'><strong>3</strong></span> 
     </span>
     <span class='ocr_line' id='line_1_78' title="bbox 758 2323 1397 2367; baseline 0.002 -11"><span class='ocrx_word' id='word_1_436' title='bbox 758 2334 830 2366; x_wconf 87' lang='lat' dir='ltr'><strong>sqq.</strong></span> <span class='ocrx_word' id='word_1_437' title='bbox 864 2333 896 2356; x_wconf 86' lang='lat' dir='ltr'><strong>v.</strong></span> <span class='ocrx_word' id='word_1_438' title='bbox 929 2323 985 2358; x_wconf 78' lang='lat'><strong>39.</strong></span> <span class='ocrx_word' id='word_1_439' title='bbox 1019 2324 1117 2367; x_wconf 82' lang='lat' dir='ltr'><strong>Pyth.</strong></span> <span class='ocrx_word' id='word_1_440' title='bbox 1142 2325 1206 2359; x_wconf 84' lang='lat' dir='ltr'><strong>IX.</strong></span> <span class='ocrx_word' id='word_1_441' title='bbox 1231 2325 1262 2359; x_wconf 86' lang='lat'><strong>2.</strong></span> <span class='ocrx_word' id='word_1_442' title='bbox 1297 2325 1397 2358; x_wconf 87' lang='lat' dir='ltr'><strong>Nem.</strong></span> 
     </span>
     <span class='ocr_line' id='line_1_79' title="bbox 756 2369 1397 2405; baseline 0.002 -4"><span class='ocrx_word' id='word_1_443' title='bbox 756 2369 804 2402; x_wconf 87' lang='lat' dir='ltr'><strong>X.</strong></span> <span class='ocrx_word' id='word_1_444' title='bbox 839 2370 882 2402; x_wconf 91' lang='lat' dir='ltr'><strong>in.</strong></span> <span class='ocrx_word' id='word_1_445' title='bbox 921 2369 960 2404; x_wconf 92' lang='lat' dir='ltr'><strong>V.</strong></span> <span class='ocrx_word' id='word_1_446' title='bbox 990 2369 1046 2405; x_wconf 81' lang='lat'><strong>54.</strong></span> <span class='ocrx_word' id='word_1_447' title='bbox 1085 2371 1129 2403; x_wconf 85' lang='lat' dir='ltr'><strong>ai.</strong></span> <span class='ocrx_word' id='word_1_448' title='bbox 1172 2369 1397 2405; x_wconf 84' lang='lat' dir='ltr'><strong>Theocrit.</strong></span> 
     </span>
     <span class='ocr_line' id='line_1_80' title="bbox 758 2415 1396 2458; baseline -0.003 -8"><span class='ocrx_word' id='word_1_449' title='bbox 758 2415 801 2446; x_wconf 85' lang='lat' dir='ltr'><strong>V·</strong></span> <span class='ocrx_word' id='word_1_450' title='bbox 827 2416 860 2450; x_wconf 87' lang='lat'><strong>6.</strong></span> <span class='ocrx_word' id='word_1_451' title='bbox 878 2415 946 2450; x_wconf 79' lang='lat'><strong>107</strong></span> <span class='ocrx_word' id='word_1_452' title='bbox 961 2425 1012 2457; x_wconf 82' lang='lat' dir='ltr'><strong>sq.</strong></span> <span class='ocrx_word' id='word_1_453' title='bbox 1032 2415 1172 2457; x_wconf 78' lang='lat' dir='ltr'><strong>xvi.3.</strong></span> <span class='ocrx_word' id='word_1_454' title='bbox 1198 2417 1396 2458; x_wconf 90' lang='lat' dir='ltr'><strong>Propert.</strong></span> 
     </span>
     <span class='ocr_line' id='line_1_81' title="bbox 755 2459 1397 2499; baseline 0.002 -6"><span class='ocrx_word' id='word_1_455' title='bbox 755 2459 816 2493; x_wconf 93' lang='lat' dir='ltr'><strong>IV.</strong></span> <span class='ocrx_word' id='word_1_456' title='bbox 845 2462 882 2499; x_wconf 86' lang='lat'><strong>1,</strong></span> <span class='ocrx_word' id='word_1_457' title='bbox 907 2461 962 2496; x_wconf 79' lang='lat'><strong>73.</strong></span> <span class='ocrx_word' id='word_1_458' title='bbox 1012 2462 1151 2495; x_wconf 82' lang='lat' dir='ltr'><strong>Gratias</strong></span> <span class='ocrx_word' id='word_1_459' title='bbox 1184 2462 1294 2495; x_wconf 87' lang='lat' dir='ltr'><strong>Musis</strong></span> <span class='ocrx_word' id='word_1_460' title='bbox 1321 2463 1397 2495; x_wconf 89' lang='lat' dir='ltr'><strong>iuu-</strong></span> 
     </span>
     <span class='ocr_line' id='line_1_82' title="bbox 755 2507 1394 2586; baseline 0.002 -48"><span class='ocrx_word' id='word_1_461' title='bbox 755 2507 805 2586; x_wconf 53' lang='lat' dir='ltr'><strong>x}</strong></span> <span class='ocrx_word' id='word_1_462' title='bbox 836 2507 902 2541; x_wconf 81' lang='lat' dir='ltr'><strong>iam</strong></span> <span class='ocrx_word' id='word_1_463' title='bbox 935 2507 1168 2542; x_wconf 76' lang='lat' dir='ltr'><strong>Hesiodus</strong></span> <span class='ocrx_word' id='word_1_464' title='bbox 1200 2507 1336 2550; x_wconf 84' lang='lat' dir='ltr'><strong>Theog.</strong></span> <span class='ocrx_word' id='word_1_465' title='bbox 1363 2518 1394 2539; x_wconf 88' lang='lat' dir='ltr'><strong>v.</strong></span> 
     </span>
     <span class='ocr_line' id='line_1_83' title="bbox 755 2563 810 2587; baseline 0 -4"><span class='ocrx_word' id='word_1_466' title='bbox 755 2563 776 2587; x_wconf 78' lang='grc' dir='ltr'>υ</span> <span class='ocrx_word' id='word_1_467' title='bbox 802 2576 810 2583; x_wconf 84' lang='grc'><strong>.</strong></span> 
     </span>
    </p>

    <p class='ocr_par' dir='ltr' id='par_1_11' title="bbox 756 2594 1398 2732">
     <span class='ocr_line' id='line_1_84' title="bbox 801 2594 1398 2640; baseline -0.002 -10"><span class='ocrx_word' id='word_1_468' title='bbox 801 2597 873 2634; x_wconf 69' lang='grc' dir='ltr'><strong>Εἰς</strong></span> <span class='ocrx_word' id='word_1_469' title='bbox 896 2595 940 2638; x_wconf 71' lang='grc' dir='ltr'><strong>δὴ</strong></span> <span class='ocrx_word' id='word_1_470' title='bbox 966 2594 1014 2629; x_wconf 83' lang='grc' dir='ltr'><strong>τὸ</strong></span> <span class='ocrx_word' id='word_1_471' title='bbox 1039 2595 1241 2640; x_wconf 72' lang='grc' dir='ltr'>πρόσθεν</span> <span class='ocrx_word' id='word_1_472' title='bbox 1262 2599 1398 2629; x_wconf 78' lang='grc' dir='ltr'><strong>-τοῦ</strong></span> 
     </span>
     <span class='ocr_line' id='line_1_85' title="bbox 756 2640 1394 2686; baseline -0.002 -12"><span class='ocrx_word' id='word_1_473' title='bbox 756 2645 830 2675; x_wconf 70' lang='grc' dir='ltr'><strong>νῦν</strong></span> <span class='ocrx_word' id='word_1_474' title='bbox 861 2644 918 2682; x_wconf 72' lang='lat' dir='ltr'><strong>en,</strong></span> <span class='ocrx_word' id='word_1_475' title='bbox 951 2640 1020 2686; x_wconf 79' lang='grc' dir='ltr'><strong>ἤμ.</strong></span> <span class='ocrx_word' id='word_1_476' title='bbox 1055 2642 1111 2686; x_wconf 89' lang='grc' dir='ltr'><strong>μ.]</strong></span> <span class='ocrx_word' id='word_1_477' title='bbox 1160 2643 1254 2677; x_wconf 83' lang='lat' dir='ltr'><strong>Maie</strong></span> <span class='ocrx_word' id='word_1_478' title='bbox 1292 2642 1394 2676; x_wconf 80' lang='lat' dir='ltr'><strong>codd.</strong></span> 
     </span>
     <span class='ocr_line' id='line_1_86' title="bbox 762 2688 1398 2732; baseline -0.009 -9"><span class='ocrx_word' id='word_1_479' title='bbox 762 2689 911 2724; x_wconf 77' lang='lat' dir='ltr'><strong>nonnulii</strong></span> <span class='ocrx_word' id='word_1_480' title='bbox 954 2688 1068 2720; x_wconf 72' lang='grc' dir='ltr'><strong>τοίνυν</strong></span> <span class='ocrx_word' id='word_1_481' title='bbox 1112 2698 1174 2732; x_wconf 85' lang='lat' dir='ltr'><strong>pro</strong></span> <span class='ocrx_word' id='word_1_482' title='bbox 1222 2691 1289 2721; x_wconf 83' lang='grc' dir='ltr'><strong>τοῦ</strong></span> <span class='ocrx_word' id='word_1_483' title='bbox 1336 2690 1398 2719; x_wconf 70' lang='grc' dir='ltr'><strong>νῦν</strong></span> 
     </span>
    </p>
   </div>
   <div class='ocr_carea' id='block_1_11' title="bbox 1018 2744 1127 2786">
    <p class='ocr_par' dir='ltr' id='par_1_12' title="bbox 1018 2744 1127 2786">
     <span class='ocr_line' id='line_1_87' title="bbox 1018 2744 1127 2786; baseline 0.018 -2"><span class='ocrx_word' id='word_1_484' title='bbox 1018 2744 1069 2786; x_wconf 77' lang='grc'><strong>18</strong></span> <span class='ocrx_word' id='word_1_485' title='bbox 1104 2745 1127 2769; x_wconf 73' lang='lat'><strong>‘¹‘</strong></span> 
     </span>
    </p>
   </div>
  </div>
 </body>
</html>
