1612 2872
249 93 329 132 318
723 90 1091 133 PLATONIS

249 205 355 262 παρ’
394 206 496 261 ὑμῖν
532 206 574 256 ἐξ
608 201 668 247 ὧν
702 207 785 247 ἔδει
821 206 1058 261 σύμμικτος
1087 211 1292 262 γενομένη
1309 210 1379 251 καὶ
1414 212 1572 264 μέτρον

248 275 404 327 ἔχουσα
450 273 645 313 σωθεῖσα
690 269 802 322 αὐτὴ
845 277 1057 326 σωτηρίας
1091 280 1181 321 τοῖς
1214 270 1365 324 ἄλλοις
1398 280 1572 329 γέγονεν

190 340 228 380 Β
256 340 391 380 αἰτία.
440 339 528 378 ἐπεὶ
567 340 636 378 ἐπί
668 353 714 389 γε
755 339 932 392 Τημένῳ
969 341 1038 380 καὶ
1078 339 1339 399 Κρεσφόντῃ
1374 344 1445 382 καὶ
1482 349 1603 390 τοῖςν

249 403 346 445 τότε
390 405 678 456 νομοθέταις,
732 406 887 453 οἵτινες
921 402 994 458 ἄρ’
1044 398 1155 456 ἦσαν
1203 408 1570 457 νομοθετοῦντες,

247 467 342 511 οὐδ’
389 467 416 519 ἡ
449 468 762 521 Ἀριστοδήμου
795 472 913 524 μερὶς
948 470 1099 522 ἐσώθη
1135 468 1231 512 ποτ’
1283 469 1353 513 ἄν.
1401 472 1452 514 οὐ
1483 473 1568 527 γὰρ

245 536 404 583 ἱκανῶς
448 527 561 586 ἦσαν
603 539 871 587 νομοθεσίας
905 540 1119 591 ἔμπειροι·
1164 533 1313 591 σχεδὸν
1356 535 1451 593 γὰρ
1489 537 1568 581 οὐκ

245 598 303 642 ἄν
337 599 436 642 ποτ’
475 598 696 654 ᾠήθησαν
731 599 877 653 ὅρκοις
909 602 1138 658 μετριάσαι
1175 600 1321 659 ψυχὴν
1355 609 1458 646 νέαν
1493 607 1569 646 λα-

244 668 415 721 βοῦσαν
462 664 624 722 ἀρχήν,
671 666 712 718 ἐξ
756 660 806 719 ἧς
850 668 1039 711 δυνατὸν
1083 661 1137 720 ἦν
1185 671 1419 722 τυραννίδα
1454 675 1566 724 γενέ-

245 735 373 775 σθαι.
419 733 499 774 νῦν
553 731 590 774 δ’
632 730 655 775 ὁ
694 731 804 782 θεὸς
837 734 1010 785 ἔδειξεν,
1059 739 1159 777 οἵαν
1196 736 1276 776 ἔδει
1311 737 1382 777 καὶ
1417 738 1479 779 δεῖ
1512 734 1565 788 δὴ

244 796 326 850 τὴν
359 800 577 853 μενοῦσαν
612 798 799 853 μάλιστα
837 797 977 855 ἀρχὴν
1010 804 1256 854 γίγνεσθαι.
1292 798 1340 843 τὸ
1370 801 1421 844 ’δὲ
1456 801 1560 858 παρΙ

337 949 529 982 σωθεῖσα
568 947 670 993 αὐτὴ
710 952 942 994 σωτηρίας]
982 952 1091 994 Vulgo
1128 959 1217 986 erat:
1258 950 1352 994 αὕτη.
1407 951 1566 985 Correxit

247 995 458 1037 Stephanus,
486 997 719 1028 consentiente
747 996 927 1034 Boeckhio,
955 997 1123 1038 Bekkero,
1152 999 1258 1030 Astio.

336 1038 409 1082 τὴν
440 1041 661 1079 μενοῦσαν
682 1039 875 1084 μάλιστα]
907 1043 1014 1084 Vulgo
1040 1043 1099 1083 μὲν
1127 1038 1245 1075 οὖσαν.
1294 1043 1421 1075 Veram
1448 1043 1563 1076 lectio-

247 1096 340 1126 nem,
375 1087 490 1118 Bastio
523 1091 631 1127 teste,
663 1088 788 1128 liquido
818 1089 976 1130 scriptam
1018 1088 1154 1121 exhibet
1189 1090 1268 1122 Ven.
1297 1099 1334 1122 ,5.

210 1203 215 1211 ·
245 1197 402 1229 licentius
436 1197 620 1239 repetitum
652 1198 741 1231 idem
773 1209 874 1231 voca—

245 1242 358 1275 bulum
385 1246 448 1275 est.

291 1287 538 1330 σύμμικτος
566 1290 772 1329 γενομένη
805 1289 875 1319 καὶ

244 1337 398 1375 μέτρον
423 1333 597 1374 ἔχουσαι
637 1333 782 1375 Polyb.
810 1335 871 1367 VI.

244 1377 277 1412 3.
305 1378 379 1410 Vol.
400 1378 440 1411 ΙΙ.
466 1389 497 1420 p.
515 1377 593 1412 458.
609 1378 661 1410 ed.
684 1378 870 1420 Schweigh.

244 1423 347 1463 δῆλον
369 1422 453 1465 γάρ,
478 1422 521 1459 ὡς
544 1423 684 1466 ἀρίστην
707 1426 767 1466 μὲν
791 1423 871 1465 ἡγη-

243 1471 317 1500 τέον
355 1469 527 1500 πολιτείαν
562 1466 625 1509 τήν
666 1470 699 1500 ἐκ
738 1469 871 1502 πάντων

243 1517 308 1545 τῶν
320 1517 568 1556 προειρημένων
586 1513 776 1556 ἰδιωμάτων
795 1528 872 1547 συν-

245 1562 390 1590 εστῶσαν
419 1560 467 1599 Ξ(ἰ.
500 1569 531 1591 e.
563 1570 606 1592 ex
637 1560 779 1601 imperio
816 1570 871 1592 re-

242 1605 313 1644 gio,
339 1605 565 1641 aristocratia,
585 1608 619 1636 et
633 1604 870 1646 democratia),

242 1649 298 1680 ubi
337 1648 476 1681 disserit
512 1650 556 1681 de
591 1650 763 1690 republica
803 1649 869 1681 La-

241 1693 550 1726 cedaemoniorum.
579 1694 746 1735 Dionys,
776 1694 866 1726 Hal.

242 1738 420 1770 Archaeol.
447 1739 509 1771 VI.
531 1739 587 1773 55.
603 1749 634 1780 p.
652 1739 749 1774 1440.
777 1740 869 1771 Con—

240 1784 330 1816 feras
354 1784 453 1816 etiam
481 1784 676 1816 Ciceron.
703 1785 754 1818 De
780 1785 867 1825 Rep.

238 1829 269 1861 I.
292 1829 349 1863 35.
366 1839 399 1871 p.
412 1828 489 1863 143.
516 1829 569 1861 ed.
596 1829 754 1862 Moser.
777 1829 867 1861 Ibid.

239 1885 269 1906 c.
303 1874 360 1908 45.
387 1885 419 1915 ρ.
457 1873 532 1908 182.
566 1874 607 1908 11.
643 1874 698 1908 23.
730 1886 764 1918 p.
789 1874 867 1909 280.

238 1919 326 1952 Ibid.
351 1919 406 1954 33.
433 1930 464 1961 p.
483 1919 562 1954 308.
590 1920 648 1952 ubi
667 1917 761 1953 'inter
787 1921 870 1953 alia:

240 1964 289 1996 Id
339 1965 451 1997 enim
493 1969 708 2006 tenetote,
757 1964 869 2006 quod

239 2010 370 2043 initio
401 2009 509 2052 dixi,
542 2011 628 2042 nisi
663 2011 866 2053 aequabi-

241 2055 292 2088 lis
340 2054 419 2087 hac
459 2056 497 2088 in
536 2056 717 2091 civitate
759 2066 866 2089 com-

240 2100 445 2143 pensatio
469 2101 704 2134 sitetiuris
731 2105 773 2134 et
787 2112 864 2135 mu-

239 2147 370 2186 neris‚
397 2149 440 2177 ut
464 2150 506 2178 et
532 2147 774 2188 potestatis
802 2157 864 2179 sa-

239 2192 298 2223 tis
339 2191 380 2223 in
421 2191 778 2233 magistratibus,
825 2196 866 2225 et

239 2236 530 2269 auctoritatis
555 2238 594 2269 in
620 2238 864 2290 principum

240 2281 522 2321 consilio,.et
561 2283 785 2315 libertatis
825 2283 865 2316 iu

239 2327 403 2367 populo
451 2327 528 2367 sit,
583 2338 661 2360 non
709 2337 866 2370 posse

240 2371 344 2403 hunc
369 2371 765 2406 incommutabilem
789 2373 866 2405 rei-

239 2416 447 2457 publicae
486 2419 736 2451 conservari
780 2423 863 2450 sta-

238 2467 334 2494 tum.
386 2460 439 2493 ‘Ad
481 2472 568 2502 quos
602 2463 737 2504 quidem
769 2463 865 2496 iocos

238 2507 359 2539 similia
391 2510 541 2539 veterum
573 2509 694 2541 iudicia
723 2519 863 2550 compa—

237 2555 355 2584 rarunt
378 2552 597 2594 interpretes:
629 2555 694 2586 alia
718 2553 760 2586 ad
787 2553 816 2586 h.
843 2554 862 2586 l.

237 2597 349 2630 attulit
383 2598 553 2636 Astius,
583 2608 671 2640 quae
705 2600 864 2633 nolumus

237 2642 370 2679 iterare.

1302 1088 1327 1101 tq

1390 1088 1425 1120 ln
1459 1098 1564 1130 marg.

990 1198 1030 1230 B.
1055 1198 1146 1230 ἐπεὶ
1168 1199 1240 1230 ἐπί
1261 1211 1301 1241 γε
1329 1199 1562 1241 Τημένῳ-]

942 1254 1030 1276 nam
1089 1254 1162 1285 per
1213 1244 1474 1277 Temenum
1522 1249 1565 1276 et

940 1289 1254 1331 Cresphontem
1282 1294 1327 1322 et
1350 1290 1360 1322 i
1381 1291 1564 1322 lion-um

939 1335 1258 1376 legumlatores
1301 1335 1335 1378 (i.
1373 1345 1402 1368 e.
1444 1335 1471 1366 si
1506 1343 1563 1367 res

939 1390 1043 1420 penes
1077 1390 1138 1411 eos
1163 1380 1303 1420 fuisset,
1335 1390 1452 1412 eorum
1485 1389 1563 1421 per—

938 1426 1040 1457 missa
1065 1425 1188 1457 fuisset
1211 1425 1369 1466 arbitrio)
1400 1435 1446 1458 ne
1470 1425 1562 1457 Ari-

938 1470 1128 1502 stodenii
1162 1470 1336 1512 quidem
1366 1480 1465 1511 pars
1493 1480 1562 1502 un-

938 1525 1061 1556 quam
1089 1520 1260 1547 servata
1286 1521 1414 1548 esset.
1452 1516 1562 1547 Prave

938 1561 1088 1592 Astius
1113 1561 1424 1602 intima-pretatur
1447 1559 1559 1600 quod

937 1606 1104 1636 attinet
1135 1605 1196 1636 ad.
1249 1606 1318 1637 imo
1348 1606 1439 1637 valet
1464 1613 1561 1645 pror-

937 1659 993 1682 sus
1020 1649 1133 1690 idem,
1164 1650 1255 1690 quod
1287 1651 1317 1681 in
1349 1650 1494 1681 formula
1517 1647 1557 1680 τὸ

936 1693 989 1725 ἐπ’
1037 1693 1131 1737 ἐμοί,
1179 1699 1381 1736 quantum
1419 1695 1457 1726 in
1500 1704 1560 1726 me

936 1743 1013 1771 est.
1084 1738 1154 1771 Sed
1205 1750 1235 1771 v.
1284 1738 1467 1771 Fischer.
1516 1739 1560 1771 ad

935 1783 1071 1816 Weller.
1101 1784 1175 1816 Vol.
1204 1785 1274 1817 III.
1300 1785 1340 1816 P.
1367 1784 1409 1816 ll.
1431 1795 1464 1826 p.
1480 1784 1558 1818 235.

936 1833 971 1861 et
995 1828 1198 1862 Matthiae
1223 1829 1283 1863 Gr.
1309 1830 1339 1871 ξ.
1362 1829 1441 1864 585.
1469 1831 1500 1862 b.
1525 1842 1559 1864 α.

936 1873 1112 1907 Sententia
1137 1873 1220 1907 haec
1246 1879 1315 1910 est:
1346 1884 1394 1908 ne
1426 1875 1558 1908 Lace-

936 1919 1162 1952 daemonia
1207 1921 1372 1962 quidem
1416 1929 1559 1963 respu-

937 1965 1064 2004 blica,
1092 1964 1324 2007 (Laconica),
1353 1975 1460 2006 quae
1489 1966 1558 1998 ob-

935 2010 1097 2052 tigerat
1137 2010 1437 2049 Aristodemo,
1476 2011 1557 2043 sal·

935 2065 983 2087 va
1036 2057 1366 2097 permansisset,
1422 2055 1460 2086 si
1519 2056 1557 2087 ei

935 2099 1232 2143 Cresphontes
1289 2104 1359 2132 aut
1405 2099 1555 2134 'reme-

933 2155 1030 2186 nus,
1085 2143 1178 2186 qui'
1217 2144 1465 2187 Argolidem
1515 2150 1556 2178 et

932 2190 1242 2224 Messeniani
1284 2194 1554 2231 acceperant,

932 2235 1245 2278 praefuissent,
1283 2246 1387 2276 quum
1426 2246 1466 2267 ea
1503 2235 1555 2267 di·

930 2281 1006 2313 vina
1053 2283 1182 2312 tantnm
1221 2282 1356 2314 fortuna
1401 2280 1556 2312 videatur

930 2326 1052 2359 melius
1100 2335 1177 2358 esse
1223 2327 1407 2359 constituta
1452 2330 1556 2366 atque

928 2371 1140 2408 confirmata,
1176 2373 1302 2414 quippe
1329 2381 1415 2413 quae
1440 2371 1554 2403 statim

928 2416 971 2448 ab
994 2416 1087 2450 initio
1118 2416 1214 2448 binos
1252 2427 1351 2459 reges
1383 2416 1552 2455 habuerit,

928 2471 968 2494 ac
998 2460 1121 2494 deinde
1162 2462 1374 2504 sapientibus
1406 2461 1553 2502 Lycurgi

928 2509 963 2539 et
994 2505 1208 2550 Theopompi
1239 2507 1386 2540 consiliis
1429 2508 1475 2538 ita
1509 2507 1553 2538 sit

927 2556 1136 2593 temperata,
1182 2556 1220 2585 ut
1269 2552 1383 2585 omnia
1429 2551 1552 2584 iustum

927 2597 1067 2630 modum
1091 2598 1375 2631 nanciscerentur.

972 2641 1124 2686 ὄρκοῖς
1148 2642 1384 2687 μετριάσαι
1413 2639 1553 2683 ψυχὴν
