1612 2872
176 290 217 330 Ι)

242 110 324 152 338

734 106 1112 149 PLATONIS

248 224 421 278 λόμενοι
473 225 546 263 τοῦ
592 222 754 276 δήμου,
802 220 852 263 τὸ
912 221 1166 264 δεσποτικὸν
1202 219 1239 264 δ’
1277 220 1582 275 ἐπαγαγόντες,

251 291 420 344 μᾶλλον
455 289 531 329 τοῦ
568 286 860 342 προςήκοντος
911 284 960 329 τὸ
998 289 1128 344 ᾳίλον
1160 285 1390 330 ἀπώλεσαν
1424 289 1496 328 καὶ
1531 283 1580 327 τὸ

252 353 402 397 κοινὸν
447 357 491 393 ἐν
542 354 591 411 τῇ
638 353 770 395 πόλει.
823 351 985 395 τούτου
1033 356 1076 394 δὲ
1114 356 1370 410 φθαρέντος
1405 351 1516 394 οὔθ’
1558 349 1582 401 ἡ

254 422 340 461 τῶν
374 416 602 471 ἀρχόντων
635 417 770 472 βουλὴ
814 417 923 473 ὑπὲρ
959 417 1210 473 ἀρχομένων
1246 421 1314 460 καὶ
1341 419 1418 460 τοῦ
1443 416 1584 471 δήμου

250 486 523 539 βουλεύεται,
558 481 656 525 ἀλλ’
702 489 825 526 ἕνεκα
862 486 939 536 τῆς
974 481 1123 527 αὑτῶν
1163 483 1313 538 ἀρχῆς,
1347 482 1405 525 ἅν
1441 500 1480 525 τι
1514 485 1586 524 καὶ

252 548 433 603 σμικρὸν
468 551 597 591 πλέον
623 549 826 592 ἑκάστοτε
850 549 1040 603 ἡγῶνται
1076 552 1260 592 ἔσεσθαί
1282 562 1442 607 σφισιν,
1476 546 1586 590 ἀνα-

253 614 441 662 στάτους
475 616 554 666 μὲν
590 616 754 664 πόλεις,
811 615 1042 658 ἀνάστατα
1086 617 1130 657 δὲ
1178 618 1294 667 ἔθνη
1324 617 1448 672 φίλια
1484 615 1586 668 πυρὶ

254 682 656 738 καταφθείραντες,
706 683 879 737 ἐχθρῶς
926 694 971 724 τε
1010 684 1080 723 καὶ
1125 680 1318 732 ἀνηλεῶς
1362 681 1588 733 μισοῦντες

257 748 512 799 μισοῦνται·
559 742 668 788 ὅταν
716 763 760 789 τε
811 752 871 797 εἰς
908 751 1059 803 χρείαν
1111 748 1187 788 τοῦ
1229 745 1457 801 μάχεσθαι
1491 746 1588 799 περὶ

258 815 425 855 ἑαυτῶν
453 810 558 859 τοὺς
583 811 748 866 δήμους
765 812 1061 870 ἀφικνῶνται,.
1097 811 1225 855 οὐδὲν
1250 810 1397 854 κοινὸν
1428 816 1474 853 ὲν
1509 809 1588 852 αὐ-

264 887 353 927 τοῖς
394 871 450 918 αὖ
503 876 610 929 μετὰ
658 872 918 932 προθυμίας
967 879 1044 920 τοῦ
1105 880 1273 919 ἐθέλειν
1329 875 1589 918 κινδυνεύειν

257 938 328 987 καὶ
363 942 590 998 μάχεσθαι
622 941 971 997 ἀνευρίσκουσιν,
1010 941 1123 987 ἀλλὰ
1158 946 1404 998 κεκτημένοι
1437 940 1590 998 μυριά·

350 1118 389 1149 D·
440 1112 620 1156 ἦγωνῐαῑ
659 1114 857 1160 ἕσεσθαι]
891 1119 948 1150 Sic
983 1127 1044 1159 pro
1079 1116 1165 1156 vulg.
1194 1112 1348 1156 ἡττῶνται
1378 1115 1414 1145 Α.
1446 1110 1482 1143 Ω.
1508 1112 1538 1144 h.
1566 1122 1589 1143 r.

255 1175 286 1198 a.
311 1173 340 1195 c.
368 1161 396 1194 δ.
423 1172 453 1195 ο.
479 1170 511 1192 x.

350 1204 538 1248 ἀνηλεῶς
561 1205 825 1251 μισοῦντες]
859 1208 966 1250 Vulgo
993 1203 1143 1241 ἅνελειῦς,
1168 1203 1258 1246 quod
1289 1213 1329 1236 ex
1356 1212 1463 1244 marg.
1494 1200 1531 1233 Ω.
1558 1206 1593 1234 et

264 1346 380 1374 aetate
406 1338 573 1371 invasisse
600 1345 699 1373 antea
725 1346 897 1374 narratum

266 1393 332 1419 est.
381 1385 466 1418 Nam
492 1384 570 1418 inde
595 1385 637 1417 ab
663 1396 705 1418 eo
730 1390 899 1428 tempore,

265 1442 334 1473 quo
358 1429 408 1463 hic
433 1439 571 1470 regnum
597 1436 797 1473 acceperat,
825 1433 897 1463 nui-

268 1479 321 1509 ius
351 1477 490 1508 omniuo
518 1485 578 1506 rex
607 1475 786 1510 Persarum
813 1477 899 1509 exti-

266 1524 326 1563 tit,
358 1521 413 1561 qui
447 1530 487 1551 eo
521 1521 657 1553 nomine
692 1521 814 1563 dignus
852 1522 902 1552 vi·-

267 1568 415 1598 deretur.
467 1565 583 1605 ltaque
616 1565 713 1598 facile
745 1567 898 1608 suspiee-

267 1612 313 1643 ris
342 1608 523 1650 legendum
550 1620 650 1642 esse:
679 1610 732 1642 ἐπὶ
757 1610 900 1651 Καμβύ-

269 1666 334 1688 σου
369 1655 422 1686 καὶ
453 1654 596 1694 Ξέρξου.
646 1655 775 1687 Verum
809 1656 900 1688 istud

266 1701 404 1741 quidem
431 1700 611 1739 quominus
640 1709 702 1740 pro
733 1710 815 1732 vero
842 1699 900 1732 iia-

265 1747 426 1782 beamus,
478 1744 596 1775 vocula
636 1744 682 1776 ἔτι
729 1745 898 1786 prohibet,

265 1801 330 1831 qua
375 1789 605 1829 significatur,
655 1789 781 1822 Persas
832 1791 898 1822 iarn

265 1839 368 1868 autea
407 1833 512 1865 fuis-e
554 1834 642 1865 maia
691 1835 900 1876 reipublicae

266 1878 558 1912 administratione
584 1883 775 1920 corruptos.
812 1879 901 1918 Quid

269 1924 400 1966 igitur?
446 1932 529 1955 num·
566 1922 657 1955 forte
698 1925 901 1966 legendum:

269 1967 329 2009 ἑπῗ
354 1968 493 2001 ἐκείνων
505 1968 670 2009 χείρουςῖ
718 1969 819 2002 Certe
838 1969 901 2002 hoc

268 2017 295 2047 si
342 2015 507 2055 scriptum
556 2014 746 2055 legeretur,
799 2025 901 2047 nemo

266 2060 449 2101 quisquam
475 2057 647 2090 habiturus
673 2063 785 2096 esset,
827 2061 900 2102 opi-

268 2115 352 2144 nor,
396 2105 427 2136 in
477 2113 544 2144 qno
584 2102 656 2136 iure
696 2103 899 2137 offenderet.

268 2151 428 2182 Ceterum
451 2158 517 2180 non
534 2158 820 2189 supervacaneum
838 2151 903 2182 erit

268 2195 506 2232 admonuisse,
557 2192 819 2236 Stephanum
869 2196 901 2227 in

270 2250 309 2272 ea
334 2239 441 2272 fuisse
472 2239 662 2277 sententia,
699 2243 736 2271 ut
763 2238 816 2270 ἐπὶ
842 2239 900 2272 de-

269 2284 404 2317 lendum
428 2287 578 2327 putaret.
606 2283 670 2316 Cui
687 2284 809 2316 rationi
824 2284 901 2326 quid

270 2330 486 2370 potissimum
513 2328 654 2369 officiat,
681 2339 721 2361 ex
732 2329 790 2369 fis,
816 2339 902 2370 quae

270 2373 535 2415 disputavimus,
570 2378 692 2415 sponte
727 2375 901 2417 apparitu-

270 2428 344 2451 rum
375 2423 544 2460 putamus.

318 2464 357 2495 Ι).
411 2462 459 2495 τὸ
507 2463 636 2504 φίλον
682 2459 902 2496 ἀπώλεσαν

270 2508 335 2551 —-]
365 2507 544 2550 Liquidum
572 2512 624 2540 est
641 2517 741 2550 reges
756 2509 899 2552 intenigi

268 2556 443 2595 oportere.
493 2553 654 2586 Ceterum
679 2554 769 2586 conf.
794 2564 897 2596 supra

269 2608 302 2640 p.
326 2598 404 2634 695.
429 2597 480 2629 D:
515 2598 632 2638 φιλίαν
665 2599 812 2640 πορίζων
842 2601 896 2631 καὶ

269 2645 448 2676 κοινωνίαν
472 2644 552 2676 πᾶσι
583 2641 737 2684 Πέρσαις.

1014 1333 1158 1376 οὕθ’ἦ
1191 1337 1270 1367 τῶν
1295 1331 1510 1378 ἀρχόντων
1534 1335 1592 1377 β.]

967 1385 1060 1417 Huic
1086 1377 1172 1413 οὔθ’
1204 1382 1233 1413 in
1260 1383 1424 1422 proximis
1448 1390 1592 1422 respou-

969 1429 1044 1462 det:
1079 1425 1162 1459 ὅταν
1195 1437 1232 1458 τε
1254 1425 1303 1458 εἰς
1325 1429 1437 1469 χρείαν
1462 1437 1491 1457 κ.
1517 1436 1542 1457 τ.
1568 1425 1594 1456 λ.

1014 1495 1199 1527 ἔσεσθαί
1221 1504 1394 1534 σφισιν,
1419 1489 1593 1524 ἀναστά-

970 1549 1070 1573 τους
1094 1539 1166 1579 μὲν
1196 1537 1345 1571 πόλεις
1369 1539 1436 1580 -—]
1469 1539 1502 1570 si
1528 1538 1594 1569 vel

967 1586 1194 1618 tantillum
1228 1583 1488 1617 commodis.
1514 1582 1593 1614 uti-

968 1631 1110 1663 litatis
1157 1633 1335 1671 sperent
1374 1629 1413 1660 in
1452 1638 1498 1661 se
1535 1637 1594 1659 re-

966 1674 1312 1707 dundaturum
1339 1683 1451 1706 esse.
1511 1673 1597 1705 Dein

970 1722 1117 1752 Astius
1179 1719 1395 1751 scribendum
1458 1721 1594 1749 censet:

967 1762 1177 1797 ἀναστάτους
1209 1764 1269 1804 μὲν
1301 1762 1415 1796 πόλεις
1447 1763 1595 1805 ποιοῦ·

968 1820 1044 1843 σιν.
1092 1809 1161 1842 Sed
1209 1810 1276 1841 isto
1323 1809 1483 1842 ποιοῦσιν
1530 1818 1595 1840 non

969 1866 1059 1898 opus
1092 1858 1154 1886 est.
1213 1855 1351 1897 Quippe
1384 1857 1533 1887 mutatur
1563 1854 1596 1885 in

970 1901 1130 1942 proximis
1162 1899 1305 1932 nonnihil
1340 1905 1438 1931 tenor
1469 1899 1595 1931 oratio-

969 1947 1031 1977 nis.
1081 1944 1194 1983 Quum
1220 1946 1305 1977 enirn
1335 1943 1514 1976 dicendum
1542 1954 1597 1975 es-

969 1995 1038 2023 set:
1079 1987 1248 2022 ἅνάσιατα
1293 1988 1330 2020 δὲ
1373 1988 1459 2030 ἔθνη
1505 1989 1598 2029 φίλια

969 2033 1231 2077 ποιήσαντες
1268 2033 1401 2076 ἐχθρῶς
1434 2045 1462 2065 n.
1498 2045 1523 2066 τ.
1557 2034 1595 2070 L,

967 2085 1103 2124 praeter
1127 2081 1398 2121 expectationem
1423 2079 1596 2120 subiungi-

969 2130 1026 2159 tur
1052 2127 1131 2165 πυρὶ
1148 2124 1445 2166 καταφθείραντες.
1495 2123 1597 2158 Quod

969 2172 996 2204 si
1021 2172 1073 2203 cui
1100 2170 1290 2211 displiceat,
1316 2170 1432 2211 refingi
1459 2169 1596 2210 poterit,

969 2216 1109 2257 opinor,
1149 2215 1378 2256 probabilius:
1423 2213 1598 2246 α’νάστατα

969 2259 1006 2292 δὲ
1044 2260 1131 2302 ἔθνη
1175 2262 1267 2300 φίλια
1304 2258 1505 2300 ποιήσαντες
1544 2259 1597 2291 καὶ

970 2306 1052 2382 πυρὶ
1085 2306 1380 2348 καταφθείραντες
1409 2304 1544 2346 ἐχθραῖς
1567 2315 1595 2335 κ.

971 2363 996 2383 τ.
1042 2375 1049 2382 .

1014 2416 1204 2459 ἀνηλεῶς
1224 2417 1473 2459 μισοῦντες]
1510 2417 1597 2449 Vui-

967 2473 1012 2504 go
1037 2460 1189 2501 ἅνελεῶς,
1213 2465 1305 2504 quod
1331 2473 1373 2495 ex
1399 2463 1498 2495 codd.
1524 2463 1596 2504 piu·

967 2508 1060 2541 rimis
1107 2512 1284 2541 mutatum.
1332 2506 1596 2550 Hesychia„

966 2549 1170 2595 ἀνηλεῶς·
1216 2549 1396 2591 ἀνοίκτως,
1443 2549 1598 2592 don-idy-

962 2607 1058 2639 χνως.
1108 2598 1384 2640 Phrynichus
1425 2599 1460 2629 in
1507 2596 1598 2629 Bek-

962 2644 1032 2677 keri
1069 2644 1199 2678 Auecd.
1231 2654 1262 2685 p.
1297 2645 1350 2679 26,
1386 2638 1597 2684 α’νηλέητο
