1612 2872
499 30 590 112 'DE
623 66 901 110 LEGIBUS
935 74 1016 108 etc.
1095 93 1101 102 .
1302 61 1429 104 CLV

76 186 259 242 sophus,
287 183 417 229 sicuti
437 183 667 231 universae
689 181 940 238 scriptionis
955 181 1148 224 rationes
1175 183 1429 243 exegerunt,

78 245 123 286 iu
163 243 306 286 anima
345 239 567 284 mundana
606 240 896 297 cognatisque
945 253 1044 281 cum
1084 252 1136 280 ea
1172 235 1256 278 di1s
1296 236 1430 276 mior-

78 299 248 343 mandis
278 299 499 354 acquievit
527 313 670 352 neque
700 297 831 339 altius
862 296 919 338 ad
947 296 1103 340 summi
1138 293 1210 336 dei
1241 292 1429 347 dignita—

78 365 166 400 tem
197 355 516 400 informandam
551 355 804 402 assurrexit.
863 354 979 396 Nam
1000 368 1133 411 quum
1149 350 1279 394 unius
1308 350 1427 392 eius-

78 431 164 470 que
207 414 364 458 summi
404 413 475 455 dei
504 413 713 455 notitiam
750 427 933 467 magnae
965 408 1238 453 multitudini
1264 406 1430 450 iudica-

76 473 190 514 verit
219 488 308 514 non
333 472 464 513 licere
494 470 686 526 apertius
716 469 945 524 impertiri,
977 468 1105 510 facile
1136 466 1219 509 sibi
1251 480 1429 522 persua-

79 530 152 583 sit,
193 544 313 583 eam,
344 543 474 583 quam
501 523 700 582 ‘proxime
730 525 793 567 illi
823 532 1056 582 cognatam
1087 525 1324 581 reperisset
1351 522 1430 566 do·

74 587 274 640 ctrinam,
305 585 361 627 ad
380 600 648 627 communem
671 583 894 626 hominum
934 583 1277 639 persuasionem,
1311 581 1430 636 quali

73 643 118 685 in
148 658 213 698 ea,
246 656 377 698 quam
396 641 683 695 condidisset,
715 640 893 682 civitate
919 655 1035 695 opus
1067 653 1163 681 esse
1189 638 1428 692 videretur,

76 701 207 757 louge
264 698 761 742 accommodatissimam
800 698 917 746 fore,
983 696 1237 753 praesertim
1295 711 1428 750 quum

75 756 236 800 Graeci
254 756 418 800 dudum
441 756 651 799 mundum
669 762 890 810 tamquam
909 755 1172 797 animantem
1196 752 1431 796 informare

74 815 418 869 consuevissent,
443 830 468 856 a
493 829 580 870 qua
602 814 820 857 sententia
840 819 952 855 teste
974 810 1298 855 Aristotele
1330 811 1429 853 Me-

77 872 200 928 tapb.
241 872 277 914 1.
316 874 361 914 3.
433 872 502 915 De
542 873 691 915 Anim.
723 870 759 912 I.
790 872 829 914 2.
864 872 903 912 5.
933 876 977 912 et
1007 871 1047 912 8.
1079 869 1178 912 coll.
1214 867 1326 911 Cic.
1357 868 1428 911 De

75 930 134 973 N.
176 930 232 974 D.
271 929 308 972 I.
357 931 419 973 10.
461 930 592 972 etiam
632 927 925 984 antiquissimi
971 928 1167 984 ipsorum
1205 926 1428 983 sapientes

74 993 199 1029 eraut
238 987 438 1042 profecti.
506 986 812 1043 Hanc-igitur
843 985 1026 1028 consilio
1054 1000 1135 1028 suo
1166 983 1429 1027 convenien-

74 1052 141 1086 ter
178 1044 264 1087 hoc
301 1046 346 1086 in
375 1061 507 1101 opere
545 1045 673 1086 unice
709 1042 1012 1099 explicandam
1043 1049 1176 1098 atque
1206 1041 1428 1085 illustran-

75 1101 175 1144 dam
217 1101 453 1157 iudicavit,
498 1103 690 1158 fecitque
730 1100 820 1143 hoc·
864 1106 990 1143 tanto
1029 1099 1250 1142 sollertius
1294 1106 1427 1154 atque

6 1156 10 1165 '
75 1159 349 1225 elegantius,
375 1159 495 1215 quod
524 1160 610 1202 isto
640 1166 769 1216 pacto
799 1158 932 1200 etiam
962 1158 1120 1214 impias
1152 1172 1302 1199 eorum
1333 1157 1427 1213 opi-

75 1232 244 1271 mones,
278 1232 352 1272 qui
383 1217 577 1274 physicis
608 1215 729 1258 ducti
758 1215 1000 1258 rationibus
1031 1230 1202 1258 omnem
1234 1214 1319 1256 vim
1351 1214 1427 1256 de-

76 1289 199 1316 orum
240 1273 394 1316 tollere
439 1274 586 1317 conati
635 1278 781 1327 erant,
835 1273 1038 1323 facillime
1081 1272 1347 1328 redarguere
1385 1278 1427 1314 et

74 1332 299 1374 confutare
326 1331 494 1388 potuit,
537 1330 891 1387 quandoquidem
923 1330 1272 1373 commodissime
1303 1344 1427 1372 suam

75 1387 129 1430 de
159 1394 303 1430 mente
335 1395 379 1430 et
408 1390 552 1431 anima
580 1388 730 1431 divina
761 1389 1023 1431 sententiam
1054 1403 1204 1430 eorum
1237 1386 1427 1430 decretis

73 1446 303 1502 opposuit,
357 1446 455 1501 qui,
506 1447 636 1489 sicuti
686 1445 816 1488 hodie
866 1460 1044 1500 quoque
1090 1447 1291 1488 fecerunt
1338 1459 1428 1487 non

74 1503 217 1559 pauci,
248 1504 439 1545 omnium
469 1509 614 1546 rerum
645 1519 823 1546 caussas
853 1511 898 1545 et
919 1503 1111 1559 origines
1141 1518 1182 1545 a»
1197 1517 1428 1559 corporum

24 1589 31 1598 ,-
73 1560 299 1603 elementis
339 1568 471 1616 atque
509 1573 659 1604 eorum
701 1561 1046 1617 proprietatibus
1093 1566 1291 1618 repetere
1338 1575 1427 1604 non

76 1617 408 1660 dubitavissent.

67 1674 69 1677 ⁴
187 1678 251 1717 At
287 1689 415 1730 vero»,
445 1671 599 1731 inquit
619 1675 802 1730 aliquis,
842 1681 891 1717 ut
935 1675 1019 1718 hoc
1049 1675 1112 1717 ita.
1143 1689 1238 1718 esse
1266 1674 1425 1733 largia-

64 1748 183 1786 mur,
214 1738 361 1790 tamen
391 1733 526 1777 multo
557 1733 686 1776 etiam
717 1732 853 1775 maior
872 1732 1110 1775 difficultas
1132 1732 1178 1775 in
1200 1732 1283 1775 hac
1301 1739 1426 1788 parte

74 1790 220 1844 operis
265 1790 481 1832 cernitur..
527 1791 643 1832 Nam
685 1806 773 1845 quo
801 1790 979 1832 tandem
1009 1789 1139 1833 modo
1171 1790 1264 1832 fieri
1295 1797 1425 1846 puta-

76 1846 240 1895 bimus,
278 1853 350 1901 ut,
391 1861 502 1901 quae
545 1847 832 1904 philosophus
875 1848 980 1890 alibi
1019 1847 1073 1889 de
1116 1862 1285 1890 summo
1326 1849 1426 1890 Deo

76 1902 296 1958 prodidit,
327 1918 378 1945 ea
407 1903 478 1949 hic
505 1904 637 1960 plane
668 1905 843 1947 silentio
873 1906 1126 1948 transmissa
1155 1904 1270 1946 sint?
1330 1905 1425 1947 Do·

76 1965 146 2002 cet
178 1960 298 2002 enim
348 1960 476 2002 Plato
539 1961 635 2003 aliis
682 1961 791 2004 locis
846 1961 966 2003 haud
1024 1962 1233 2015 obscure,
1291 1977 1435 2010 unum.

75 2031 172 2059 esse
203 2016 332 2060 deum
362 2024 585 2071 aeternum
617 2024 750 2073 atque
782 2033 995 2060 summum
1037 2019 1169 2073 (Tim.
1200 2036 1242 2075 p.
1273 2020 1341 2062 28.
1373 2018 1425 2062 C.

75 2076 144 2119 31.
174 2088 273 2129 sqq.
307 2076 373 2116 37.
408 2074 460 2119 C.
494 2075 625 2118 Polit.
645 2093 700 2132 p.
735 2077 831 2117 ⁶270.
859 2076 954 2130 A.),
982 2077 1056 2131 qui
1086 2091 1112 2118 a
1142 2075 1227 2119 diis
1257 2076 1424 2131 inferis,

74 2131 215 2187 ipsius
254 2132 301 2174 in
339 2132 503 2174 mundo
542 2132 774 2175 condendo
822 2148 875 2175 ac
914 2133 1199 2190 gubernando
1240 2134 1426 2178 admini-

75 2189 177 2232 stris
219 2189 352 2244 (Tim.
384 2207 434 2247 -p.
476 2191 544 2232 28.
585 2192 641 2232 A.
684 2205 781 2245 sqq.
820 2192 887 2233 34.
928 2191 987 2233 D.
1023 2205 1119 2246 sqq.
1157 2194 1227 2234 41.
1256 2192 1313 2236 A.
1345 2193 1424 2249 al.)

75 2245 276 2303 diversus
316 2246 385 2289 sit.
466 2248 614 2290 Docet
663 2249 795 2290 etiam
838 2247 955 2290 hunc
999 2263 1248 2304 supremum
1296 2248 1426 2293 deum

74 2318 171 2346 esse
208 2319 368 2346 numen
404 2306 797 2362 perfectissimum,
830 2304 960 2348 huius
990 2307 1182 2349 universi
1211 2306 1424 2363 optimum

68 2367 300 2416 parentem
341 2367 386 2403 et
423 2371 668 2418 auctorem,
698 2363 891 2418 itemque
921 2364 1314 2419 sapientissimum,
1344 2381 1424 2422 po-

76 2417 380 2473 tentissimum,
408 2421 735 2476 sempiternum,
766 2420 964 2463 veritatis
983 2427 1214 2476 amantem,
1244 2422 1423 2476 iustum,

77 2481 287 2529 sanctum,
318 2474 505 2532 denique
536 2478 654 2520 omni
678 2478 852 2520 virtutis
881 2493 932 2520 ac.
951 2479 1232 2535 perfectionis
1264 2495 1423 2536 genere

76 2530 508 2576 adeo'‘excellentem
525 2567 538 2583 ,
578 2535 687 2577 nihil
725 2542 776 2577 ut
813 2535 889 2578 illo
917 2535 1160 2582 absolutius
1191 2543 1268 2579 aut
1296 2553 1423 2595 prae-

59 2589 269 2631 'stantius
303 2589 408 2647 fingi
451 2599 494 2633 et
533 2593 719 2650 cogitari
749 2593 1031 2648 possimis-De
1052 2608 1140 2649 qua
1162 2610 1207 2637 re
1237 2611 1278 2637 v,
1309 2610 1423 2650 quae.

78 2647 323 2690 notavimus
346 2647 520 2691 Indics.
541 2650 595 2692 ad
619 2650 978 2704 Phileb.,P.01itie.
1004 2651 1114 2694 Tim.
1138 2658 1180 2694 et
1210 2651 1421 2708 Rempub.
