1612 2872
133 121 216 164 DE
249 119 525 164 LEGIBUS
578 120 693 163 LIB.
729 121 813 163 111.
852 121 897 163 Ρ.
932 123 1026 163 697.
1058 122 1154 164 698.
1187 122 1251 164 St.
1328 123 1410 164 :339

55 241 136 290 δας
166 237 445 296 ἀπεράντους
483 239 677 294 λομσμῷ
713 236 964 295 αχρήστους
999 244 1058 290 εἰς
1092 238 1290 296 πόλεμον
1324 238 1412 283 πά-

52 321 134 356 σας
181 310 423 360 κέκτηνται,
459 308 533 348 καὶ
578 305 794 361 καθάπερ
832 309 989 358 ὲιδεεῒς
1033 306 1298 362 ἀνθρώπων
1340 325 1411 363 μι-

52 373 302 430 σθούμενοι
336 370 424 416 ὑπὸ
454 373 700 428 μισθωτῶν
737 390 809 416 και
843 372 1038 417 ὀθνείων
1069 372 1334 430 ἀνθρώπων
1364 373 1412 427 ἡ·

52 443 241 492 γοῦνταί
261 457 370 484 ποτε
392 439 718 493 σωθήσεσθαι·
763 438 878 495 πρὸς
912 443 956 484 δὲ
992 440 1168 492 τούτοις
1200 440 1410 496 ἀμαθαί-

53 524 144 551 νειν
181 506 537 563 ἀναγκάζονται,
571 509 771 562 λέγοντες
807 511 973 565 ἔργοις,
1022 507 1094 553 ὅτι
1127 507 1263 565 λῆρος
1296 507 1409 566 πρὸς

49 574 216 630 χρυσόν
251 587 297 618 τε
332 577 406 618 καὶ
451 572 653 631 ἄργυρόν
687 579 805 618 ἐστιν
847 574 1056 621 ἑκάστοτε
1092 574 1147 620 τὰ
1194 577 1409 634 λεγόμενα

52 645 175 696 τίμια
206 645 279 685 καὶ
314 640 428 684 καλοὶ
466 639 581 684 κατὰ
619 640 764 684 πόλιν.

152 711 257 752 ΜΕ.
328 707 464 752 Ποὶνυ
497 710 578 763 μὲν
614 701 710 752 οὖν.

153 773 264 837 Cap.
302 772 437 819 XIV.
507 777 604 819 ΑΘ.
682 774 748 818 Τὰ
784 778 867 831 μὲν
902 774 955 829 δὴ
991 780 1089 831 περὶ
1123 793 1170 832 γε
1207 779 1408 834 Περσῶν,

51 842 109 893 ὡς
155 842 236 886 οὐκ
283 841 441 900 ὀρθῶς
490 841 546 885 τά
594 843 677 886 νῦν
724 845 955 888 διοικεῖται
1000 844 1072 886 διὰ
1110 843 1191 896 τὴν
1229 843 1407 904 σφόδρα

51 913 254 970 δουλείαν
287 926 331 953 τε
364 912 436 952 καὶ
473 911 746 962 δεσποτείαν,
783 913 906 961 τέλος
939 915 1079 966 ἐχέτω.

154 971 255 1020 ΜΕ.
331 975 465 1020 Πάνυ
501 979 583 1031 μὲν
618 970 714 1021 οὖν.

50 1128 132 1208 ζεῖ.
161 1128 192 1162 Ιι.
219 1140 247 1164 r
274 1142 306 1164 o.
341 1131 559 1165 mutavimus.
586 1131 666 1165 Par.
695 1131 734 1163 Α.
769 1130 808 1163 Β.
834 1140 870 1164 a.
897 1129 928 1163 δ.
954 1140 987 1165 x.
1012 1135 1048 1164 et
1076 1141 1127 1174 pr.
1157 1130 1232 1165 Vat.
1263 1130 1304 1166 Ω.
1329 1130 1411 1175 α’νη-

88 1184 186 1218 ηῐωε.

142 1223 183 1255 Ρ.
209 1223 288 1258 698.
339 1225 438 1266 περι
465 1234 510 1265 γε
545 1221 735 1265 Περσῶν]
774 1233 812 1264 γε
837 1232 900 1278 pro
925 1223 1018 1264 vulg.
1046 1233 1080 1254 re
1104 1223 1341 1265 praebuerunt
1365 1226 1410 1256 A.

55 1265 94 1302 Ω.
120 1267 151 1301 h.
179 1279 206 1302 r.
232 1280 265 1302 x.
293 1266 322 1301 δ.
374 1270 414 1302 In
440 1269 521 1302 Par.
554 1269 595 1302 B.
620 1269 748 1311 iegitur
774 1279 849 1311 περι
874 1279 913 1311 γε
938 1270 1004 1301 τῶν
1030 1267 1186 1311 Περσων.

50 1381 105 1413 καὶ
145 1377 339 1424 ἀνηλεής.
377 1382 498 1414 Lexic.
540 1381 692 1422 Sanger-

49 1437 160 1460 mann.
187 1427 270 1460 ibid.
301 1438 334 1469 p.
360 1428 440 1462 400.
473 1424 694 1469 α’νελήμων

52 1474 106 1506 καὶ
130 1471 385 1515 α’νελεήμων
419 1476 516 1514 φασί.
543 1471 693 1515 Νικόχα-

50 1528 104 1561 pes
144 1518 181 1552 δὲ
220 1515 478 1563 «incursum
515 1519 612 1562 λέγει.
662 1531 692 1552 ν.

49 1566 268 1599 Ruhnken.
310 1565 353 1598 ad
395 1566 524 1610 Hymn.
557 1568 590 1599 in
625 1567 693 1599 Ce-

49 1622 117 1645 rer.
151 1623 181 1643 v.
213 1612 293 1647 283.
326 1615 362 1645 et
392 1611 613 1646 Schnefer.
648 1611 691 1644 ad

50 1658 165 1692 Schol.
207 1659 366 1701 Aponon.
396 1657 510 1693 Rhod.
545 1669 576 1701 p.
610 1658 690 1693 312.

49 1706 147 1737 cuius
170 1704 254 1736 haec
279 1707 361 1737 sunt
391 1704 507 1739 verba.
555 1704 691 1745 „Cete-

50 1760 147 1789 rum,
171 1750 296 1790 inquit,
323 1751 352 1781 si
378 1750 505 1783 Graeci
531 1750 693 1784 dixerunt

53 1801 88 1828 et
112 1793 308 1838 ἆνελεήμων
333 1799 369 1827 et
393 1791 608 1839 ἅνηλεήμων,
642 1797 693 1828 ni-

53 1841 118 1879 ΙιίΙ,
143 1842 285 1883 opinor,
320 1841 478 1882 obstitit,
510 1842 693 1897 quominus

53 1886 208 1920 dicerent
242 1891 279 1919 et
304 1883 446 1928 ἅνελεήε
471 1891 507 1920 et
532 1883 694 1930 ἀνηλεής·

52 1942 259 1975 quamquam
305 1943 389 1965 usus
424 1933 586 1974 loquendi
633 1944 695 1976 po—

52 1984 184 2012 stremo
218 1977 283 2011 huc
309 1979 501 2020 inclinavit,
531 1985 571 2011 ut
602 1980 697 2022 prior

51 2025 165 2058 forma
215 2024 495 2066 posthaberetur.
544 2036 576 2058 v.
625 2025 695 2058 Ad·

53 2070 166 2103 denda
208 2070 251 2103 ad
288 2070 439 2112 Gregor.
474 2071 628 2106 Corinth.
662 2082 695 2113 p.

52 2116 133 2151 880.
181 2116 307 2158 Itaque
341 2126 411 2149 non
442 2117 606 2150 accedam
641 2117 697 2157 iis,

53 2163 111 2204 qui
137 2158 277 2204 ἀνελεής
302 2166 337 2195 et
363 2162 505 2195 ductum
532 2163 612 2197 inde
637 2163 697 2195 ad-

55 2208 209 2241 verbium
235 2205 393 2247 ἄνελε-(ῦς,
418 2209 613 2252 ubicunque
639 2219 698 2242 oc-

55 2257 216 2293 currunt,
253 2259 290 2286 ut
319 2265 425 2287 voces
457 2253 547 2288 nihili
581 2259 699 2288 exter-

56 2300 232 2332 minant.“
270 2299 361 2332 conf.
395 2301 500 2334 etiam
536 2301 696 2334 Osann.

59 2348 201 2379 Auctor
231 2345 351 2378 Lexie.
378 2356 411 2389 p.
440 2346 496 2382 15.

137 2435 249 2471 ,698.
300 2436 506 2479 λέγοντες
530 2437 699 2480 ἔργοις,

58 2478 126 2512 ὅτι
103 2434 282 2523 ι,λῆρος
305 2482 368 2526 -]
396 2482 602 2526 desipere
633 2494 699 2517 co-

57 2531 219 2568 guntur
253 2537 299 2560 re
343 2528 437 2571 ipsa
476 2529 699 2563 declaran-

59 2577 128 2604 tes
159 2583 188 2605 s.
222 2573 520 2616 profitentes,
563 2585 700 2618 nugas

59 2628 161 2651 esse
192 2618 244 2650 ad
279 2629 429 2653 aurum
469 2624 512 2653 et
545 2631 700 2663 argeu-

60 2667 146 2697 tum
174 2665 243 2707 (cui
270 2666 334 2707 ipsi
360 2664 504 2708 inhiant)
528 2676 700 2709 compa—

59 2714 179 2750 rata,
211 2720 319 2751 quae
361 2712 487 2752 vulgo
521 2712 563 2744 in
600 2713 700 2745 eivi-

764 1385 859 1414 tate
892 1380 1063 1415 honore
1096 1381 1227 1425 digna
1267 1386 1307 1415 et
1341 1381 1407 1415 ho·

765 1431 894 1460 nesta
920 1427 1139 1460 dicautur.
1170 1429 1330 1462 Acumen
1356 1428 1409 1461 iu-

765 1478 821 1506 est
860 1475 893 1506 in
936 1474 1052 1506 verbis
1090 1472 1247 1516 λέγοντες
1284 1474 1410 1517 ἔργοις,

765 1519 905 1553 indem
956 1521 1024 1552 sie
1072 1530 1116 1553 es
1166 1520 1304 1553 durch
1343 1521 1411 1553 die

765 1566 875 1599 That
942 1566 1264 1609 aussprechen3
1320 1577 1410 1608 quae

1440 515 1522 555 698

763 1614 854 1645 male
897 1610 1152 1650 disiunxerunt,
1196 1613 1253 1654 qui
1291 1612 1409 1655 ἔργοις
1465 1616 1475 1624 “

761 1668 840 1691 cum
879 1654 930 1689 ὅτι
965 1656 1070 1700 λῆρός
1104 1657 1174 1690 ἐστι
1198 1663 1410 1692 censuerunt

761 1704 919 1738 connecti
947 1709 1122 1745 oportere.

808 1750 893 1790 Cap.
918 1748 1014 1782 xlv.
1059 1747 1115 1782 Τὰ
1138 1748 1213 1790 μὲν
1239 1748 1287 1793 δὴ
1313 1753 1413 1794 περί

762 1807 808 1839 γε
840 1794 1023 1838 Περσῶν
1054 1795 1118 1839 ——]
1170 1796 1408 1839 Posteaquam

763 1842 893 1875 Persici
917 1842 1050 1883 imperii
1075 1843 1237 1884 exemplo
1263 1843 1410 1876 demon·

763 1887 902 1924 stravit,
935 1888 1059 1929 quibus
1093 1888 1182 1919 vitiis
1208 1889 1342 1920 laboret
1367 1899 1410 1921 ea

764 1933 979 1976 respublica,
1004 1934 1038 1965 in
1063 1941 1134 1975 qua
1158 1933 1260 1966 nimia
1285 1935 1412 1966 extite-

765 1980 808 2012 rit
833 1978 932 2012 unius
960 1978 1052 2020 regis
1078 1980 1235 2020 potentia
1261 1980 1312 2022 (p.
1329 1978 1410 2014 694.

769 2029 807 2057 Α.
835 2041 874 2050 —·
900 2023 978 2058 698.
1007 2024 1085 2066 A.),·
1120 2024 1270 2058 vicissim
1307 2026 1412 2059 etiam

766 2073 816 2103 ita
855 2070 1016 2103 accidere
1055 2080 1160 2112 posse
1209 2070 1332 2111 docet,
1376 2075 1418 2104 ut

765 2115 998 2150 immoderata
1033 2116 1146 2158 plebis
1172 2118 1350 2150 exoriatur
1375 2118 1415 2151 ii-

767 2163 903 2196 bertas:
937 2161 1029 2194 unde
1064 2166 1194 2204 quanta
1231 2164 1320 2196 mnia
1352 2173 1413 2196 na-

768 2213 926 2249 scantur,
958 2206 1079 2241 dehine
1113 2209 1274 2250 exemplo
1305 2208 1414 2243 Athe-

768 2253 894 2287 niensis
910 2253 1117 2296 reipubiicne
1135 2254 1299 2287 ostendit.
1328 2254 1415 2288 Ete-

767 2301 836 2333 nim
863 2299 967 2332 Plato
999 2299 1102 2332 sicuti
1138 2299 1240 2334 facile
1266 2300 1415 2343 pervidit

766 2347 994 2388 impotentem
1036 2355 1156 2389 regum
1200 2346 1413 2380 dominatio-

767 2402 845 2425 nem
880 2391 1090 2433 reipublioae
1127 2392 1272 2434 piurima
1306 2396 1414 2436 atque

768 2437 917 2471 maxima
963 2439 1053 2470 mata
1099 2437 1312 2480 importare,
1366 2438 1414 2471 ita

770 2484 873 2517 etiam
913 2482 1163 2516 democratiam
1204 2483 1414 2518 immodera-

768 2535 908 2571 tumque
932 2529 1041 2562 civilis
1063 2529 1231 2563 libertatis
1256 2529 1412 2563 studium

768 2574 933 2608 iudicavit
964 2575 1175 2608 uberrimum·
1217 2587 1297 2610 esse
1335 2587 1416 2618 gra·

768 2621 986 2654 vissimorum
1014 2622 1180 2654 malorum
1200 2621 1354 2661 fontem3
1380 2620 1414 2653 id

769 2666 863 2709 quod
898 2667 1046 2701 maxime
1077 2668 1109 2699 in
1144 2668 1284 2699 civitate
1310 2666 1414 2699 Athe-

772 2713 941 2746 niensium
997 2712 1202 2755 reprehendi
1250 2715 1415 2754 oportere

1030 2769 1141 2809 22*
