1612 2872
300 91 386 133 DE
417 89 698 135 LEGIBUS
734 89 855 133 LIB.
887 88 923 132 I.
957 91 1006 133 P.
1039 91 1136 133 640.
1169 88 1234 133 St.
1385 90 1438 131 91

179 209 279 252 ΑΘ.
343 206 391 252 O
434 206 525 263 μὴν
569 208 776 267 ἀνδρεῖος
824 212 914 254 τῶν
959 209 1112 253 δειλῶν
1155 206 1245 252 ὑπὸ
1283 205 1444 268 φόβων

16 302 19 345 ¹;
83 269 221 328 ἧττον
257 276 579 332 τεθορύβηται.

184 344 288 386 ΚΛ.
360 345 451 387 Καὶ
490 346 624 387 τοῦτο
660 342 815 395 οὕτως.

183 411 284 453 ΑΘ.
356 413 409 454 Εὶ
453 410 495 454 δ’
546 404 601 464 ἦν
643 427 710 462 τις
751 408 928 468 μηχανὴ
963 411 1102 465 μηδὲν
1136 407 1186 453 τὸ
1225 408 1444 465 παράπαν

14 500 15 535 3
81 477 256 521 δεδιότα
300 481 410 533 μηδὲ
464 476 812 534 θορυβούμὲνον
844 479 1098 530 *summam
1159 479 1444 532 στρατοπέδῳ

13 574 14 582 1
80 545 351 600 στρατηγόν,
371 539 437 602 ἆρ’
464 545 517 589 οὐ
544 545 658 590 τοῦτ’
684 543 743 589 ἂν
776 547 909 589 παντὶ
948 543 1102 601 τρόπῳ
1139 544 1443 601 ὲπράττομενς

180 614 284 656 ΚΛ.
356 612 555 671 Σφόδρα
591 615 672 670 μὲν
710 608 807 657 οὖν.

11 710 12 713 =
182 681 282 725 ΑΘ.
352 682 455 723 Νῦν
499 683 544 723 δέ
586 697 633 734 γε
680 679 733 724 οὐ
783 680 1089 736 στρατοπέδου
1126 681 1225 736 περὶ
1259 682 1442 734 λέγομεν

9 793 11 812 1
77 744 301 802 ἄρξοντος
350 753 397 790 ὲν
446 746 626 804 ἀνδρῶν
661 746 855 804 ὁμιλίαις
889 748 1071 803 ἐχθρῶν
1107 749 1297 803 ἐχθροῖς
1330 744 1442 802 μετα

79 817 295 871 πολέμου,
331 818 472 874 φίλων
519 814 562 858 δ’

78 881 251 926 σόντων
287 881 642 942 φιλοφροσύνης.

179 951 283 994 ΚΛ.
350 949 538 1007 Ὀρθῶς.

614 821 660 860 ἐν
696 816 846 878 εἰρήνῃ
882 813 995 873 πρὸς
1030 817 1188 875 φίλους
1226 832 1442 868 κοινωνη-

1482 351 1521 393 Β

181 1019 278 1061 AG).
335 1015 461 1061 ’Ἐστι
498 1021 544 1063 δέ
578 1035 624 1073 γε
661 1017 688 1071 ἡ
710 1018 898 1072 τοιαύτη
919 1020 1149 1074 συνουσία,
1174 1017 1294 1074 εἴπερ
1317 1020 1438 1060 ἔσται
1470 1017 1507 1062 C

75 1081 188 1135 μετὰ
224 1088 383 1139 μέθης,
424 1084 503 1129 οὐκ
533 1085 789 1142 ἀθόρυβος.
829 1079 854 1140 ἦ
892 1086 1003 1143 γάρς

180 1154 283 1196 ΚΛ.

351 1155 461 1204 Πῶς
497 1153 615 1211 γάρ,·
651 1154 743 1198 ἀλλ’
789 1154 915 1210 οἶμαι
949 1157 1043 1198 πᾶν
1079 1153 1363 1199 τούναντίον.

171 1283 211 1315 P·
235 1283 315 1318 640.
364 1286 441 1317 τῶν
472 1283 625 1340 δειλῶν
657 1283 740 1319 ὑπὸ
780 1284 967 1328 φόβων]
1001 1287 1045 1319 V.
1079 1287 1144 1319 τοῦ
1175 1283 1303 1316 δειλοῦ.
1333 1283 1372 1316 Β.
1403 1283 1441 1317 Ξ.

83 1327 122 1360 Ω.
148 1341 180 1361 v.
207 1330 230 1361 f.
256 1341 283 1363 r.
310 1341 341 1363 a.
368 1341 397 1364 e.
425 1343 458 1364 o.
486 1331 515 1364 δ.
544 1330 604 1364 τὸν
628 1330 742 1364 δειλὸν
766 1331 823 1364 ὑπ.
851 1344 889 1374 φ.
934 1332 1005 1365 Sed
1032 1334 1099 1366 τῶν
1125 1332 1243 1365 δειλῶν
1260 1341 1338 1363 cum
1357 1330 1440 1362 Ald.

80 1376 180 1408 Bass.
206 1382 300 1410 reete
325 1377 407 1410 Par.
434 1380 471 1410 Α.
498 1379 532 1410 h.
557 1389 591 1411 x.
639 1379 728 1411 Mox
753 1380 857 1412 Voss.
886 1377 1016 1422 μηχανὴ
1042 1380 1096 1413 καὶ
1122 1391 1154 1420 μ.

169 1422 210 1454 Β.
260 1419 311 1455 οὐ
347 1424 647 1469 στρατοπέδου
684 1426 777 1468 περὶ
809 1427 860 1468 L]
907 1427 1041 1460 vitiose
1073 1428 1172 1460 editt.
1204 1424 1292 1466 πέρι.
1345 1423 1440 1456 Vide

77 1470 362 1512 explicationem.

169 1514 210 1548 O.
259 1517 379 1559 εἴπερ
419 1518 540 1550 ἔσται
577 1516 678 1559 μετὰ
716 1519 770 1563 μ.]
812 1518 882 1552 ἔστι
915 1530 949 1552 x.
993 1520 1064 1553 Pro
1091 1519 1161 1552 ἔστι
1187 1515 1224 1549 δέ
1248 1528 1286 1559 με
1315 1515 1439 1559 steph.

80 1561 172 1594 ἔσται
198 1561 235 1594 δέ
263 1574 301 1606 γε
325 1565 460 1598 maluit.

77 1672 244 1719 ἐνενόησα
269 1675 440 1720 λέγοντος.
490 1678 605 1710 Alcib.
632 1678 658 1710 Ι.
686 1688 720 1719 p.

76 1722 154 1757 119.
175 1725 221 1755 R:
248 1725 358 1756 καίτοι
378 1722 486 1756 ἐννοῶ
512 1725 579 1756 σοῦ
603 1722 720 1757 εἰπόν-

77 1778 137 1802 tos·
162 1769 216 1803 καὶ
241 1771 420 1812 συγχωρῶ.
466 1771 567 1803 Infra¹
591 1781 625 1812 p.
641 1770 720 1806 643.

75 1816 159 1849 libr.
190 1816 258 1848 11.:
292 1816 454 1858 λέγοντος
490 1819 608 1849 τοίνυν
634 1816 721 1857 ἐμοῦ

77 1882 121 1887 -
153 1862 342 1901 σκέψασθε.
399 1863 492 1895 Dein
527 1864 615 1895 ordo
641 1874 719 1896 ver-

76 1910 201 1941 borum
226 1909 426 1941 intricatior
449 1910 501 1942 sic
531 1911 721 1950 expedien-

77 1957 158 1988 dus:
187 1953 377 1995 μανθάιεις
401 1954 461 1994 μὲν
486 1952 564 1997 γάρ
588 1951 635 1986 ms·
645 1951 719 2032 δόρ-

76 2001 150 2034 θόν
177 2000 306 2045 (ἐστι)’
290 2013 327 2033 εν
343 2001 469 2033 πάσαις
494 2013 527 2033 τε
555 1999 662 2042 ξυιόδ
668 2010 722 2033 οις

77 2049 132 2080 καὶ
157 2049 356 2080 κοινωνίαις
371 2045 529 2089 πράξεων
550 2059 719 2080 ωντινων-

78 2096 144 2128 οὖν
181 2093 220 2127 τὸ
261 2095 436 2136 πανταχοῦ
477 2091 635 2127 ἑκάστοις
660 2092 719 2137 ἄρ-

77 2153 179 2183 χοιτα
203 2152 253 2173 ειι
256 2153 301 2173 αι

126 2188 164 2219 Β.
213 2185 304 2220 Νῦν
332 2186 377 2219 δέ
403 2199 447 2231 γε
473 2186 522 2219 οὐ
543 2197 719 2230 στρατο-

78 2232 219 2278 πέζδου
258 2235 352 2276 περὶ
387 2233 591 2276 λέγομεν]
636 2235 720 2266 Per-

77 2291 197 2322 peram
227 2281 387 2312 scribunt
419 2280 512 2322 πέρι,
539 2282 636 2322 quod
669 2282 719 2312 vi—

77 2327 166 2358 tium
190 2327 320 2359 dudum
347 2328 551 2359 sustulimus
568 2328 721 2369 proban-

78 2373 172 2405 tibus
186 2374 291 2405 etiam
309 2374 438 2406 criticis
453 2374 721 2406 Turicensibus.

77 2418 170 2451 Nam
194 2420 269 2460 περὶ
293 2421 445 2461 pertinet
471 2421 516 2453 ad
542 2418 720 2474 ἄρξοντος,

79 2465 364 2507 quandoquidem
385 2466 492 2499 verba
508 2468 558 2499 sie
571 2468 721 2508 iungen-

78 2511 124 2543 da
149 2516 243 2543 sunt:
279 2513 344 2543 νῦν
375 2511 412 2544 δέ
442 2524 480 2555 γε
511 2510 555 2544 οὐ
580 2511 722 2556 λέγομεν

78 2557 155 2599 περὶ
180 2554 349 2600 ἄρξοντος
374 2558 608 2601 στρατοπέδου
635 2571 664 2591 κ.
691 2571 718 2591 τ.

79 2603 259 2638 λ.11ῐιηο
289 2609 429 2638 autem
461 2616 546 2638 non
569 2607 718 2648 loqui-

78 2660 170 2682 mur
201 2651 253 2683 de
297 2651 448 2684 futuro
485 2653 717 2685 exercitus

79 2696 194 2730 duee.
240 2697 376 2731 Vitium
399 2698 531 2741 primus
559 2700 714 2732 animad-

789 1679 895 1710 vertit
919 1679 1096 1721 Astius,
1131 1679 1192 1722 qui
1223 1677 1435 1720 praepositi-

789 1726 869 1757 onis
895 1726 945 1758 sic
969 1736 990 1758 a
1015 1726 1159 1758 nomine
1183 1735 1248 1757 suo
1273 1725 1435 1757 divulsae

787 1772 948 1814 exemp'a
972 1773 1090 1805 attulit
1105 1772 1204 1804 Libr.
1225 1771 1285 1804 ΙΙΙ.
1301 1782 1335 1813 p.
1351 1771 1433 1805 676.

789 1818 832 1850 C:
867 1816 992 1860 ταύτης
1023 1816 1064 1861 δὴ
1096 1819 1176 1859 περὶ
1203 1815 1362 1859 λάβωμεν
1386 1832 1431 1843 —v

789 1865 849 1906 τῆς
874 1865 1067 1906 μεταβολῆς
1086 1862 1147 1906 τὴν
1173 1863 1295 1896 αἰτίαν.
1325 1864 1433 1896 ibid.

787 1922 820 1952 p.
846 1911 926 1946 697.
945 1911 991 1943 C:
1019 1907 1039 1953 ἡ
1074 1910 1220 1952 Περσῶν
1252 1910 1328 1952 περὶ
1360 1907 1432 1941 διά-

790 1962 909 1996 σκεψις
927 1958 986 1999 τῆς
1006 1957 1196 1988 πολιτείας
1205 1956 1295 1988 vlu.
1310 1967 1343 1998 p.
1355 1955 1434 1990 834.

788 2003 843 2034 D·
869 2003 1013 2045 θηλείας
1043 2002 1080 2034 δὲ
1114 2003 1190 2044 περὶ
1216 2001 1350 2034 τούτων
1374 1999 1435 2034 νό-

788 2057 866 2088 μοις
891 2048 952 2088 μὲν
978 2049 1032 2081 καὶ
1058 2048 1252 2090 ἐπιτάξεσιν
1274 2060 1340 2080 ουκ
1355 2045 1436 2088 ἄξια

788 2093 973 2137 βιάζεσθαι
1013 2096 1072 2137 τῆς
1110 2097 1304 2128 κοινωνίας.
1339 2095 1433 2127 conf.

788 2142 1010 2175 Matthiae
1043 2141 1105 2175 Gr.
1133 2142 1163 2184 ξ.
1188 2142 1269 2177 595.
1295 2141 1329 2176 3.
1356 2142 1434 2174 De-

788 2189 941 2221 mosth.
967 2200 995 2221 c.
1021 2189 1163 2231 Aphob.
1188 2189 1268 2222 fals.
1295 2192 1373 2222 test.
1398 2198 1433 2230 p.

789 2235 869 2269 859.
896 2235 966 2270 51.:
999 2235 1074 2278 περὶ
1097 2234 1158 2275 μὲν
1182 2237 1318 2274 τοίνυν,
1343 2234 1434 2277 ἔφην

790 2279 868 2323 ἐγώ,
895 2280 1035 2314 τούτου.
1060 2283 1122 2314 ubi
1146 2293 1180 2314 v.
1208 2281 1432 2315 Schaefer.

789 2328 945 2361 Wasse
969 2329 1013 2361 ad
1027 2329 1189 2370 Thucyd.
1210 2330 1254 2361 V.
1272 2329 1306 2363 5.
1332 2329 1434 2361 Hanc

790 2385 875 2407 vero
901 2376 1072 2408 rationem
1097 2375 1287 2417 diligenter
1312 2379 1433 2407 tenen-

790 2422 872 2453 dum
905 2426 958 2454 est
995 2422 1090 2464 apud
1121 2423 1262 2455 Atticos
1302 2431 1433 2463 prosae

789 2468 963 2500 orationis
1020 2469 1212 2510 scriptores
1273 2469 1348 2500 fere
1395 2468 1432 2500 in

790 2515 894 2547 unius
930 2514 1007 2558 περὶ
1050 2516 1327 2557 praepositionis
1364 2525 1430 2546 usu

787 2561 939 2594 admitti.
994 2562 1085 2594 Dein
1128 2559 1270 2605 ἐχθροῖς
1301 2562 1431 2603 pendet

787 2617 830 2638 ex
857 2604 1017 2646 ὁμιλίαις;
1041 2609 1085 2641 de
1117 2619 1187 2650 quo
1212 2620 1247 2640 v.
1274 2618 1356 2640 ann.
1382 2608 1429 2639 ad

786 2663 820 2694 p-
849 2653 929 2689 631.
969 2655 1016 2689 D.
1071 2655 1149 2688 Nee
1187 2656 1265 2687 sine
1302 2664 1430 2687 caussa

785 2697 921 2743 ἐχθρῶν
965 2706 1048 2744 post
1091 2698 1235 2742 ὁμιλιαις
1274 2701 1429 2743 positum
