1612 2872
509 74 683 118 mem
723 74 976 129 ommi.
1338 79 1414 120 371

61 206 163 234 num
193 190 366 247 generi,
398 189 629 232 commissa
665 190 739 242 sit,
770 188 878 231 istos
909 202 1058 231 omnes
1086 190 1215 232 etiam
1245 188 1400 234 honori

63 249 144 291 bus
165 245 420 290 afficiendos
451 261 562 300 esse,
593 244 640 288 id
671 244 789 301 quod
821 246 867 287 in
897 245 1071 287 civitate
1101 246 1213 288 bene
1243 248 1416 304 sapien-

62 312 214 359 terque
245 303 487 346 constituta
524 303 621 345 fieri
661 318 751 345 non
798 301 968 344 debeat.
1041 301 1175 356 Quod
1216 303 1254 347 si
1296 305 1416 360 quis-

63 362 178 417 piam
219 360 422 414 obiiciat,
473 359 705 402 Graeciam
741 374 830 401 una
867 359 1050 402 maxime
1088 375 1235 417 pugna
1271 362 1416 404 navali

62 418 179 476 apud
221 417 443 461 Salamina
481 417 715 459 commissa
753 416 808 458 ab
838 416 1017 458 interitu
1058 424 1272 459 servatam
1302 433 1415 471 esse,

62 476 249 532 primum
291 473 467 530 quidem
504 474 656 529 reponi
700 486 832 530 posse
862 472 947 526 ait,
977 488 1129 516 revera
1158 489 1330 531 pugnas
1360 476 1416 517 ad

62 531 367 575 Marathonem
406 536 450 572 et
489 531 692 573 Plataeas
731 535 951 586 pugnatas
984 527 1198 572 Graeciae
1229 532 1415 574 salutem

62 603 283 642 servasse,
334 602 517 642 quarum
554 587 692 630 altera
733 602 828 629 eam
864 593 1086 641 tamquam
1126 587 1415 643 inchoaverit,

62 646 199 688 altera
238 644 494 695 absolverit3
536 643 695 686 deinde
733 643 779 686 in
817 643 1049 685 condenda
1086 659 1201 687 nova
1239 645 1416 689 civitate

61 718 149 744 non
186 700 294 743 illud
330 701 564 743 maximum
605 715 657 744 ac
693 700 996 758 gravissimum
1045 700 1147 743 duci
1196 708 1414 758 oportere,

61 766 110 802 ut
140 759 262 801 salva
291 763 335 800 et
363 757 592 800 incolumis
623 763 920 812 conservetur,
952 756 1030 800 sed
1058 757 1144 800 hoc
1172 759 1335 814 potiuS,
1366 767 1415 802 ut

61 830 190 872 quam
228 816 392 871 optima
427 814 506 856 fiat
551 829 808 872 semperque
846 820 1021 856 maneat
1049 815 1112 871 (p.
1145 817 1240 858 704.
1271 817 1326 858 A.
1363 843 1411 848 -—

63 874 158 917 707.
187 872 245 914 D.
276 872 419 926 exta).

173 928 257 971 His
279 927 507 985 explicatis
537 927 609 969 ille
631 942 762 984 porro
794 928 979 983 quaerit,
1013 929 1189 983 quinam
1223 929 1312 972 sint
1341 945 1415 972 co-

62 986 152 1028 loni
191 993 235 1028 et
274 1000 360 1041 qua
409 984 464 1028 de
502 999 660 1028 caussa
707 984 771 1026 illi
818 984 1075 1041 demigrent.
1155 986 1413 1042 Respondet

61 1041 253 1096 CliniaS,
302 1041 481 1084 colonos
530 1057 585 1083 ex
642 1039 776 1083 Creta
825 1042 1010 1084 maxime
1058 1043 1153 1085 fore
1203 1043 1415 1087 oriundos

61 1106 106 1142 et
145 1106 372 1156 praeterea
410 1114 464 1141 ex
503 1098 823 1154 Peloponneso.
881 1098 957 1141 Ad
987 1113 1099 1153 quae
1129 1099 1415 1144 Atheniensis

61 1156 248 1213 regerit,
288 1155 540 1198 facillimam
568 1169 674 1197 sane
703 1170 844 1198 novae
886 1156 1078 1199 civitatis
1118 1157 1213 1200 fore
1251 1158 1416 1200 consti-

61 1214 304 1267 tutionem,
345 1212 384 1254 si
422 1211 566 1255 coloni
607 1213 697 1254 sint
737 1211 932 1255 eiusdem
971 1213 1120 1269 stirpis
1153 1220 1198 1256 et
1230 1214 1297 1256 vel
1327 1214 1415 1258 loci

59 1270 275 1327 angustiis
303 1269 372 1311 vel
402 1269 487 1311 alia
517 1283 675 1311 caussa
711 1268 938 1315 adnnovas
977 1269 1102 1313 sedes
1143 1271 1415 1325 quaerendas

62 1327 216 1370 coacti.
283 1326 604 1369 Difficillimum
643 1333 792 1367 tamen
821 1327 997 1370 omnino
1029 1341 1140 1384 opus
1171 1343 1268 1370 esse
1299 1329 1414 1371 arbi-

60 1391 223 1438 tratur,
263 1398 422 1425 novam
452 1382 642 1426 condere
671 1382 894 1426 civitatem
935 1398 1117 1439 eamque
1148 1383 1321 1428 idoneis
1353 1385 1415 1428 le-

61 1442 189 1498 gibus
233 1440 460 1482 instruere.
529 1439 648 1482 Nam
687 1439 725 1481 si
764 1440 908 1482 coloni
951 1441 1082 1483 unius
1122 1442 1267 1498 gentis
1307 1443 1413 1497 sint,

61 1497 179 1540 haud
215 1497 342 1539 facile
382 1512 457 1539 eos
489 1511 632 1539 mores
663 1510 766 1539 suos
794 1503 925 1552 atque
955 1498 1158 1541 instituta
1189 1498 1414 1551 deserere;

64 1556 131 1597 sin
177 1569 231 1596 ex
276 1553 407 1596 variis
451 1553 712 1602 ,civitatibus
757 1554 1050 1610 gentibusque
1101 1554 1410 1612 confluxerint,

61 1610 364 1654 difficillimum
394 1625 512 1664 esse,
553 1608 832 1653 concordiam
871 1616 1004 1666 atque
1042 1627 1230 1654 amorem
1261 1613 1416 1657 animis

63 1684 211 1711 eorum
240 1667 512 1722 ingenerare,
543 1665 660 1708 unde
690 1666 957 1723 reipublicae
977 1668 1214 1711 concordia
1244 1676 1288 1712 et
1309 1685 1413 1713 con-

61 1724 281 1768 venientia
309 1723 496 1780 prodeat
525 1723 589 1780 (p.
621 1724 720 1777 707,
752 1724 806 1766 Ε.
837 1747 891 1754 -—-
923 1726 1018 1768 708.
1051 1725 1142 1781 E.).
1172 1750 1229 1757 —-

174 1782 237 1822 At
265 1780 466 1822 nimirum
494 1780 558 1821 ita
588 1786 681 1834 est,
728 1780 884 1836 inquit.
945 1781 1327 1836 Quemadmodum
1369 1785 1414 1826 in

63 1837 181 1880 omni
218 1837 311 1878 vita
341 1837 530 1879 humana
567 1836 743 1879 fortuna
788 1844 832 1879 et
861 1853 990 1881 casus
1019 1839 1139 1881 valet
1166 1839 1415 1896 plurimum,

62 1900 112 1936 ut
148 1893 269 1936 nulla
306 1893 400 1935 eius
439 1908 541 1949 pars
585 1894 657 1948 sit,
702 1908 815 1947 quae
861 1894 925 1936 illi
963 1910 1053 1937 non
1091 1895 1284 1938 obnoxia
1320 1911 1417 1940 esse

63 1950 286 2002 videatur;
317 1950 380 1992 ita
408 1950 540 1992 etiam
565 1949 821 2006 legumlatio
851 1950 953 1992 inde
972 1951 1267 2008 suspenditur.
1326 1953 1417 1996 Ve-

62 2013 290 2050 runtamen
321 2006 431 2049 varii
458 2007 521 2048 illi
552 2020 680 2050 casus
710 2012 1000 2063 externaeque
1030 2023 1174 2051 rerum
1202 2008 1418 2052 conditio-

63 2078 141 2107 nes
189 2064 394 2119 quoniam
446 2069 549 2106 sunt
602 2063 646 2105 in
685 2069 907 2118 potestate
965 2064 1160 2120 deorum,
1210 2066 1419 2121 primaria

65 2136 221 2164 caussa
249 2136 399 2164 eorum
428 2120 642 2174 omnium,
676 2135 787 2175 quae
817 2121 954 2175 fiunt,
995 2136 1021 2163 a
1055 2121 1138 2164 deo
1177 2123 1419 2178 repetenda

65 2184 144 2220 est.
210 2177 300 2222 Sed
343 2183 568 2234 praeterea
599 2176 778 2219 infitiari
819 2193 907 2220 non
944 2178 1075 2233 licet,
1112 2179 1157 2220 in
1194 2178 1418 2223 hominum
1463 2208 1471 2212 --

66 2234 157 2276 vita
195 2234 324 2276 etiam
365 2241 504 2277 artem
548 2234 704 2276 valere.
787 2233 1008 2288 Quocirca
1045 2235 1215 2278 civitati
1262 2252 1416 2281 recens

67 2289 320 2333 condendae
364 2306 497 2346 quum
535 2291 622 2332 alia
650 2291 809 2345 multa,
851 2291 969 2334 unde
998 2292 1116 2335 salus
1142 2292 1279 2349 ipsius
1311 2309 1416 2350 pen-

66 2346 192 2401 deat,
234 2346 486 2404 contingere
517 2347 703 2402 debent,
734 2354 827 2390 tum
854 2348 1038 2391 maxime
1066 2349 1195 2391 etiam
1225 2349 1335 2404 hoc,
1368 2359 1419 2393 ut

67 2404 228 2446 bonum
266 2405 543 2447 nanciscatur
580 2405 874 2461 legislatorem
934 2406 1007 2461 (P.
1059 2406 1414 2450 708.JE.--709

67 2458 119 2502 C.
150 2461 300 2515 extit),
326 2486 381 2491 -—
440 2461 533 2503 Iam
575 2476 679 2503 vero
719 2462 849 2504 sicuti
885 2462 931 2505 in
971 2463 1170 2506 omnibus
1203 2463 1335 2507 rebus
1363 2465 1417 2518 is,

68 2516 144 2572 qui
173 2522 310 2558 artem
340 2523 484 2572 tenet,
524 2524 642 2560 recte
682 2519 812 2560 etiam
840 2518 1004 2575 aliquid
1049 2526 1200 2576 optare
1242 2522 1417 2576 poterit,

68 2587 155 2628 quo
196 2573 282 2628 ipsi
320 2581 472 2629 parato
511 2581 603 2616 arte
634 2589 714 2617 sua
742 2590 901 2618 usurus
931 2577 1008 2627 sit3
1051 2577 1113 2618 ita
1139 2576 1255 2619 idem
1289 2577 1418 2619 etiam

66 2629 343 2686 legumlatori
393 2630 541 2674 licebit
595 2631 750 2676 facere.
830 2631 947 2686 Quid
1002 2648 1106 2675 vero
1151 2633 1223 2675 ille
1272 2634 1420 2689 potius

1044 2711 1148 2753 224*
