1612 2872
237 111 438 154 LXXVI
662 106 1138 150 PROLEGOMENA

238 223 487 274 coelestem,
529 218 756 261 audaciore
787 217 973 272 quodam
1001 219 1156 258 mentis
1185 216 1433 272 ingeniique
1463 215 1559 257 nisu

237 280 455 320 inventam
483 285 526 317 et
563 274 922 330 pervestigatam,
960 272 1212 314 mortalibus
1253 271 1421 326 aperuit
1465 285 1561 312 cum

235 334 374 388 iisque
417 329 768 382 communicavit,
808 330 869 370 ita
909 329 1037 370 etiam
1076 327 1277 369 mortales
1311 327 1429 382 ipsos
1470 333 1560 367 stu-

239 391 333 430 duit
379 387 434 429 ad
477 385 781 426 sublimitatem
829 385 944 426 illius
993 389 1036 425 et
1080 382 1387 438 praestantiam
1433 382 1560 423 altius

238 443 460 499 paullatim
490 439 686 493 educere,
716 440 934 495 vitamque
963 453 1228 482 communem
1257 437 1313 478 ad
1332 445 1562 492 praecepta

239 501 328 541 eius
360 498 650 549 conformare,
681 511 766 550 quo
797 499 931 537 maior
961 493 1190 548 aliquando
1222 493 1423 534 existeret
1450 492 1561 533 inter

240 555 432 596 homines
470 552 608 593 virtus
647 557 690 592 et
729 551 925 593 felicitas.
993 550 1138 602 Quum
1168 549 1279 590 enim
1310 547 1561 589 adolescens

238 619 479 664 temporum
517 606 694 648 tristitia
732 606 962 662 impeditus
992 621 1017 647 a
1045 604 1266 660 republica
1295 604 1561 655 recessisset,

240 665 292 706 de
334 678 420 718 qua
458 678 503 703 re
544 679 581 703 v.
614 662 753 717 Epist.
783 662 890 704 VII.
921 678 963 717 p.
995 662 1090 703 315.
1122 659 1282 701 C—E.
1309 665 1352 699 et
1382 661 1478 701 324.
1510 659 1560 698 B.

240 735 333 774 sqq.
366 721 461 761 331.
491 718 541 758 B.
561 717 643 772 Ep.
668 718 722 759 V.
749 732 791 772 p.
814 719 907 760 32⁶2.
940 719 994 759 A.
1033 717 1085 757 B.
1109 716 1244 756 otium
1267 729 1388 756 suum
1410 714 1462 754 ad
1491 729 1562 755 ne-

239 776 403 832 gotium
434 773 629 826 contulit,
659 773 890 827 studioque
921 772 1140 814 doctrinae
1170 776 1213 811 et
1240 770 1475 825 sapientiae
1505 769 1565 810 ita

238 847 284 874 se
315 829 502 883 dedidit,
541 835 589 870 ut
617 829 743 871 simul
772 828 963 870 erudiret
992 842 1042 869 ac
1071 826 1246 868 doceret
1276 825 1563 879 quam-pluri-

238 901 344 939 mos,
385 901 472 940 quo
511 883 706 926 meliores
741 885 856 926 cives
884 884 1164 936 utilioresque
1203 881 1331 922 rebus
1378 880 1563 935 publicis

241 943 496 996 existerent3
529 939 582 980 de
614 954 700 993 qua
727 955 773 981 re
797 939 1025 981 edocemur
1045 937 1231 993 Epistol.
1261 935 1364 978 VII.
1395 951 1436 991 p.
1468 937 1562 977 326.

240 1000 296 1040 A.
337 997 420 1039 IX.
459 1011 501 1050 p.
545 996 640 1037 358.
680 1000 734 1037 A.
803 995 1017 1036 Nimirum
1067 993 1164 1034 huic
1203 991 1376 1046 quidem
1419 990 1563 1032 studio

241 1059 444 1108 quantum
484 1050 706 1104 tribuerit,
754 1049 800 1092 id
842 1063 929 1091 non
975 1048 1102 1090 modo
1157 1047 1284 1089 dictis
1333 1046 1566 1088 declaravit

270 1107 519 1160 ravissimis,
550 1106 694 1160 qualia
722 1112 824 1148 sunt
849 1106 924 1147 illa
952 1104 1151 1160 Sympos.
1182 1104 1276 1144 208.
1308 1103 1360 1144 E.
1389 1127 1443 1132 —-
1470 1104 1563 1143 ί209.

239 1125 309 1218 E,
334 1163 425 1205 sed
457 1163 582 1203 etiam
621 1161 833 1204 diuturnis
862 1161 945 1203 illis
983 1159 1191 1215 patefecit
1234 1157 1482 1210 itineribus,
1514 1172 1564 1198 eo

240 1219 423 1262 consilio
461 1218 699 1272 susceptis,
740 1223 790 1258 ut
818 1217 1056 1272 sapientiae
1089 1221 1132 1256 et
1161 1214 1381 1256 doctrinae
1409 1212 1564 1255 studiis

239 1290 378 1318 rerum
416 1288 521 1315 usus
561 1272 889 1328 adiungeretur,
930 1271 1220 1326 imprimisque
1250 1274 1566 1324 compararetur

240 1331 397 1374 certior
444 1329 634 1385 cognitio
674 1343 814 1370 rerum
854 1328 1144 1383 publicarum,
1184 1339 1294 1379 quae
1334 1323 1565 1377 aliquando

239 1385 450 1443 augendis
488 1384 703 1426 hominum
734 1384 991 1426 utilitatibus
1023 1389 1066 1423 et
1096 1380 1331 1423 commodis
1361 1380 1566 1421 inservire

240 1447 401 1499 posset.
462 1440 580 1493 Quin
609 1445 731 1496 patet
759 1439 873 1481 idem
891 1437 1228 1480 luculentissime
1258 1436 1385 1477 etiam
1416 1450 1467 1476 ex
1499 1450 1564 1488 eo,

242 1497 359 1553 quod
387 1512 472 1538 non
502 1495 629 1537 modo
659 1496 833 1552 regibus
862 1510 912 1536 ac
942 1493 1231 1549 principibus,
1261 1506 1408 1532 verum
1439 1490 1566 1531 etiam

242 1553 455 1596 universis
499 1552 700 1607 gentibus
746 1566 795 1592 ac
834 1551 1006 1606 populis
1076 1547 1378 1591 rudentissima
1407 1545 1460 1587 de
1491 1546 1566 1586 ad-

241 1607 531 1651 ministrandis
572 1614 615 1648 et
654 1606 964 1649 constituendis
1002 1565 1129 1645 relius
1169 1603 1354 1658 publicis
1389 1602 1568 1643 consilia

241 1671 285 1706 et
321 1670 552 1719 praecepta
597 1662 898 1717 suppeditasse
936 1668 1154 1711 narratur,
1187 1673 1297 1712 quae
1337 1663 1451 1699 certe
1482 1672 1567 1698 non

241 1726 387 1762 essent
416 1725 491 1759 aut
520 1734 544 1759 a
574 1733 789 1772 quoquam
820 1717 1011 1771 expetita
1041 1722 1116 1756 aut
1144 1714 1196 1755 ab
1225 1714 1319 1768 ipso
1350 1713 1462 1754 ultro
1494 1712 1567 1753 da-

240 1782 287 1817 ta
317 1775 425 1826 aliis,
449 1774 540 1824 nisi
570 1774 718 1814 talium
748 1788 888 1814 rernm
919 1786 1063 1813 curam
1082 1775 1288 1825 perpetuo
1317 1769 1457 1808 animo
1489 1783 1566 1809 suo

244 1831 498 1886 agitavisset
528 1830 583 1883 *).
653 1830 721 1870 De
765 1829 921 1882 quibus
959 1827 1087 1868 rebus
1119 1826 1319 1879 quoniam
1348 1824 1566 1878 praeclare

242 1885 485 1941 expositum
555 1890 622 1926 est
677 1899 702 1926 a
757 1881 1220 1939 Morgensternio
1278 1878 1565 1920 Commentat.
1610 1911 1612 1924 ,

243 1943 312 1983 De
351 1941 531 1996 Republ.
575 1940 684 1981 Plat.
721 1955 762 1995 p.
802 1941 895 1981 286.
936 1954 1028 1992 sqq.
1066 1937 1171 1978 satis
1209 1936 1290 1976 erit
1329 1935 1399 1975 hic
1436 1935 1567 1976 verbo

243 1998 473 2039 monuisse.
524 1996 668 2048 Quum
689 2010 790 2036 vero
818 1995 938 2050 Plato
958 2009 1097 2034 rerum
1126 1991 1391 2047 publicarum
1422 2005 1565 2031 curam

242 2052 413 2094 minime
443 2052 682 2108 neglexerit
711 2057 783 2091 aut
802 2066 826 2091 a
856 2065 902 2092 se
922 2050 1101 2090 alienam
1121 2046 1351 2101 putaverit,
1384 2046 1479 2098 quis
1503 2052 1568 2087 est

245 2109 322 2161 qui
356 2109 495 2163 ipsum
538 2112 662 2161 putet
720 2112 836 2148 recte
871 2112 916 2147 et
944 2103 1213 2146 laudabiliter
1242 2101 1286 2142 in
1315 2101 1382 2142 his
1413 2100 1567 2143 studiis

314 2307 350 2348 *)
375 2306 449 2337 Nec
480 2316 562 2337 vero
595 2306 677 2337 olim
709 2309 901 2337 recesserat
933 2314 954 2335 a
988 2302 1184 2343 republica,
1223 2301 1305 2341 quia
1352 2310 1466 2332 rerum
1504 2301 1566 2331 hu-

376 2360 553 2382 manarum
591 2360 707 2381 curam
748 2349 989 2382 contemnebat
1027 2351 1086 2379 sut
1123 2347 1256 2387 patriae
1293 2346 1435 2378 salutem
1466 2346 1567 2377 nihili

376 2396 544 2435 faciebat,
570 2396 670 2426 sicuti
701 2405 805 2436 nuper
839 2395 978 2436 quidam
1002 2398 1128 2424 temere
1152 2395 1363 2430 statuerunt3
1389 2391 1450 2423 sed
1474 2391 1566 2431 quod

378 2442 489 2482 ipsum
515 2440 676 2471 taedebat
707 2441 856 2480 ingentis
884 2440 984 2471 istius
1009 2447 1142 2469 morum
1165 2437 1346 2477 pravitatis
1369 2440 1472 2476 atque
1496 2441 1567 2466 tur-

377 2486 557 2527 pitudinis,
574 2495 662 2525 quae
686 2486 837 2525 grassari
864 2487 1054 2525 occeperat,
1071 2491 1226 2523 quaeque
1252 2491 1386 2513 omnem
1411 2481 1453 2512 de
1478 2490 1567 2512 com-

378 2531 473 2563 muni
486 2531 596 2562 salute
611 2530 865 2561 benemerendi
886 2529 1100 2561 occasionem
1126 2526 1355 2557 intercludere
1378 2529 1413 2557 et
1437 2526 1567 2566 eripere

377 2577 421 2608 iis
438 2576 643 2614 videbatur,
668 2575 725 2614 qui
756 2575 1001 2616 rempublicam
1029 2576 1175 2604 tractare
1198 2575 1259 2603 aut
1281 2571 1428 2612 publicis
1453 2579 1568 2602 mune-

379 2622 473 2653 ribus
498 2618 596 2660 fungi
626 2620 761 2651 vellent.
