1612 2872
222 99 365 142 LXVI
635 95 1113 139 PltohEGOMENA

223 212 293 253 tic.
331 226 372 267 p.
426 211 520 251 301.
567 208 621 249 D.
654 231 706 237 -—
738 208 832 247 30⁸2.
880 205 930 247 B.
973 207 1045 247 ubi
1094 206 1295 259 docetur,
1347 206 1547 260 quoniam

224 266 437 322 perfectus
498 263 682 306 civitatis
740 261 982 302 moderator
1039 276 1247 315 nusquam
1296 262 1546 317 reperiatur,

224 322 348 375 plane
385 335 478 362 esse
516 317 828 369 necessarium,
859 322 907 357 ut
935 316 1055 371 leges
1085 317 1327 358 scribantur
1358 317 1547 371 publice-

223 391 306 430 que
337 376 608 425 sanciantur,
647 372 777 426 idque
813 373 875 412 ita
914 372 1005 412 fieri
1036 380 1257 427 oportere,
1289 379 1337 413 ut
1365 372 1548 427 vestigia

222 431 435 486 perfectae
475 429 781 482 absolutaeque
821 427 1005 468 civitatis
1046 443 1170 481 quam
1221 427 1548 483 diligentissime

222 487 432 540 legantur.
501 483 627 525 Conf.
669 484 793 524 etiam
834 483 969 538 Legg.
1015 483 1094 524 VI.
1128 499 1168 538 p.
1201 485 1294 525 762).
1332 483 1386 524 D.
1418 481 1547 523 VIII.

223 558 264 596 p.
304 542 399 582 833.
442 541 497 580 A.
539 539 620 580 IX.
650 555 692 594 p.
724 539 818 579 855.
850 538 906 578 D.
938 538 1045 579 XlI.
1087 555 1127 593 p.
1170 540 1263 579 957.
1308 539 1361 579 A.
1428 537 1548 589 Quo-

223 597 337 637 circa
375 594 492 649 quod
530 595 599 635 De
639 594 744 649 Rep.
784 594 864 635 IV.
905 608 946 648 p.
976 595 1071 634 425.
1111 594 1165 634 D.
1198 594 1249 634 Ε.
1281 595 1375 634 426.
1409 595 1463 634 A.
1495 617 1548 624 --

223 653 317 692 427.
363 653 419 692 A.
461 650 642 703 censuit,
683 650 826 704 legum
865 664 1087 690 numerum
1125 664 1212 690 non
1261 655 1419 690 temere
1456 662 1549 690 esse

223 706 480 762 augendum,
511 706 573 747 ita
600 711 647 746 ut
683 704 858 746 minima
886 705 1066 745 maxima
1086 705 1140 746 iis
1170 705 1484 746 constituantur
1507 711 1550 744 et

224 763 340 818 leges
381 762 549 817 legibus
598 760 887 812 cumulentur,
926 759 971 800 id
1020 775 1106 801 non
1150 760 1324 801 omnino
1362 760 1551 813 pertinet

223 818 278 858 ad
299 817 443 873 legum
467 822 744 868 contemtum,
776 830 977 869 quorsum
997 822 1220 856 traxerunt
1248 815 1449 856 Astius
1479 814 1550 855 De

226 873 329 914 Vita
369 879 414 914 et
454 871 639 927 Scriptis
699 871 809 912 Plat.
858 886 899 926 p.
939 873 1034 913 384.
1075 877 1118 911 et
1156 870 1354 911 Zeller.
1425 869 1549 911 Stud.

227 929 331 970 Plat.
375 943 417 982 p.
449 928 545 980 28,
585 926 660 969 sed
690 927 801 967 hanc
832 927 977 980 potius
1007 926 1137 967 habet
1164 926 1263 977 vim,
1295 932 1344 967 ut
1372 926 1415 966 in
1446 925 1550 966 civi-

223 990 311 1024 tate
341 984 449 1024 bene
475 989 663 1035 morata,
696 982 835 1036 qualis
866 987 932 1023 est
960 981 1057 1035 illa,
1087 996 1199 1036 ⁴quae
1228 982 1271 1021 in
1302 981 1420 1022 libris
1451 980 1550 1021 Rei-

222 1039 419 1095 publicae
469 1038 754 1090 describitur,
810 1037 894 1078 ista
942 1037 1083 1092 legum
1144 1037 1414 1077 multitudine
1465 1050 1550 1076 non

224 1108 333 1150 opus
379 1108 472 1135 esse
502 1093 795 1149 significetur,
834 1099 963 1147 atque
992 1092 1100 1133 adeo
1129 1092 1398 1145 ostendatur,
1426 1105 1478 1133 ne
1507 1091 1551 1132 in

224 1150 457 1205 depravata
500 1148 672 1203 quidem
710 1163 754 1189 re
789 1147 929 1189 ublica
969 1148 1112 1203 legum
1141 1148 1353 1188 variarum
1383 1147 1550 1202 copiam

225 1212 268 1246 et
306 1204 621 1246 multitudinem
664 1164 897 1258 quidiiuam
943 1203 1170 1259 prodesse,
1219 1202 1427 1257 siquidem
1476 1217 1551 1244 eae

226 1262 319 1302 sine
349 1261 540 1302 moribus
571 1259 677 1301 nihil
697 1259 946 1315 proficiant3
977 1260 1090 1301 conf.
1122 1259 1240 1300 Libr.
1264 1259 1347 1300 IX.
1381 1275 1422 1314 p.
1455 1259 1549 1304 874.

228 1317 282 1357 D.
312 1316 364 1357 E.
396 1332 435 1371 p.
479 1317 574 1357 875.
607 1317 662 1356 A.
694 1339 745 1345 —
778 1314 833 1355 D.
902 1316 967 1356 Ac
997 1329 1050 1356 ne
1080 1315 1125 1355 in
1154 1315 1344 1369 Legibus
1379 1313 1551 1368 quidem

225 1371 362 1413 voluit
390 1371 562 1412 nimiam
599 1371 757 1426 legum,
789 1371 915 1412 etiam
946 1369 1000 1411 de
1029 1370 1157 1411 rebus
1186 1370 1364 1411 minutis
1395 1383 1443 1411 ac
1473 1384 1551 1424 pu-

225 1427 330 1469 sillis
371 1427 640 1482 scriptarum,
673 1426 759 1467 vim
790 1432 833 1467 et
858 1426 1025 1480 copiam
1055 1426 1263 1478 existere,
1301 1424 1345 1466 id
1377 1424 1551 1466 civitate

226 1484 334 1524 bene
380 1488 545 1524 morata
585 1482 715 1537 longe
744 1481 1090 1537 indignissimum
1121 1495 1213 1523 esse
1243 1486 1384 1532 ratus,
1425 1480 1551 1521 sicuti

226 1554 279 1580 ex
308 1538 430 1580 Libr.
460 1538 516 1580 V.
548 1553 589 1593 p.
621 1539 714 1579 746.
755 1536 928 1591 E..sqq.
969 1536 1050 1577 IX.
1082 1553 1122 1592 p.
1154 1538 1248 1578 853.
1279 1551 1321 1590 p.
1351 1535 1481 1578 VIII.
1509 1551 1550 1591 p.

227 1596 320 1636 843.
353 1593 405 1634 Ε.
449 1609 490 1648 p.
532 1594 625 1634 846.
670 1591 720 1634 C.
751 1593 802 1634 al.
833 1592 1098 1647 intelligitur.
1161 1592 1370 1634 Nimirum
1400 1592 1551 1644 sensit,

227 1651 406 1704 opinor,
444 1648 724 1704 philosophus
761 1647 875 1689 idem
923 1662 1099 1702 prorsus
1151 1647 1268 1702 quod
1321 1647 1551 1689 Tacitus

226 1703 416 1759 prodidit
442 1704 603 1746 Annal.
635 1704 718 1744 111.
751 1705 816 1746 27.
882 1703 959 1746 Ut
993 1703 1235 1744 antehac
1283 1702 1550 1758 flagitiis,

225 1760 391 1814 inquit,
441 1760 518 1800 ita
563 1765 694 1800 tunc
747 1758 972 1814 legibus
1025 1757 1414 1800 laborabatur.
1476 1758 1552 1798 Ea

227 1830 310 1857 res
340 1821 540 1868 monet,
572 1821 630 1856 ut
660 1812 722 1855 de
752 1814 1053 1869 principiis
1084 1814 1222 1855 iuris
1253 1818 1305 1854 et
1345 1813 1551 1867 quibus

226 1870 402 1912 modis
439 1870 500 1911 ad
539 1871 679 1912 hanc
719 1869 1132 1911 multitudinem
1171 1868 1452 1910 infinitam
1491 1882 1551 1910 ac

228 1927 551 1968 varietatem
594 1925 775 1980 legum
833 1931 1161 1979 perventum
1221 1925 1320 1976 sit,
1379 1923 1551 1965 altius

227 1981 509 2024 disseram.
577 1980 745 2033 Quibus
785 1981 1008 2036 explicatis
1047 1982 1101 2034 (c.
1133 1982 1199 2022 26.
1233 2005 1278 2010 -—
1315 1979 1402 2031 28.)
1432 1977 1553 2020 addit

228 2038 354 2078 etiam
383 2037 510 2079 haec:
567 2042 791 2091 tumque
827 2051 931 2078 non
970 2035 1127 2078 modo
1165 2036 1219 2076 in
1249 2049 1549 2087 commune,

227 2092 320 2134 sed
350 2093 401 2133 iri
433 2092 685 2148 singulos
715 2092 958 2133 homines
986 2091 1135 2132 latae
1167 2091 1549 2144 quaestionesz

228 2154 281 2188 et
327 2148 710 2201 corruptissima
767 2147 1029 2200 republica
1086 2147 1338 2198 plurimae
1395 2147 1548 2196 leges.

227 2202 382 2244 Noluit
413 2203 548 2258 igitur
584 2203 709 2244 Plato
750 2204 854 2244 alias
898 2209 1027 2256 atque
1076 2201 1180 2243 alias
1219 2215 1388 2257 semper
1432 2202 1551 2258 leges

229 2258 374 2311 scribi,
408 2273 493 2312 quo
524 2258 690 2300 scilicet
719 2258 918 2314 ‘publicae
948 2257 1075 2299 saluti
1106 2257 1429 2306 subveniretur;
1458 2272 1550 2298 eam

228 2314 341 2355 enim
381 2314 461 2355 hac
498 2313 594 2367 ipsa
630 2314 773 2369 legum
812 2314 1017 2356 varietate
1063 2312 1107 2353 in
1147 2311 1375 2354 discrimen
1411 2327 1550 2354 rerum

228 2383 402 2411 suarum
446 2383 534 2410 non
585 2369 799 2411 mediocre
843 2368 999 2410 adduci
1047 2367 1266 2408 iudicavit.
1335 2367 1551 2420 Quocirca

228 2438 307 2466 nec
336 2424 479 2466 omnia
506 2429 636 2477 atque
673 2425 843 2480 singula
878 2424 1046 2480 legibus
1077 2423 1165 2464 suis
1195 2423 1442 2478 complexus
1472 2429 1549 2476 est,

228 2479 424 2534 adeoque
462 2478 605 2522 dubiis
635 2480 680 2520 in
719 2480 891 2522 casibus
925 2479 994 2521 vel
1022 2478 1238 2521 seniorum
1268 2479 1444 2520 arbitrio
1474 2479 1550 2519 ali-

230 2534 334 2589 quid
372 2533 559 2577 dandum
610 2549 704 2577 esse
735 2535 909 2589 statuit,
956 2534 1023 2576 vel
1060 2533 1185 2575 etiam
1224 2533 1548 2589 opperiendum,

231 2591 384 2644 donec,
416 2589 520 2645 quid
551 2589 763 2631 communi
794 2591 923 2631 saluti
952 2604 1100 2631 revera
1129 2595 1242 2630 esset
1262 2588 1546 2642 conducibile,
