1612 2872
488 77 571 120 DE
603 75 885 121 LEGIBUS
917 83 998 119 etc.
1245 76 1406 120 LXXI

60 191 338 235 meditatione
393 199 618 233 versantes
667 191 893 247 pervenire
944 196 1131 246 possunt
1171 190 1235 244 ¹³),
1282 190 1410 245 plane

0 277 4 305 ,¹
57 265 144 294 non
183 263 322 304 capax
362 254 450 298 est3
483 249 580 303 quis
611 247 788 290 tandem
817 253 886 290 est
913 247 989 302 qui
1017 247 1103 290 sibi
1132 246 1409 304 persuadeat,

0 311 3 337 ἴ
57 305 341 348 contemsisse
372 320 471 347 eum
503 305 631 360 plane
661 311 794 359 atque
813 303 1068 360 despexisse
1098 304 1308 347 bonarum
1339 319 1407 346 re-

0 356 1 387 i
57 378 151 404 rum
182 361 453 418 publicarum
483 361 775 417 disciplinam,
807 376 887 404 nec
906 377 1099 417 unquam
1128 360 1185 403 ad
1213 360 1307 403 eius
1340 376 1408 403 ra—

55 419 220 461 tionem
271 417 584 460 emendandam
637 424 769 472 atque
831 418 874 460 in
943 419 1095 461 melius
1127 442 1130 443 ν
1155 416 1408 460 mutandam

55 476 243 518 animum
286 475 529 518 adiecisse?
599 475 834 516 Enimvero
878 476 970 531 ipse
1011 483 1128 518 certe
1169 489 1245 517 eos
1284 489 1408 531 prae-

56 533 170 575 clare
212 532 266 574 de
297 546 456 588 genere
487 530 677 573 humano
707 532 861 573 mereri
892 532 1165 587 pronuntiat,
1199 531 1275 587 qui
1303 531 1408 573 eivi-

55 598 166 631 tates
198 589 322 630 bonis
352 587 523 644 legibus
553 595 708 630 ornent
737 603 878 642 eoque
907 587 1038 631 modo
1067 588 1186 631 cives
1217 602 1323 631 suos
1355 587 1411 630 ad

55 661 221 688 morum
264 645 535 687 honestatem
577 650 622 686 et
650 644 896 687 officiorum
925 645 1248 687 observantiam
1280 660 1410 699 quam

54 701 450 759 religiossissimam
490 700 748 757 perducant.
820 702 888 744 De
933 717 1020 756 qua
1053 717 1097 743 re
1128 701 1246 744 lectu
1276 701 1411 758 digna

54 765 158 802 sunt
197 774 310 813 quae
349 757 629 814 disputantur
669 757 876 815 Sympos.
918 775 959 815 p.
1004 760 1101 800 209.
1133 759 1188 800 A.
1220 772 1318 813 sqq.
1351 758 1409 800 D.

57 815 106 857 Ε.
137 815 328 870 itemque
349 815 418 856 De
438 814 624 870 Republ.
656 815 737 858 VI.
759 832 801 873 p.
823 816 920 858 500.
951 815 1009 857 D.
1035 821 1079 857 et
1108 814 1215 857 VII.
1246 831 1289 870 p.
1309 815 1408 857 518.

55 872 110 915 D.
172 872 292 926 Quin
332 871 462 913 etiam
502 873 546 913 in
586 871 771 915 Politico
811 889 852 928 p.
896 874 994 914 301.
1034 872 1092 914 D.
1120 886 1218 927 sqq.
1260 878 1410 927 aperte

55 929 311 985 profitetur,
344 929 486 984 ipsam
516 929 738 971 hominum
768 930 903 971 vitam
933 928 1174 985 deposcere
1203 928 1287 971 sibi
1316 928 1409 984 pla-

54 1001 197 1040 neque
241 985 438 1042 flagitare
478 985 576 1039 boc,
616 992 665 1027 ut
695 987 817 1043 leges
848 986 1118 1038 scribantur,
1150 985 1197 1027 in
1227 1000 1316 1040 quo
1345 991 1410 1026 ta-

55 1058 150 1084 men
195 1043 373 1098 negotio
413 1042 522 1084 illud
563 1049 715 1085 censet
760 1043 942 1085 maxime
993 1057 1089 1084 esse
1121 1040 1408 1096 sequendum,

51 1103 103 1141 ‘ut
140 1099 391 1141 verissimae
431 1098 788 1154 iustissimaeque
827 1099 1014 1142 civitatis
1054 1099 1240 1155 vestigia
1269 1112 1410 1152 usque
1470 1095 1481 1105 ’

53 1162 295 1198 serventur.
381 1153 515 1208 Quod
574 1156 750 1210 quidem
800 1164 1068 1212 postremum
1115 1156 1160 1197 in
1211 1155 1410 1212 Legibus

54 1213 206 1267 utique
238 1212 394 1254 secisse
425 1212 739 1256 existimandus
770 1225 861 1266 est,
894 1212 1024 1255 sicuti
1055 1211 1240 1267 posthac
1269 1211 1410 1255 fusius

53 1269 432 1311 demonstrabitur.
521 1268 680 1324 Itaque
730 1277 899 1312 tantum
956 1269 1105 1321 abest,
1165 1274 1215 1310 ut
1266 1268 1408 1322 Plato,

53 1326 217 1382 scripta
251 1325 435 1380 Politia,
478 1341 566 1368 non
595 1327 793 1382 potuerit
830 1326 960 1369 etiam
990 1326 1172 1367 alteram
1200 1325 1410 1382 effingere

53 1382 288 1435 civitatem,
321 1388 370 1424 ut
400 1382 528 1424 etiam
552 1383 791 1426 secundam
819 1384 950 1427 istam
971 1382 1134 1425 rationi
1155 1396 1261 1425 suae
1281 1383 1411 1438 plane

53 1440 363 1482 convenienter
392 1438 654 1482 condiderit.

167 1542 229 1583 At
268 1541 382 1583 enim
421 1557 548 1595 vero,
590 1541 709 1584 istud
739 1541 930 1597 quidem,
962 1541 1108 1597 inquit
1136 1541 1410 1596 Zellerus,

53 1604 104 1640 ut
150 1598 212 1640 ita
258 1598 422 1642 faceret
471 1598 787 1655 philosophus,
836 1605 955 1641 certe
1002 1614 1092 1640 non
1147 1614 1258 1654 opus
1313 1598 1410 1652 fuit,

54 1653 411 1710 quandoquidem
442 1655 512 1698 vel
541 1656 750 1712 optimam
773 1655 891 1697 illam
911 1655 1240 1712 rempublicam,
1272 1670 1410 1711 quan-

53 1711 211 1754 tumvis
242 1711 417 1768 longius
450 1727 475 1754 a
504 1728 648 1755 rerum
677 1712 1118 1754 humanarum'more
1149 1719 1194 1754 et
1225 1727 1411 1755 consue-

52 1767 202 1810 tudine
245 1767 504 1821 distantem,
555 1776 702 1811 tamen
741 1784 834 1811 eam
874 1773 971 1812 e'sse
1010 1768 1246 1823 iudicavit,
1299 1783 1411 1824 quae

52 1824 286 1880 aliquando
329 1826 375 1867 in
411 1826 503 1867 vita
543 1825 734 1868 humana
761 1826 906 1868 locum
937 1825 1052 1867 tueri
1079 1832 1244 1882 posset.
1307 1826 1411 1868 Dis-

52 1887 181 1936 putat
219 1881 333 1923 enim
372 1882 551 1936 quinto,
591 1890 715 1925 sexto
766 1889 808 1923 et
848 1882 1037 1938 septimo
1089 1882 1200 1924 libro
1248 1882 1412 1938 Reipu-

54 1937 193 1979 blicae
231 1938 338 1980 satis
378 1938 580 1993 copiose,
621 1954 710 1993 qua
748 1939 821 1980 via
851 1949 895 1980 et
927 1939 1097 1980 ratione
1128 1938 1292 1994 optima
1322 1938 1411 1992 illa,

54 2009 183 2048 quam
222 1993 480 2051 descripsit,
521 1994 788 2050 reipublicae
827 1995 998 2051 species
1041 1994 1276 2049 aliquando
1317 2001 1414 2038 rata

54 2050 146 2093 fieri
185 2057 229 2092 et
268 2051 314 2092 in
352 2051 469 2092 vitae
511 2052 740 2093 veritatem
778 2050 930 2093 induci
962 2056 1116 2106 queat3
1163 2049 1217 2093 de
1248 2066 1336 2106 qua
1367 2066 1413 2094 re

54 2124 94 2149 v.
122 2105 250 2161 Reip.
294 2109 340 2148 V.
384 2123 427 2163 p.
459 2108 557 2149 452.
590 2108 643 2149 E.
681 2109 780 2150 450.
814 2106 865 2149 C.
896 2109 994 2149 466.
1025 2106 1084 2148 D.
1116 2108 1216 2148 471.
1248 2109 1300 2151 G.
1329 2108 1410 2150 VI.

54 2165 153 2206 499.
205 2163 257 2206 Β.
298 2162 349 2206 C.
392 2164 448 2206 D.
495 2165 591 2207 502.
633 2167 673 2206 A
705 2190 759 2195 —
791 2163 842 2206 C.
888 2163 995 2207 VII.
1036 2179 1078 2219 p.
1119 2164 1214 2207 540.
1256 2166 1312 2209 D.
1358 2165 1410 2206 E.

54 2220 151 2263 Nec
191 2235 292 2262 vero
331 2236 413 2263 nos
442 2220 532 2262 ullo
565 2220 695 2263 modo
727 2236 957 2278 negamus,
988 2219 1302 2276 philosophum
1329 2222 1412 2265 sibi

54 2277 322 2333 persuasisse
359 2277 455 2320 fieri
485 2277 636 2333 utique
669 2277 907 2334 aliquando
938 2291 1092 2333 posse,
1138 2284 1188 2319 ut
1218 2279 1318 2320 talis
1351 2279 1410 2321 ci·

55 2334 167 2376 vitas
190 2349 341 2376 revera
371 2334 720 2377 constitueretur.
785 2337 845 2377 At
880 2333 995 2376 enim
1024 2349 1128 2376 vero
1159 2334 1292 2377 iidem
1323 2350 1412 2377 me-

55 2390 257 2433 minimus
311 2389 455 2447 ipsum
492 2391 620 2433 etiam
662 2392 775 2434 ultro
829 2390 1049 2447 profiteri,
1101 2391 1145 2433 in
1195 2392 1411 2434 communi

126 2595 169 2634 ³²),
202 2593 241 2624 V.
279 2593 456 2627 Phaedon.
492 2605 523 2635 p.
552 2594 606 2629 82.
642 2594 680 2626 C.
707 2605 784 2636 sqq.
815 2595 959 2629 Theaet.
984 2607 1016 2638 p.
1046 2596 1121 2631 173.
1158 2595 1197 2627 C.
1223 2606 1298 2637 sqq.
1338 2594 1412 2628 176.

196 2639 234 2671 Β.
262 2650 334 2681 sqq.
361 2640 439 2673 coll.
473 2640 526 2674 De
554 2640 639 2682 Rep.
668 2642 711 2673 V.
737 2651 769 2682 p.
794 2641 872 2677 473.
900 2642 941 2675 Β.
967 2653 1045 2684 sqq.
1075 2643 1127 2677 vl.
1151 2653 1184 2684 p.
1211 2640 1290 2676 484-
1315 2652 1391 2682 sq‘l·
