1612 2872
275 115 310 154 O
321 114 400 155 LX
700 114 1168 158 PROLEGOMENA

275 226 418 268 omnia
446 225 573 267 docet
605 224 873 280 argumentis
888 226 1165 281 gravissimis,
1195 229 1379 271 animum
1409 229 1599 275 extitisse

273 281 390 338 prius
435 280 560 334 quam
597 295 790 335 corpora.
850 280 979 333 Quod
1007 288 1289 337 posteaquam
1310 285 1375 325 >ita
1405 300 1498 327 esse
1528 285 1600 328 de·

273 337 536 389 monstravit,
568 346 898 379 consentaneum
919 350 1010 379 esse
1040 338 1282 392 arbitratur,
1315 340 1479 382 animae
1500 341 1600 395 vim,

273 394 432 449 quippe
472 406 580 446 quae
612 398 811 434 cernatur
839 394 882 434 in
914 394 1109 435 omnibus
1140 395 1266 437 rebus
1297 402 1526 450 utcumque
1556 412 1601 439 se

271 448 562 500 moventibus,
603 448 730 489 etiam
762 456 899 490 totam
928 465 1068 491 rerum
1099 451 1416 493 universitatem
1436 453 1600 508 :guber-

272 519 385 546 nare.
444 503 526 545 His
566 518 668 545 vero
706 506 910 561 expositis
950 505 1259 549 Atheniensem
1291 514 1466 563 repente
1497 509 1602 550 facit

274 575 325 601 ex
366 558 508 600 Clinia
546 566 843 614 quaerentem,
893 561 1092 615 pluresne
1139 577 1194 604 an
1243 578 1370 605 unam
1419 564 1601 606 animam

272 621 442 657 censeat
480 630 598 667 esse,
639 624 770 670 atque
808 631 851 672 p.
882 618 976 659 896.
1015 618 1067 660 E.
1099 618 1303 660 continuo
1334 619 1426 675 ipse
1457 619 1601 675 plures

271 672 432 713 animas
469 672 642 724 statuit,
682 673 893 727 siquidem
935 673 1017 714 alia
1055 674 1111 715 sit
1149 675 1261 716 bona
1301 681 1346 716 et
1390 676 1599 730 benefica,

272 728 356 768 alia
384 727 509 783 plane
540 729 765 771 contraria.
823 727 953 782 Quod
983 744 1185 783 quorsum
1217 731 1443 786 pertineat,
1474 746 1601 774 accu-

269 784 402 824 ratius
441 782 685 824 declaratur
722 785 861 826 verbis
893 786 1107 841 proximis.
1164 786 1338 842 Duplex
1369 787 1478 828 enim
1509 789 1600 829 ani—

270 854 339 880 ma
390 838 625 881 secuudum
681 841 938 882 sententiam
997 841 1241 897 philosophi
1295 857 1389 885 esse
1438 850 1598 899 potest,

269 896 412 951 prouti
443 910 494 936 ea
522 902 595 936 aut
624 896 832 938 rationem
863 897 1137 952 amplectitur
1166 905 1210 939 et
1238 913 1317 953 pro
1349 898 1494 940 divina
1522 914 1598 942 na-

269 960 364 992 tura
401 965 480 992 sua
509 951 697 992 divinum
729 953 947 1006 sequitur,
979 962 1053 994 aut
1080 953 1318 995 dementiae
1349 953 1494 996 dedita
1523 954 1597 997 de·-

267 1006 428 1048 labi‘tur
456 1006 510 1047 ad
538 1008 806 1062 pravitatem.
865 1008 1032 1060 Quibus
1063 1009 1286 1065 explicatis
1315 1009 1386 1051 ille
1417 1011 1478 1052 sic
1507 1011 1596 1053 fere

269 1063 409 1119 pergit
439 1064 740 1118 argumentari.
797 1063 927 1116 Illud,
957 1064 1118 1118 inquit,
1147 1067 1183 1107 si
1213 1066 1316 1108 facit
1345 1066 1507 1119 anima,
1548 1073 1597 1109 ut

268 1119 376 1160 duce
414 1126 560 1161 utatur
599 1120 762 1160 ratione
801 1119 1076 1175 divinumque
1114 1133 1333 1175 sequatur,
1367 1122 1508 1162 omnia
1533 1123 1596 1165 ita

267 1175 378 1231 regit
407 1182 536 1229 atque
570 1174 711 1228 ducit,
743 1182 792 1216 ut
822 1175 970 1217 eadem
999 1183 1117 1218 recta
1147 1177 1357 1231 beataque
1387 1177 1593 1230 existant3

268 1232 334 1274 sin
371 1231 532 1283 minus,
567 1246 700 1286 prave
742 1247 833 1283 res,
865 1233 1020 1286 quibus
1050 1239 1239 1288 praeest,
1279 1233 1596 1276 constituuntur

267 1299 395 1342 atque
438 1287 742 1343 gubernantur.
808 1288 899 1328 lam
928 1303 1030 1329 vero
1062 1304 1190 1343 quum
1222 1295 1428 1344 appareat
1455 1289 1512 1330 du
1544 1289 1594 1331 li-

254 1358 358 1385 cem
388 1342 630 1399 ponendam
660 1358 755 1385 esse
784 1344 981 1397 animam,
1014 1344 1249 1389 beneficam
1270 1345 1460 1398 alteram,
1490 1352 1595 1387 ate-

265 1414 354 1442 ram
385 1399 554 1452 malam,
583 1399 720 1441 oritur
750 1400 944 1454 quaestio
966 1401 1232 1456 gravissima,
1264 1401 1373 1442 sitne
1402 1401 1476 1442 illa
1504 1401 1595 1443 ani-

265 1470 348 1508 ma,
381 1470 490 1510 quae
518 1470 657 1497 rerum
686 1456 1007 1497 universitatem
1037 1457 1149 1512 regit
1178 1471 1232 1498 ac.
1257 1457 1490 1513 gubernat,
1519 1472 1595 1499 na-

266 1519 362 1554 tura
399 1527 477 1554 sua
519 1512 691 1566 sapiens
722 1518 765 1553 et
794 1512 951 1553 virtute
982 1513 1191 1567 praedita,
1223 1527 1277 1554 an
1308 1518 1468 1555 contra.
1526 1513 1594 1555 De

267 1583 352 1623 qua
392 1583 436 1609 re
475 1583 527 1609 ex
564 1568 700 1622 ipsius
742 1567 964 1610 effectibus
1003 1569 1047 1609 in
1077 1584 1216 1610 rerum
1244 1575 1400 1610 natura
1429 1569 1593 1625 perspi-

251 1624 356 1665 'cuis
388 1623 566 1665 iudicari
593 1624 764 1679 poterit.
824 1623 873 1665 Si
900 1624 1010 1665 enim
1040 1624 1149 1666 coeli
1179 1625 1400 1666 conversio
1431 1630 1474 1666 et
1503 1625 1594 1680 agi-

265 1680 372 1721 tatio
403 1694 453 1721 ea
481 1685 560 1732 est,
593 1694 701 1733 quae
723 1679 983 1734 respondeat
1012 1680 1146 1721 motui
1166 1681 1358 1733 rationis,
1391 1681 1593 1736 optimam

266 1735 448 1777 animam
478 1735 668 1776 universi
698 1735 844 1776 mundi
916 1736 1228 1777 rocurationem
1259 1735 1416 1777 habere
1446 1736 1592 1777 dicen-

266 1792 366 1833 dum
395 1791 496 1841 erit3
541 1791 607 1833 sin
646 1798 788 1833 autem
827 1751 976 1832 eagem
1014 1791 1087 1833 illa
1131 1799 1197 1833 est
1224 1792 1495 1845 turbulenta,
1525 1792 1591 1833 in-

266 1853 494 1900 constans,
535 1847 775 1900 inaequalis
814 1863 864 1888 ac
903 1847 1153 1901 temeraria,
1201 1848 1461 1889 contrarium
1509 1848 1592 1889 erit

266 1902 554 1946 statuendum.
623 1903 704 1945 Est
749 1908 888 1944 autem
936 1903 1088 1944 mentis
1135 1903 1397 1958 rationisque
1450 1910 1590 1945 motus

266 1960 357 2002 sine
394 1958 525 2001 dubio
565 1958 804 2001 simillimus
842 1959 903 2000 illi
945 1965 1086 2001 motus
1116 1960 1287 2015 generi,
1320 1959 1436 2014 quod
1465 1965 1591 2000 antea

265 2015 550 2058 iudicavimus
588 2030 684 2057 esse
713 2015 1137 2071 praestantissimum.
1194 2016 1292 2058 Hoc
1319 2016 1459 2071 ipsum
1489 2029 1590 2056 vero

265 2078 406 2114 motus
439 2086 580 2128 genus
618 2071 661 2112 in
700 2071 900 2113 universa
935 2085 1074 2113 rerum
1111 2078 1263 2113 natura
1290 2085 1470 2126 regnare
1499 2070 1589 2113 ani-

265 2127 584 2169 madvertimus.
659 2127 729 2168 Ex
765 2142 850 2182 quo
893 2128 1105 2180 efficitur,
1146 2134 1195 2169 ut
1234 2127 1437 2169 mundum
1475 2126 1590 2171 huno

267 2190 396 2237 atque
434 2189 569 2225 totam
606 2197 748 2224 rerum
773 2183 1115 2225 universitatem
1153 2198 1178 2224 a
1223 2183 1590 2238 praestantissima

266 2240 421 2292 anima,
451 2239 534 2282 hoc
553 2245 631 2293 est,
661 2245 800 2281 mente
831 2245 874 2280 et
901 2239 1067 2281 ratione
1096 2238 1304 2295 praedita,
1334 2238 1428 2295 regi
1458 2244 1588 2293 atque

267 2295 497 2353 gubernari
527 2295 769 2337 existimare
799 2295 1042 2337 debeamus.
1503 2312 1505 2316 ’

377 2351 499 2393 Haec
537 2351 670 2407 igitur
705 2351 794 2392 fere
832 2358 953 2404 sunt,
995 2364 1104 2405 quae
1143 2349 1197 2391 de
1237 2349 1377 2392 anima
1411 2349 1588 2404 eiusque

265 2406 408 2449 indole
447 2421 499 2448 ac
535 2413 690 2448 natura
729 2407 816 2449 illic
854 2406 1134 2450 disseruntur.
1210 2404 1335 2458 Quae
1374 2404 1587 2459 quomodo

263 2462 515 2519 accipienda
551 2462 637 2504 sint
678 2463 899 2506 nobiscum
931 2462 1176 2519 diligentius
1205 2468 1456 2517 reputantes
1483 2461 1586 2503 fate-

264 2534 359 2561 mur
386 2533 553 2574 semper
579 2533 659 2560 nos
689 2520 733 2560 in
764 2526 856 2574 eam
886 2518 1094 2562 deductos
1124 2533 1217 2560 esse
1240 2517 1508 2570 sententiam,
1535 2522 1587 2559 ‚ut

265 2575 490 2617 Platonem
529 2573 648 2616 nullo
689 2574 816 2617 modo
855 2575 1067 2632 duplicem
1103 2573 1285 2616 animam
1328 2571 1585 2616 mundanam

260 2630 464 2674 statuisse
508 2630 862 2674 existimaremus.
944 2630 1118 2684 Habent
1163 2629 1274 2672 enim
1314 2629 1458 2672 omnia
1492 2627 1585 2670 ido-
