1612 2872
498 90 583 136 ΠΕ.
615 89 892 136 LEGIBUS
924 100 1006 133 etc.
1268 89 1427 134 CXIX

71 214 163 250 tum
195 206 489 261 constituerit,
522 207 597 261 qui
629 203 735 247 meri
764 205 853 248 sint
889 202 1149 246 ardeliones.
1195 201 1426 244 *Nimirum

67 262 271 306 confudit
299 262 537 319 Stagirites
569 261 775 305 custodes
807 259 1093 316 Reipublicae
1126 273 1226 302 cum
1255 258 1426 357 Legum

69 320 239 363 civibus
279 327 455 377 praeter
494 335 613 361 arma
651 319 781 361 etiam
831 317 917 359 alia
955 315 1260 360 tractantibus.
1355 331 1426 358 am

3 381 5 393 ²
68 377 239 419 veroin
262 377 402 419 locum
433 377 722 432 opificum,
752 374 826 430 qui
856 375 901 415 in
930 373 1053 416 libris
1083 372 1154 415 De
1181 372 1425 430 Republica.

67 433 247 475 tertium
279 432 477 475 ordinem
518 432 743 484 efficiunt,
794 432 840 472 in
880 430 1078 486 Legibus
1119 431 1422 487 peregrini

68 496 119 532 et
175 490 466 545 inquilini
517 504 638 531 cum
678 487 860 530 servis
908 492 1240 541 successerunt,
1288 493 1422 542 atque

68 545 543 601 Philosophorum
593 545 1028 600 magistratuum
1078 543 1224 585 locum
1270 549 1424 586 tenent

10 650 13 653 ¹
66 603 114 645 le
130 617 225 659 ges
250 602 409 658 publi
427 617 545 654 cae,
572 616 755 655 quarum
771 599 1088 655 quasiquidam
1108 599 1296 642 ministri
1321 607 1424 643 sunt

67 660 142 714 qui
172 661 316 701 varios
346 673 399 701 ac
430 658 693 713 multiplices
739 663 898 713 gerunt
937 657 1234 713 magistratus.
1294 657 1421 711 Quae

65 715 163 771 quis
202 722 269 757 est
299 715 404 771 quin
433 721 590 771 sponte
619 714 832 771 largiatur
862 712 1204 768 prudentissime
1233 713 1295 754 ita
1324 729 1422 757 esse

64 772 289 826 instituta,
320 778 371 814 ut
401 787 534 828 quum
565 771 622 812 ad
651 771 789 827 ipsius
820 770 934 811 vitae
963 769 1292 812 similitudinem
1319 787 1420 827 pro·

63 829 163 886 pius
184 828 419 882 accedant,
451 835 597 870 tamen
624 827 820 869 Platonis
853 826 1081 881 rationem,
1104 833 1313 881 quantum
1343 843 1420 884 per

62 886 126 928 rei
157 891 356 928 naturam
386 885 481 927 fieri
511 884 671 941 potuit,
705 899 835 939 quam
866 883 1122 926 fidelissime
1152 884 1371 926 referant?

176 943 329 997 Atque
370 941 453 984 hoc
489 941 633 997 ipsum
674 940 887 997 imprimis
917 940 1154 982 tenendum
1194 947 1261 983 est
1289 940 1418 983 etiam

63 999 107 1040 in
132 998 371 1041 iudicanda
403 997 676 1040 educationis
704 1013 756 1039 ac
784 996 1044 1054 disciplinae
1075 997 1258 1052 ratione,
1289 1013 1418 1052 quam

12 1076 18 1079 ·
62 1055 232 1099 civibus
273 1056 330 1097 ⁷in
380 1055 550 1112 Legum
602 1069 734 1110 opere
783 1054 1016 1097 constituit
1074 1061 1208 1109 atque
1258 1055 1416 1098 sanxit.

61 1112 176 1155 Nam
229 1127 339 1168 quae
389 1111 443 1154 de
493 1111 753 1154 educatione
802 1117 846 1153 et
895 1111 1172 1155 institutione
1215 1111 1418 1154 *secundo

60 1168 244 1211 maxime
275 1176 320 1210 et
339 1170 526 1225 septimo
553 1169 721 1225 Legum
740 1168 852 1210 libro
872 1168 1160 1224 explicantur,
1192 1183 1243 1210 ea
1273 1169 1419 1210 omnia

61 1240 110 1268 ac
147 1225 322 1282 singula
359 1236 448 1267 tam
486 1226 623 1268 amice
663 1240 762 1267 cum
802 1225 856 1267 iis
896 1225 1172 1281 conspirant,
1216 1240 1330 1280 quae
1361 1225 1415 1268 de

61 1281 214 1324 eodem
244 1282 343 1324 loco
374 1283 543 1324 ratione
572 1281 804 1324 custodum
843 1281 994 1324 habita
1021 1282 1067 1323 in
1097 1282 1219 1324 libris
1251 1281 1415 1337 Reipu-

19 1369 27 1380 .
60 1338 200 1381 blicae
249 1339 544 1394 disseruntur,
591 1345 642 1380 ut
689 1353 816 1380 nemo
857 1338 1058 1380 dubitare
1105 1339 1259 1395 possit,
1310 1339 1415 1393 quin

60 1396 291 1451 utrobique
321 1397 508 1437 maxima
538 1395 796 1452 disciplinae
827 1395 1070 1450 reperiatur
1096 1395 1414 1438 convenientia.

61 1451 238 1509 Quippe
280 1452 364 1494 hoc
405 1467 538 1494 unum
570 1453 664 1499 fere
693 1451 955 1495 discriminis
985 1452 1047 1494 ibi
1079 1453 1264 1506 obtinet,
1296 1452 1416 1507 quod

57 1509 103 1551 in
143 1509 341 1566 Legibus
381 1509 526 1551 omnia
565 1509 840 1566 explicantur
869 1510 1071 1561 uberius,
1113 1509 1339 1565 copiosius
1371 1516 1416 1551 et

59 1564 115 1608 ad
158 1567 276 1608 vitae
323 1567 565 1608 communis
611 1581 738 1608 usum
768 1565 1156 1619 accommodatius,
1199 1581 1329 1620 quam
1369 1566 1413 1608 in

61 1621 313 1678 Republica.
356 1622 479 1664 Tulit
509 1622 624 1664 enim
655 1623 716 1664 ita
747 1622 937 1664 universi
959 1622 1103 1679 operis
1137 1624 1249 1664 ratio
1281 1631 1413 1678 atque

56 1677 168 1721 finis.
188 1679 274 1722 Res
292 1679 414 1735 ipsae
426 1685 586 1733 autem,
601 1679 637 1720 si
658 1686 796 1721 totum
811 1678 955 1721 locum
974 1686 1177 1721 accurate
1194 1680 1415 1732 aestimes,

55 1750 232 1791 prorsus
264 1735 442 1778 eaedem
475 1742 579 1778 sunt
601 1735 843 1790 eodemque
867 1735 1065 1787 redeunt,
1104 1736 1249 1779 iudice
1281 1737 1412 1778 etiam

57 1792 407 1846 Aristotele,
442 1793 517 1847 qui
551 1793 722 1836 l'olitic.
755 1793 818 1835 II.
853 1794 894 1847 3,
927 1794 968 1835 2.
1011 1794 1089 1846 ἔξω
1123 1792 1222 1849 γὰρ,
1253 1794 1411 1849 inquit,

55 1850 135 1901 τῆς
163 1851 252 1891 τῶν
280 1854 501 1904 γυναικών
533 1855 768 1899 κοινωνίας
798 1853 872 1892 καὶ
902 1852 981 1902 τῆς
1011 1848 1206 1902 κτήσεως
1228 1851 1282 1892 τά
1301 1852 1414 1892 ἄλλα

56 1902 198 1947 ταύτὰ
238 1904 514 1947 ἀποδίδωσιν
563 1905 844 1964 ἀμφοτέραις
886 1915 986 1956 ταῖς
1026 1908 1290 1957 πολιτείαις·
1339 1909 1415 1950 καὶ

55 1959 139 2019 γὰρ
171 1963 375 2004 παιδείαν
405 1959 485 2013 τὴν
521 1959 660 2013 αὐτὴν
691 1967 764 2005 καὶ
793 1961 844 2005 τὸ
875 1965 964 2005 τῶν
983 1964 1132 2019 ,ἔργων
1163 1965 1250 2006 τῶν
1278 1962 1410 2018 duay·

55 2023 194 2060 καίων
222 2018 526 2071 ἀπεχομένους
556 2019 633 2070 ζῆν
677 2021 750 2060 καὶ
786 2021 883 2070 περὶ
917 2023 1158 2060 συσσιτίων
1188 2018 1413 2068 «amaram.

57 2073 258 2128 Quocum
297 2075 392 2116 iure
432 2075 538 2116 facit
575 2074 706 2116 etiam
751 2075 1082 2131 Appuleius
1116 2075 1184 2132 De
1215 2076 1411 2119 habitud.

57 2130 243 2174 doctrin.
275 2132 446 2188 ρ.,198.
478 2130 546 2172 ed.
577 2131 743 2173 Elmh.:
776 2132 830 2173 in
871 2131 973 2174 hac
1010 2132 1273 2187 equidem
1304 2133 1410 2188 (Le-

57 2202 159 2244 gum
178 2188 376 2242 civitate)
398 2186 619 2230 easdem
642 2203 810 2244 puero
827 2204 938 2230 rum
968 2189 1410 2243 nutricationes,

58 2243 281 2286 easdem
307 2244 434 2286 vult
464 2245 675 2286 artium
707 2244 1076 2301 disciplinas.
1150 2246 1327 2303 Quippe
1366 2248 1412 2289 in

55 2307 242 2356 utroque
283 2315 415 2356 opere
447 2301 564 2343 cives
594 2301 716 2343 iubet
748 2317 824 2356 per
853 2303 1167 2359 gymnasticam
1202 2310 1246 2345 et
1277 2305 1411 2346 musi-

57 2371 150 2399 cam
188 2372 240 2399 co
279 2357 370 2399 fere
414 2356 545 2400 modo
587 2358 749 2400 erudiri
801 2364 846 2400 et
896 2358 1092 2413 institui,
1144 2375 1232 2415 quo
1292 2360 1410 2417 apud

57 2412 349 2456 Athenienses
390 2414 554 2456 factum
588 2429 686 2457 esse
717 2421 904 2457 constat.
964 2417 1129 2458 Verum
1160 2417 1276 2459 enim
1305 2432 1411 2459 vero

57 2484 188 2524 quum
227 2470 515 2527 philosophus
544 2471 590 2512 in
631 2472 698 2514 his
739 2472 938 2515 omnibus
979 2473 1108 2530 plane
1134 2474 1218 2516 sibi
1247 2475 1412 2516 consti-

56 2526 172 2581 terit,
203 2534 297 2569 tum
326 2542 454 2569 nemo
484 2527 568 2569 erit
600 2530 706 2583 quin
737 2544 818 2572 sua
847 2536 1004 2584 sponte
1036 2530 1207 2584 videat,
1247 2530 1293 2572 in
1322 2531 1411 2572 Le-

56 2582 184 2680 gibus
214 2584 460 2626 necessario
491 2599 573 2640 pro
603 2586 743 2627 totius
781 2586 927 2641 operis
965 2587 1209 2629 rationibus
1241 2594 1411 2629 mutan-

88 2653 114 2681 a
155 2639 316 2694 fuisse,
355 2654 465 2695 quae
508 2639 561 2683 de
605 2642 792 2698 optimae
844 2643 1040 2686 civitatis
1080 2643 1410 2700 magistratibus
