1612 2872
234 96 316 136 402

721 96 1093 139 PLATONIS

238 212 314 253 τοῦ
369 214 621 264 νομοθέτου
677 209 907 267 φράζωμεν
956 213 1115 262 τοῦτ-ος
1166 206 1194 264 ἦ
1247 210 1357 268 γάρς

319 321 321 323 ,
340 279 440 319 ΚΛ.
509 278 611 318 Ναί.

336 343 434 385 ΑΘ.
509 339 621 383 Τόδε
637 354 645 363 ·

237 406 388 463 φήσει·
425 405 640 459 τύραννος
676 407 717 447 δ’

684 346 1037 395 τυραννουμένην
1071 358 1148 394 μοι
1180 341 1278 383 δότε
1314 341 1393 393 τὴν
1429 341 1567 390 πόλιν,

759 410 863 447 ἔστω
902 412 997 456 νέος
1033 408 1102 447 καὶ
1139 405 1319 460 μνήμων
1346 410 1414 449 καὶ
1437 407 1567 461 εὐμα-

241 471 331 523 θὴς
366 476 436 515 καὶ
473 471 671 526 ἀνδρεῖος
707 476 778 514 καὶ
813 471 1142 526 μεγαλοπρεπὴς
1185 472 1320 530 φύσει.
1359 471 1381 515 ὃ
1419 476 1462 515 δὲ
1498 475 1569 514 καὶ

238 543 283 578 ὲν
319 546 409 587 τοῖς
444 536 646 593 πρόσθεν
681 539 878 592 ἐλέγομεν
915 541 1002 580 δεῖν
1039 539 1230 580 ἕπεσθαι
1255 536 1446 591 §urinam
1479 546 1571 587 τοῖς

241 755 362 787 thiae
384 754 445 787 Gr.
471 755 502 796 ξ.
525 756 604 791 309.
631 768 658 789 c.
684 766 763 789 ann.
807 756 871 788 Re-

242 805 353 834 tracto
377 806 518 833 accentu
541 803 645 834 etiam
658 802 756 844 Reip.
769 801 873 834 VIII.

243 858 275 887 p.
300 844 379 880 584.
398 847 442 877 A.
467 848 687 900 scripsimus:
714 847 785 878 πῶς
811 841 875 877 οὖν

244 889 365 946 ὀρθῶς
397 891 465 922 ἔστι
506 890 542 922 τὸ
578 890 620 933 μὴ
661 888 771 934 ἀλγεῖν
811 889 874 933 ἡδυ

245 933 424 989 φ’γεῖοθαη

287 976 368 1022 ἆρα
398 981 472 1013 τοῦ
502 981 746 1021 ιομοθέτου
780 1000 817 1004 —-
855 976 875 1023 ἦ

246 1024 339 1068 pti&
348 1027 362 1067 ]
395 1027 491 1058 Haec
521 1028 628 1059 verba
655 1027 876 1059 manifestum

245 1078 297 1104 est
330 1073 565 1113 turpissimam
602 1075 795 1113 suscepisse
828 1073 877 1103 la-

246 1118 332 1149 bem.
387 1117 478 1150 Nam
514 1118 574 1159 qui
619 1119 756 1150 tandem
802 1116 876 1148 fieri

246 1167 338 1194 recte
380 1166 512 1204 potest,
550 1167 587 1194 ut
630 1162 762 1195 Clinias
807 1172 877 1193 rem

247 1208 396 1240 affirmet
418 1208 572 1240 nondum
601 1209 643 1240 ab
671 1206 878 1240 Atheniensi

249 1254 491 1285 enunciatam?
522 1258 582 1285 aut
613 1263 777 1294 quorsum
803 1263 877 1293 per-

249 1300 335 1330 tinet
357 1299 450 1331 istud
465 1293 484 1339 ἦ
509 1296 594 1340 γάρ,·
617 1309 686 1340 quo
703 1299 760 1340 qui
777 1303 878 1329 utun-

249 1351 320 1383 tur,
346 1344 370 1375 ii
395 1344 544 1384 aliquid,
575 1345 669 1385 quod
702 1344 806 1375 modo
828 1343 879 1374 di—

250 1390 382 1427 xerint,
407 1389 573 1420 affirmari
605 1390 648 1420 ab
679 1389 789 1421 altero
822 1398 878 1419 cu-

250 1435 370 1475 piunt?
398 1434 587 1465 Enimvero
604 1434 691 1465 nihil
708 1435 789 1466 dum
801 1443 880 1474 pro-

250 1481 328 1511 tulit
351 1480 469 1518 homo,
483 1480 537 1511 cui
551 1484 631 1520 apte
647 1490 746 1511 suum
769 1479 882 1511 istud:

251 1520 273 1565 ἦ
297 1523 379 1567 γάρ;
403 1525 611 1565 subiungere
635 1529 764 1565 posset.
812 1524 880 1555 Ita-

276 1571 359 1602 ueA
369 1570 424 1601 sti
436 1580 481 1601 us
497 1570 714 1601 scribendum
730 1570 887 1601 censuit:-

251 1626 318 1656 apa
342 1613 379 1646 τὸ
398 1615 460 1646 τοῦ
473 1613 670 1654 νομοθέτου
688 1611 884 1655 φράζωμεν;

253 1661 370 1696 τοῦτο,
397 1655 417 1700 ἦ
441 1657 523 1700 γάρ;
546 1660 590 1691 ad
622 1659 722 1690 τοῦτο
754 1668 796 1690 ex
822 1668 883 1690 an-

252 1706 416 1747 tegressis
440 1705 588 1744 intelligi
604 1705 743 1736 iubens.
763 1700 884 1744 ὀρθῶς

253 1752 342 1784 ἔστιν
372 1749 488 1782 εἰπεῖν.
539 1750 655 1791 Atque
684 1750 773 1781 hanc
807 1757 884 1780 sen-

252 1797 395 1828 tentiam
412 1795 548 1836 sequuti
569 1800 649 1826 sunt
665 1794 884 1825 Turicenses.

252 1841 329 1880 Qua
359 1846 473 1873 tamen
503 1840 639 1871 ratione
675 1848 886 1880 magnopere

253 1896 377 1919 vereor
399 1895 444 1917 ne
475 1885 698 1916 difficultates
722 1885 789 1916 loci
814 1894 886 1916 non

251 1933 356 1964 modo
381 1940 453 1962 non
473 1934 625 1962 remotae
642 1930 702 1962 sed
719 1930 885 1971 quodam-

249 1978 354 2009 modo
379 1977 483 2008 etiam
506 1980 628 2007 auctae
652 1976 733 2007 sint.
784 1974 886 2006 Certe

253 2022 392 2064 quidem
426 2021 560 2053 Clinias
591 2031 636 2052 ne
665 2021 715 2052 sic
748 2020 886 2061 quidem

253 2071 345 2100 recte
368 2066 558 2108 respondet
582 2063 661 2103 Ναί,
684 2066 886 2106 praesertim

253 2123 358 2155 quum
388 2111 614 2144 Atheniensis
651 2111 777 2142 deinde
805 2119 885 2151 per-

255 2161 328 2199 gat}
367 2156 423 2190 To
432 2156 491 2188 δε
525 2155 799 2197 τυραννουμένην
829 2165 885 2194 μοι

256 2201 333 2234 δότε
357 2213 386 2234 κ.
412 2214 437 2234 τ.
453 2203 480 2234 λ.
514 2201 640 2242 Itaque
664 2201 770 2232 aliam
795 2201 886 2232 viam

254 2248 332 2280 iniit
366 2245 649 2280 Schrammius
692 2245 809 2287 Spec.
844 2245 885 2278 ll.

255 2293 490 2325 Annotatt.
534 2292 583 2323 ad
629 2291 749 2323 locos
782 2300 885 2322 non-

254 2339 401 2370 nullos
438 2338 598 2377 Legum
638 2336 887 2368 Platonica·

254 2393 361 2421 rum,
397 2393 431 2424 p.
459 2383 511 2416 17
541 2382 600 2422 qui
623 2382 736 2412 locum
762 2382 811 2413 sic
834 2390 887 2413 re-

254 2428 453 2468 fingendum
491 2427 694 2458 arbitratur.
739 2425 784 2458 Τι’
809 2423 889 2465 μετὰ

260 2469 356 2505 τοῦτ’
363 2472 483 2504 εἰπεῖν
500 2468 617 2512 ὀρθῶς
641 2469 766 2503 ἔστιν“’
746 2482 810 2512 αρα
829 2469 887 2502 τόι

258 2516 469 2559 νομοθέτηνς
500 2513 677 2557 φράζωμεν
714 2517 835 2553 mrito,-
870 2511 889 2556 ²⁷1

260 2562 345 2606 3020,-
397 2562 507 2600 Quid
543 2562 593 2592 ad
629 2562 707 2593 hoc
744 2562 888 2602 igitur

261 2613 378 2641 recte
424 2606 698 2648 respondere
741 2610 886 2648 potest

261 2657 405 2693 legum
444 2651 588 2683 lator?
631 2651 887 2683 Dicamusne

941 756 962 787 h
972 766 992 787 o
1003 766 1020 787 c
1030 756 1044 786 P
1056 755 1122 798 (sc.
1133 756 1228 797 quod
1241 764 1471 795 responsurus
1489 756 1572 796 sit.),

940 800 1112 833 Nonne?
1169 799 1239 833 Sed
1270 810 1332 832 nec
1361 800 1426 833 hac
1458 802 1571 833 conie-

942 852 1040 877 ctura
1074 849 1194 877 nostro
1231 845 1369 886 quidem
1399 846 1573 878 desiderio

942 891 1155 922 satisfactum
1187 895 1251 922 est.
1300 891 1450 922 Primum
1483 892 1574 923 enirn
1598 918 1612 926 ,

943 937 1007 967 illa
1034 937 1127 967 iusto
1153 940 1205 967 est
1229 935 1406 967 audacior.
1438 936 1575 968 Deinde

943 991 1006 1012 nec
1032 982 1109 1023 ipsa
1133 981 1224 1012 tollit
1248 981 1452 1021 molestiam,
1473 991 1575 1022 quam

943 1026 1044 1058 affert
1075 1026 1167 1057 istud
1206 1037 1223 1066 η
1258 1024 1338 1067 γάρ;
1371 1026 1463 1067 quod
1495 1031 1576 1067 post

945 1068 1121 1112 φράζωμεν
1147 1080 1267 1107 ιουιο,·
1292 1080 1361 1102 non
1387 1075 1478 1102 recte
1497 1072 1576 1103 sub-

943 1117 1108 1157 iungitur.
1147 1116 1305 1156 Denique
1329 1126 1439 1156 nuper
1459 1115 1496 1147 O.
1511 1116 1577 1148 Fr.

945 1162 1218 1194 Hermannus
1240 1157 1306 1201 ἆρα
1321 1162 1363 1192 de
1385 1160 1575 1194 Schram-

945 1218 978 1238 m
987 1208 998 1239 i
1007 1208 1018 1239 i
1036 1207 1223 1239 sententia'
1215 1217 1250 1238 ln
1259 1204 1324 1247 ἄρα
1334 1210 1464 1238 mutato
1474 1207 1580 1239 verba

945 1253 1035 1284 inter
1057 1252 1295 1293 colloquentes
1321 1252 1370 1283 sic
1385 1252 1578 1284 distribuit.

947 1297 1031 1329 ΚΛ.
1065 1297 1127 1328 τοῦ
1158 1297 1354 1335 νομοθέτου
1378 1315 1421 1320 -
1448 1291 1469 1338 ἦ
1494 1294 1580 1339 γᾶρ;

948 1342 979 1374 A
991 1341 1027 1376 Θ.
1043 1340 1115 1374 Ναί
1127 1340 1222 1374 τόδε·
1249 1341 1524 1383 τυραννουμένην
1539 1359 1576 1365 -
1594 1342 1597 1343 ⁷

948 1405 992 1411 —-
1017 1384 1143 1427 ὄφελος
1166 1383 1256 1418 εἶναι’
1267 1399 1305 1419 τι.
1345 1386 1447 1425 Quod
1466 1391 1579 1420 tmen

947 1443 1016 1464 non
1050 1443 1119 1465 uno
1150 1433 1289 1464 nomine
1317 1433 1491 1473 displicet,
1517 1433 1580 1464 im-

946 1478 1066 1519 primis
1091 1479 1194 1510 etiam
1212 1488 1265 1518 eo,
1283 1479 1375 1518 quod
1393 1479 1460 1509 isto
1477 1478 1584 1510 modo.

948 1521 1014 1564 ἄρα
1038 1525 1111 1555 sine
1135 1533 1259 1555 caussa
1287 1524 1413 1554 idonea
1441 1524 1476 1554 in
1501 1523 1580 1554 ulti-

948 1578 1039 1600 mum
1069 1569 1226 1600 reiicitur
1264 1569 1437 1599 enunciati
1475 1577 1580 1600 mem-

946 1613 1060 1644 brum.
1131 1612 1303 1650 Quocirca
1350 1613 1580 1653 experiamur,
1607 1614 1612 1622 ¹

950 1659 980 1690 si
1011 1658 1104 1690 forte
1135 1658 1229 1689 aliud
1261 1658 1345 1698 quid
1375 1667 1417 1688 ex
1441 1658 1583 1698 vulgata

948 1703 1097 1735 lectione
1128 1704 1241 1744 possit
1273 1702 1428 1734 extundi.
1475 1702 1581 1735 Puta-

949 1758 1024 1780 mus
1048 1757 1132 1779 vero
1154 1749 1270 1780 inesse
1294 1749 1416 1779 vitium
1435 1749 1583 1780 maxime

950 1794 986 1825 in
998 1793 1115 1825 verbis
1127 1786 1147 1834 ἦ
1160 1791 1241 1834 γάρ,·
1257 1794 1322 1824 ναί.
1337 1792 1432 1830 Quae
1441 1803 1582 1834 quomo-

953 1839 998 1870 do
1022 1839 1223 1879 refingenda
1244 1843 1371 1876 essent,
1400 1842 1583 1879 postquam

952 1884 1013 1915 diu
1027 1884 1240 1924 multumque
1250 1884 1495 1923 dubitavimus,
1505 1887 1584 1915 tan-

952 1929 1030 1960 dem
1055 1929 1089 1960 in
1118 1939 1191 1960 eam
1222 1929 1422 1960 devenimus
1445 1933 1582 1960 senten-

953 1975 1100 2013 tiam,ut
1123 1974 1159 2005 in
1184 1974 1252 2005 isto
1279 1968 1299 2015 ἦ
1323 1971 1408 2015 γάρ,·
1430 1974 1583 2015 suspica-

954 2029 1069 2051 remur
1085 2020 1194 2050 latere
1210 2020 1242 2050 τί
1252 2018 1435 2060 γάρ;ςυοά
1448 2018 1584 2051 Cliniae

953 2069 1044 2096 esset
1057 2064 1287 2096 tribuendum.
1312 2064 1404 2095 Huic
1418 2064 1509 2095 enim
1523 2073 1584 2104 per

953 2119 1106 2141 errorem
1152 2109 1290 2140 videtur
1336 2109 1452 2140 datum
1508 2118 1584 2140 esse

954 2153 1032 2189 Ναί,
1049 2157 1276 2196 posteaquam
1296 2163 1377 2185 vera
1400 2155 1582 2195 responsio

953 2201 984 2232 ei
1010 2203 1127 2241 erepta
1151 2203 1235 2231 erat.
1270 2198 1485 2242 Quamquam
1508 2199 1583 2231 fieri

912 2268 915 2270 -
952 2248 1085 2286 potest,
1116 2248 1154 2275 ut
1197 2244 1284 2276 illud
1316 2245 1376 2276 ναί
1402 2254 1444 2276 ex
1474 2247 1609 2285 pravo*

952 2292 1260 2332 interpretamento
1297 2290 1436 2321 duxerit
1475 2290 1583 2330 origi-

951 2345 1048 2374 nem,
1078 2335 1255 2376 siquidem
1285 2335 1436 2367 adscribi
1472 2335 1586 2375 potuit

951 2380 995 2413 ab
1019 2380 1136 2421 aliquo
1153 2380 1393 2421 grammatico,
1409 2381 1470 2422 qui
1492 2380 1585 2412 istud

954 2425 987 2456 u'
1006 2422 1069 2466 γάρ
1079 2435 1090 2463 ,·
1121 2435 1184 2465 pro
1217 2427 1250 2456 τί
1275 2424 1338 2467 γὰρ
1368 2422 1466 2463 ἄλλω
1489 2434 1584 2458 acce-

952 2471 1072 2513 pisset.
1118 2470 1241 2512 Itaque
1276 2471 1388 2502 locum
1416 2471 1584 2511 interpre-

953 2520 1065 2551 tamur
1077 2516 1143 2547 sic:
1158 2514 1271 2554 Quid
1289 2520 1404 2547 recte
1429 2515 1584 2548 deinde

954 2561 1150 2592 dicetur?
1176 2570 1272 2593 num
1301 2561 1380 2593 hoc
1397 2559 1583 2602 legisla—

953 2605 1069 2637 toris
1114 2615 1211 2647 resp
1227 2604 1372 2638 onsum
1421 2602 1582 2638 affera-

953 2650 1065 2683 mus?
1092 2651 1201 2690 (quod
1226 2655 1317 2682 recte
1343 2651 1417 2682 dari
1442 2650 1583 2690 possit).
