1612 2872
0 2278 2 2280 v
44 2255 150 2289 1022‘

231 111 313 153 DE
347 109 630 154 memus
659 109 777 152 Lm.
811 90 890 152 1'v.
922 110 968 153 P.
1004 111 1098 150 717.
1130 84 1195 153 st.
1318 112 1395 152 ιιι

42 228 264 285 ἱδρύματα
313 229 402 272 ἰ’ὃια
447 230 666 285 πατρῴων
714 229 837 271 θεῶν
874 226 987 271 κατὰ
1024 225 1164 283 νόμον
1197 224 1402 282 ὀρμαζό-

41 313 166 351 μενοι
204 301 368 351 γονέων
405 298 450 339 δὲ
485 312 597 352 μετα
623 297 766 339 ταῦτα
798 293 1137 351 τιμαὶζώντων·
1172 291 1232 344 ὡς
1255 296 1401 350 θέμις,

43 363 284 422 ὀφείλοντα
318 361 552 408 ἀποτίνειν
585 361 640 406 τὰ
678 361 833 418 πρῶτά
870 379 914 406 τε
950 379 1020 405 και
1058 366 1241 417 μέγιστα
1279 360 1402 421 ὄφει·

42 428 243 486 λήματα,
278 431 434 486 χρεῶν
463 430 643 474 πάντων
691 428 1000 486 πρεσβύτατα,
1035 431 1226 484 νομίζειν
1270 430 1337 481 δέ,
1371 425 1401 471 ἃ

41 501 244 549 κέκτηται
280 499 354 540 καὶ
390 501 495 554 ἔχει,
531 497 679 541 πάντα
715 496 829 540 εἶναι
864 499 952 539 τῶν
987 495 1296 550 γεννησάντων
1329 498 1402 538 aeoei

44 567 350 623 θρεψαμένων
392 564 504 620 πρὸς
551 563 602 608 τὸ
647 568 850 620 παρέχειν
894 561 1011 606 αὐτοὶ
1060 568 1119 613 εἰς
1159 561 1406 618 ὑπηρεσίαν

43 635 222 682 ἐκείνοις
268 630 383 674 κατὰ
431 632 620 688 δύναμιν
666 633 845 685 πᾶσαν,
890 630 1140 687 ἀρχόμενον
1183 628 1276 673 ἀπὸ
1325 631 1404 682 τῆς

42 697 208 749 οὐσίας,
246 696 428 754 δεύτεροι
464 698 518 742 τὰ
558 699 638 743 τοῦ
675 698 900 754 σώματος,
938 701 1065 752 τρίτα
1106 695 1159 740 τὰ
1201 699 1278 749 τῆς
1314 710 1400 756 zpu-

137 839 176 871 Β.
229 843 322 871 τοῖς
355 839 397 872 δὲ
436 839 599 872 τούτων
635 837 828 880 ἄνωθεν]
863 838 899 871 τὰ
927 838 963 871 δὲ
994 832 1031 872 X.
1059 839 1100 871 B.
1131 835 1170 870 Ω.
1200 838 1238 872 Ξ.
1267 851 1297 871 v.
1325 840 1348 871 f.
1375 851 1401 871 r.

43 895 72 917 a.
100 896 128 918 c.
156 883 186 916 δ.
212 896 241 917 ο.
271 887 372 918 male.
411 886 557 928 Recepit
581 891 698 918 tamen
725 885 929 917 Schneider.
1126 909 1129 912 -

136 929 439 964 ἐπακολουθεῖ
474 929 533 974 δ’]
578 930 822 964 ἐπακολουθοῖ
852 933 897 964 Α.
930 931 972 963 Β.
1003 929 1043 963 Ω.
1073 930 1111 967 Ξ.
1140 941 1167 962 r.
1194 941 1225 963 a.
1253 941 1282 962 e.
1309 941 1341 963 o.
1368 936 1401 962 et

43 987 133 1009 corr.
161 988 191 1008 v.
210 978 312 1020 quod
328 979 445 1010 Herm.
473 984 508 1010 et
523 979 728 1010 Schneider.
755 979 975 1019 evuigarunt.
1016 976 1155 1019 Quippe
1181 977 1264 1008 boni
1290 977 1403 1010 critici

42 1023 174 1055 arctius
198 1023 286 1056 haec
309 1025 502 1057 iunxerunt
526 1025 782 1068 superioribus,
807 1025 898 1057 mule
924 1024 1080 1057 confusis
1104 1022 1322 1056 notionibus.

42 1146 154 1180 Coelo
167 1148 247 1180 libr.
265 1148 289 1181 Ι.
314 1158 343 1180 c.
365 1149 403 1182 1:
430 1146 485 1180 διὸ
511 1147 604 1191 παρὰ
629 1148 690 1190 τῆς

43 1192 186 1235 φύσεως
213 1192 394 1236 εἰληφότες
418 1204 537 1251 ωςπερ
556 1193 690 1234 νόμους

42 1238 175 1295 ἐκέίνης
213 1241 268 1272 καὶ
307 1238 398 1281 πρὸς
429 1241 489 1273 τὰς
516 1238 690 1296 ἁγιστείας

42 1288 111 1318 τῶν
139 1285 238 1318 θεῶν
273 1284 437 1328 χρώμεθα
471 1288 516 1330 τῷ
548 1283 690 1330 αριθμῷ

41 1330 164 1375 τούτῳ.
219 1332 412 1365 Praeterea
451 1333 546 1366 conf.
584 1334 688 1365 Tur-

41 1378 203 1413 neb.27.
217 1379 368 1412 Advers.
389 1390 417 1412 ο.
435 1380 496 1415 25.
521 1384 557 1412 et
585 1379 687 1412 Coe·

41 1426 148 1456 lium
164 1424 406 1467 Rhodigin
424 1427 548 1468 Antiq.
574 1426 687 1458 Leett

40 1471 162 1503 ΧΧΙΙ.
211 1482 239 1503 c.
287 1472 322 1505 9.
389 1472 524 1504 Vocant
570 1478 688 1504 autem

42 1515 171 1548 Graeci
195 1527 380 1549 numerum
409 1519 580 1560 imparem
608 1519 686 1560 qui-

41 1563 122 1594 dem
164 1558 318 1603 ἀριθμὸν
353 1561 529 1606 περιττόν,
568 1574 688 1605 parem

42 1619 127 1641 vero
152 1619 285 1650 αρτιον
320 1610 387 1641 Est
411 1611 517 1642 etiam
534 1605 689 1650 α’ριθμὸς

41 1651 312 1696 ἅρτιοπέριττος,
350 1665 394 1687 ex
446 1667 515 1698 quo
554 1657 689 1688 seilicet

40 1701 78 1747 in
103 1702 174 1732 duo
200 1702 317 1733 diviso
343 1702 461 1734 statim
487 1703 607 1734 evadit
621 1713 685 1734 nu-

41 1756 156 1779 merus
181 1747 311 1788 impos-3
335 1752 375 1779 ut
403 1748 434 1779 si
467 1748 512 1782 14
535 1749 572 1780 in
598 1749 687 1781 duas

41 1794 206 1835 aequales
222 1798 339 1834 partes
355 1803 525 1834 secemus,
535 1795 688 1827 medium

42 1840 110 1871 erit
135 1839 168 1873 7.
190 1836 325 1879 Ἄρτιος
348 1844 466 1871 autem
492 1845 546 1872 est
570 1842 688 1881 etiam,

41 1886 142 1918 cuius
166 1886 204 1917 in
232 1886 302 1916 duo
330 1886 436 1917 divisi
458 1887 610 1918 medium
626 1887 687 1918 ad-

41 1931 110 1964 hnc
142 1941 207 1972 par
237 1936 371 1970 manet3
397 1932 436 1963 ut
471 1933 501 1964 si
525 1932 572 1965 32
597 1933 688 1964 divi-

42 1978 106 2010 das
139 1979 176 2009 in
210 1977 298 2008 duas
330 1982 448 2018 partes
481 1979 689 2020 aequaliter,

42 2024 199 2056 medium
223 2024 290 2054 erit
315 2023 382 2064 16,
407 2024 443 2055 h.
476 2034 506 2056 e.
537 2034 602 2065 par
626 2024 690 2057 mi-

42 2076 171 2103 merus.
227 2068 288 2102 Sic
327 2070 358 2101 si
395 2069 441 2104 16
475 2071 615 2102 dividas
653 2072 691 2102 in

45 2116 134 2149 duas
152 2121 284 2157 'partes
317 2117 469 2149 evadent
501 2115 534 2150 8.
564 2117 609 2149 al.
635 2117 707 2148 De.

43 2163 197 2195 numeris
243 2163 520 2204 philosophatur
573 2163 600 2194 P
617 2164 627 2194 l
644 2174 685 2194 u—

43 2209 180 2241 tareh.
195 2207 429 2247 Quaestionn.
446 2209 548 2240 Rom.
574 2209 688 2250 probl.

206 2255 305 2286 Haec
343 2255 688 2287 Rittershusius.

0 2298 5 2335 ,ἓ
43 2299 155 2334 Cuius
177 2301 410 2342 disputationi
433 2301 518 2333 addi
538 2306 690 2343 possunt

0 2353 23 2595 ἓ

0 2729 11 2831 {f

44 2357 135 2388 quae
164 2348 212 2379 ad
245 2347 403 2388 Virgil.
435 2348 562 2389 Eelog.
598 2347 686 2380 vm.

44 2403 90 2425 v.
103 2392 159 2427 75.
192 2393 416 2433 disputarunt
446 2393 623 2425 Cerds
655 2399 690 2424 et

40 2437 76 2470 J.
102 2439 148 2470 H.
177 2439 378 2471 Vossius.
404 2457 447 2462 —
473 2443 570 2471 τοῖς
595 2438 687 2470 τού-

45 2494 140 2516 των
138 2481 338 2526 ανωθεν,
363 2495 412 2517 se.
435 2484 554 2522 θεοῖς,
578 2486 686 2525 diis,

44 2531 120 2571 qui
145 2535 246 2562 sunt
266 2531 358 2562 diis
383 2531 541 2564 inferis
561 2541 686 2572 supe-

43 2573 203 2609 riores.

88 2622 130 2654 B.
180 2621 251 2654 καὶ
289 2618 535 2674 ἀντίφωνα]
574 2623 619 2655 Η.
655 2632 685 2654 e.

42 2667 159 2709 *0031st
187 2667 242 2699 καὶ
268 2665 374 2707 δεξιά.

0 2730 4 2743 ι
47 2719 55 2723 ”
89 2711 133 2743 ὃ·
154 2709 189 2755 γ’
227 2713 401 2754 ἔμφρων
445 2710 686 2755 ὀργιάζοιτ’

758 1145 828 1188 ἄν]
869 1156 998 1179 saera
1039 1146 1192 1178 faciat.
1241 1146 1403 1177 Astius

757 1194 890 1226 mavult
909 1188 1062 1234 ὀργιάζοι
1085 1189 1139 1224 ἄν.
1188 1190 1293 1223 Certe
1315 1192 1402 1224 aeti-

755 1250 802 1272 vo
847 1239 957 1271 verbo
1002 1240 1113 1270 utitur
1166 1238 1401 1280 philosophus

754 1286 853 1318 Libr.
879 1285 928 1317 X.
945 1295 979 1326 p.
1006 1284 1086 1318 910.
1104 1283 1151 1316 C:
1177 1282 1238 1315 τὸν
1263 1302 1306 1307 —
1333 1294 1401 1324 φα-

756 1331 856 1363 νέντα
898 1330 1102 1372 κεκτημένον
1145 1329 1242 1371 ἕτερα
1288 1327 1401 1372 (ἱερὰ)

757 1378 811 1410 καὶ
838 1374 1042 1419 ὀργιάζοντα
1066 1374 1154 1418 πλὴν
1178 1374 1217 1408 τὰ
1243 1373 1402 1417 δημόσια.

758 1425 911 1456 phaedr.
936 1434 971 1465 p.
988 1422 1070 1458 250.
1089 1423 1134 1465 Q:
1163 1419 1205 1464 ἢν
1229 1421 1402 1464 (τελετὴν)

756 1468 980 1512 ω’ργιάζομεν.
1033 1469 1125 1501 Ibid.
1168 1479 1202 1510 p.
1234 1467 1314 1503 252.
1349 1469 1403 1500 D:

757 1513 805 1548 ὥς
820 1514 969 1570 τιμήσων
989 1526 1021 1547 τε
1036 1527 1090 1547 και
1107 1512 1289 1556 ὀργιάζων.
1314 1515 1403 1547 Mox

755 1564 914 1604 passive:
947 1560 1113 1603 ἱδρύματα
1138 1561 1208 1592 ἴδια
1233 1558 1404 1603 πατρῴων

755 1608 855 1640 θεων
891 1606 976 1640 κατὰ
1015 1605 1125 1647 νόμον
1164 1603 1402 1649 ὀργιαζόμενα,

754 1656 777 1687 i.
803 1665 834 1687 e.
860 1659 1052 1694 saerata,
1078 1658 1358 1686 consecrata.

801 1701 970 1743 γονέων
997 1698 1040 1731 δὲ
1069 1698 1170 1739 μετὰ
1198 1699 1326 1731 ταῦτα
1351 1710 1400 1731 τι-

755 1747 828 1786 μαὶ
866 1744 1057 1788 ζώντων]
1095 1747 1166 1778 Int.
1202 1745 1310 1784 εἰσίν,
1346 1746 1403 1778 vel

756 1792 1077 1825 ἐπακολουθοῦσιν.
1101 1811 1146 1816 -
1173 1788 1228 1823 ὥς
1252 1791 1402 1831 θέμις,

757 1849 850 1871 nam
890 1839 957 1871 fas
1002 1843 1078 1870 est.
1147 1837 1235 1870 Sine
1278 1848 1405 1871 caussa

755 1886 866 1926 igitur
911 1885 1189 1916 Hermunnus
1235 1884 1279 1916 de
1320 1894 1404 1916 con-

755 1933 892 1963 ἱερῆα-ιι
922 1931 1064 1972 scripsit
1095 1926 1145 1961 οἶς
1184 1928 1296 1969 θέμις.
1343 1930 1405 1962 Ad

759 1973 1021 2017 ὀφείλονταίιιι.
1038 1973 1154 2009 τινάς.
1170 1970 1292 2013 αυτόν,
1309 1976 1405 2018 quod

756 2025 853 2055 inest
882 2024 919 2054 in
953 2023 1130 2055 infinitivo
1166 2022 1310 2054 aliunde
1344 2032 1401 2054 su

759 2079 901 2112 spenso.
956 2069 1050 2101 Hine
1089 2069 1195 2100 etiam
1234 2078 1318 2101 mox
1350 2068 1402 2100 κέ-

759 2126 875 2157 κτηται
904 2115 959 2146 καὶ
989 2115 1072 2155 ἔχει,
1102 2115 1210 2146 tertia
1240 2125 1406 2156 persona,

755 2163 919 2201 infertur,
932 2162 975 2193 de
1000 2171 1071 2203 quo
1097 2171 1162 2193 usu
1181 2172 1214 2192 v.
1230 2161 1277 2193 ad
1291 2159 1404 2202 Gorg.

756 2220 790 2251 p.
808 2207 889 2242 456.
907 2207 952 2239 D.
979 2218 1013 2248 p.
1029 2206 1110 2241 469.
1129 2206 1168 2238 C.
1194 2217 1227 2248 p.
1253 2207 1334 2241 520.
1358 2207 1403 2239 E.

758 2256 874 2287 Prave
922 2254 1029 2294 vulgo
1074 2254 1174 2285 loeus
1215 2254 1402 2286 distinctus

757 2305 834 2333 erat
857 2301 974 2342 posita
997 2304 1079 2331 ante
1093 2300 1241 2340 νομίζειν
1266 2298 1303 2331 δὲ
1326 2301 1402 2342 ple-

757 2348 860 2379 niore
884 2347 1196 2387 interpunctione..

803 2391 842 2424 C.
907 2390 972 2424 εἰς
1013 2388 1259 2434 ὑπηρεσίαν
1297 2389 1402 2422 ἐκεί-

756 2437 878 2479 νοις]
914 2437 971 2470 De
1008 2438 1130 2471 dativo
1165 2438 1261 2470 conf.
1289 2437 1402 2478 Legg.

757 2484 782 2518 Ι.
823 2495 859 2526 p
900 2483 980 2519 633.
1021 2483 1069 2517 C:
1108 2479 1229 2516 αὐτοῖς
1271 2483 1403 2514 ἑαυτῶν

758 2528 988 2572 διακονήσεις.
1017 2530 1133 2563 Parm.
1161 2529 1239 2564 128.
1267 2527 1311 2560 C:
1338 2528 1402 2570 βο-

759 2573 863 2618 ήθεια
901 2577 947 2619 τῷ
981 2574 1402 2620 26791.Alcib.1.p

757 2622 836 2656 116.
878 2624 926 2656 A:
970 2626 1042 2654 τοῖς
1080 2623 1197 2663 φίλοις
1234 2617 1403 2662 βοήθεια

756 2667 867 2710 Legg.
894 2668 918 2701 Ι.
948 2679 982 2711 p.
1014 2669 1106 2704 631.-
1123 2668 1174 2699 D:
1200 2663 1404 2706 προςτάξεις

758 2717 828 2746 τοῖς
861 2715 1021 2749 πολίταις.
1078 2713 1211 2753 Cratyl.
1249 2723 1282 2753 p.
1320 2711 1401 2748 437.
