1612 2872
242 130 321 169 374
683 126 718 163 A
729 121 1130 165 RGUMENTUM

242 236 368 278 modo
399 242 565 290 potest,
596 239 645 275 ut
673 234 824 275 civitas
854 233 978 275 beata
1006 232 1093 273 fiat.
1155 233 1364 275 Nimirum
1396 233 1467 277 isti
1505 238 1568 273 te-

241 306 355 334 mere
384 291 526 345 legum
555 289 742 330 rationes
772 287 1114 342 attemperandas
1138 303 1233 331 esse
1264 297 1439 332 censent
1467 303 1567 334 con-

243 345 462 389 servandis
501 344 629 386 variis
660 359 800 386 rerum
831 344 1098 399 publicarum
1127 344 1295 397 formis,
1325 346 1386 386 ita
1413 353 1462 387 ut
1495 358 1567 388 eae

243 402 432 445 serviant
461 398 695 442 commodis
725 399 1036 454 imperantium,
1067 415 1152 440 non
1180 401 1328 442 virtuti
1358 402 1568 456 opitulen-

243 464 326 498 tur.
395 455 610 507 Quocirca
649 456 808 496 iustum
848 454 1048 496 dictitant
1088 455 1193 496 nihil
1222 456 1338 497 aliud
1367 472 1459 499 esse
1488 454 1569 500 nisi

244 511 477 567 superioris
506 511 800 564 commodum,
829 509 1013 564 ideoque
1043 511 1087 552 in
1118 511 1270 565 quavis
1301 512 1473 554 civitate
1505 529 1569 554 ar-

244 568 458 610 bitrantur
487 581 575 619 eos,
608 567 679 620 qui
701 567 788 608 sint
814 566 1093 620 potentiores,
1124 567 1240 623 leges
1261 567 1371 609 ferre
1401 567 1570 615 debere.

245 623 401 678 quibus
445 622 512 664 vel
550 622 699 677 populi
738 621 804 663 vel
850 622 965 677 regis
1006 622 1072 663 vel
1114 621 1274 664 domini
1312 624 1378 665 vis
1416 630 1459 666 et
1495 640 1570 679 po-

244 678 381 720 tentia
421 683 685 720 sustentetur
726 684 854 731 atque
895 677 1026 719 ceteri
1065 678 1181 719 cives
1221 693 1246 719 a
1284 685 1441 720 conatu
1479 695 1570 721 eam

245 733 467 775 minuendi
504 733 570 774 vel
614 731 835 778 ,evertendi
879 732 1192 775 deterreantur:
1255 736 1572 789 potentissimos

246 790 356 831 enim
394 803 589 843 quosque
633 789 760 831 etiam
811 789 989 842 imperio
1036 789 1215 831 maxime
1260 789 1414 846 dignos
1465 806 1572 833 esse.

245 848 308 887 At
347 845 461 886 enim
499 859 601 886 vero
641 844 769 886 hasce
799 844 996 885 civitates
1025 845 1175 886 merito
1208 845 1349 887 dicere
1376 846 1478 888 licet
1507 862 1572 888 re-

246 915 349 942 vera
378 914 471 942 esse
501 899 663 953 nullas,
696 898 1053 953 quemadmodum
1083 915 1162 941 nec
1192 907 1335 942 rectae
1365 901 1482 958 leges
1511 903 1574 944 vi-

248 955 403 998 dentur
432 970 520 1008 eae,
554 970 663 1010 quae
694 970 780 996 non
811 955 865 996 ob
896 969 1161 996 communem
1181 956 1362 999 civitatis
1394 957 1573 999 salutem

246 1011 415 1066 positae
456 1017 580 1061 sunt,
620 1010 697 1052 sed
746 1009 800 1051 ad
844 1010 1108 1066 singulorum
1157 1012 1421 1066 quorundam
1462 1027 1574 1055 com-

246 1066 375 1108 moda
416 1072 460 1108 et
493 1067 699 1108 utilitates
744 1066 1001 1107 referuntur.
1087 1067 1180 1108 Imo
1235 1068 1333 1109 illae
1381 1069 1574 1110 civitates

246 1123 406 1164 rectius
454 1121 652 1164 dicentur
688 1121 995 1174 factiones,
1046 1123 1167 1164 utin
1199 1124 1354 1177 quibus
1403 1125 1574 1180 singuli,

247 1193 382 1234 prava
423 1177 632 1233 regnandi
671 1177 788 1219 ducti
827 1177 1085 1232 cupiditate,
1125 1179 1215 1220 suis
1253 1186 1420 1221 tantum
1449 1181 1577 1223 rebus

247 1233 504 1285 consulunt,
562 1247 828 1276 communem
875 1233 1063 1275 omnium
1110 1235 1291 1276 salutem
1352 1236 1578 1292 negligunt

256 1289 324 1344 (P.
355 1290 449 1331 712.
481 1289 532 1330 B.
564 1314 617 1319 ——
648 1291 742 1332 715.
774 1288 863 1342 R).

360 1345 506 1398 Atque
545 1345 652 1386 haec
696 1343 866 1399 quidem
896 1344 1091 1399 exposita
1121 1350 1240 1397 sunt,
1284 1352 1333 1385 ut
1362 1345 1486 1386 simul
1514 1346 1578 1386 in-

249 1400 486 1455 telligatur,
518 1401 774 1454 quibusnam
804 1399 969 1441 civibus
988 1399 1031 1440 in
1061 1415 1110 1441 ea
1140 1400 1328 1454 civitate,
1359 1415 1486 1455 quam
1515 1401 1576 1454 tu,

251 1455 419 1508 Clinia,
463 1456 714 1498 conditurus
745 1470 812 1508 es,
863 1455 1140 1519 magistratus
1169 1462 1211 1497 et
1247 1455 1432 1498 honores
1463 1456 1578 1498 defe-

249 1512 370 1553 rendi
408 1511 507 1552 sint.
565 1512 719 1565 Neque
763 1511 875 1552 enim
914 1510 1158 1553 d1vitiarum
1198 1517 1272 1552 aut
1303 1512 1469 1554 roboris
1507 1521 1581 1554 aut

249 1567 470 1622 potentiae
506 1573 581 1608 aut
623 1566 859 1609 nobilitatis
900 1568 1011 1607 ratio
1052 1582 1102 1608 ea
1130 1567 1173 1607 in
1204 1581 1248 1607 re
1279 1566 1475 1608 ducenda
1500 1577 1578 1609 est.

250 1623 344 1664 Imo
383 1629 482 1663 ante
521 1637 669 1664 omnes
707 1622 840 1674 alios,
885 1622 954 1662 cui
994 1622 1176 1677 legum
1218 1636 1348 1662 cura
1386 1628 1438 1663 et
1482 1624 1579 1664 mi-

250 1678 394 1720 niste
408 1678 544 1718 rium
576 1677 806 1730 deferatur,
829 1676 985 1731 dignus
1007 1676 1152 1718 haberi
1173 1677 1300 1718 debet
1321 1677 1405 1727 ille,
1426 1679 1500 1732 qui
1520 1679 1580 1720 le-

250 1734 377 1790 gibus
419 1733 519 1774 latis
560 1758 612 1763 -
656 1733 811 1788 spretis
850 1732 1006 1774 studiis
1047 1748 1188 1773 rerum
1229 1732 1491 1787 privatarum
1533 1759 1578 1764 ——

251 1788 427 1831 obedire
469 1787 669 1830 didicerit
705 1788 1087 1843 pulcerrimamque
1118 1787 1227 1829 hanc
1266 1789 1486 1830 victoriam
1528 1790 1580 1831 de

253 1844 347 1885 aliis
390 1843 586 1885 omnibus
617 1843 916 1899 reportaverit.
980 1843 1086 1885 Post
1115 1843 1228 1884 hunc
1257 1850 1475 1899 sequetur,
1509 1846 1582 1900 qui

252 1900 291 1941 ei
333 1899 414 1940 hac
456 1899 615 1941 virtute
653 1900 699 1940 in
739 1899 910 1941 civitate
949 1899 1168 1954 proximus
1198 1905 1275 1941 est.
1334 1902 1480 1955 Atque
1511 1916 1581 1942 eo-

254 1955 352 1996 dem
382 1969 558 2010 prorsus
587 1954 715 1997 modo
746 1955 872 1996 etiam
903 1953 956 1996 de
986 1955 1038 1997 iis
1067 1954 1347 2008 iudicabitur,
1387 1956 1460 2010 qui
1496 1962 1580 1998 ter-

254 2011 381 2063 tium,
413 2016 628 2065 quartum,
661 2010 853 2065 quintum
875 2010 1015 2051 locum
1038 2011 1290 2065 occupaturi
1308 2011 1406 2052 sint.
1451 2010 1581 2063 Quod

255 2081 359 2108 vero
387 2065 440 2107 de
477 2066 622 2122 legum
666 2066 901 2108 ministerio
941 2066 1073 2107 locuti
1099 2080 1270 2116 sumus3
1303 2081 1411 2120 quos
1451 2067 1581 2123 vulgo

253 2122 518 2176 imperantes
537 2136 755 2174 vocamus,
788 2136 861 2163 eos
893 2121 998 2162 nihil
1027 2121 1143 2163 aliud
1163 2121 1357 2162 volumus
1385 2136 1478 2163 esse
1498 2123 1581 2164 nisi

255 2178 403 2232 legum
441 2177 683 2227 ministros;
723 2191 775 2218 ex
814 2192 900 2230 qua
937 2191 1022 2218 una
1060 2191 1106 2218 re
1145 2177 1330 2218 civitatis
1370 2177 1483 2218 salus
1513 2179 1581 2220 vel

255 2233 437 2273 maxime
467 2232 755 2287 suspenditur.
806 2232 859 2273 In
890 2246 1143 2286 quacunque
1174 2233 1286 2273 enim
1316 2233 1488 2274 civitate
1512 2233 1581 2275 lex

255 2302 341 2328 non
372 2294 440 2329 est
461 2288 669 2343 superior,
699 2302 846 2330 verum
866 2288 1060 2329 subiecta
1077 2287 1266 2343 imperiO,
1290 2288 1329 2329 ei
1347 2288 1582 2331 certissima

254 2343 391 2384 instat
440 2344 587 2394 ruina3
636 2343 681 2384 in
723 2358 808 2397 qua
847 2349 988 2384 autem
1033 2343 1290 2398 imperantes
1330 2349 1430 2385 sunt
1469 2346 1582 2386 servi

254 2398 412 2453 legum,
442 2398 504 2440 ita
533 2407 582 2441 ut
610 2398 679 2440 lex
707 2399 894 2440 omnium
915 2397 1086 2440 domina
1105 2399 1176 2452 sit,
1207 2399 1247 2440 ei
1277 2401 1437 2454 optima
1455 2413 1584 2453 quae-

257 2467 339 2507 que
371 2458 414 2494 et
440 2454 809 2508 praestantissima
837 2455 951 2496 bona
980 2454 1199 2509 obtingere
1228 2454 1457 2510 solent.(p.
1488 2457 1581 2499 715.

257 2508 308 2548 B.
340 2532 392 2538 -—
422 2508 478 2550 D.
508 2510 650 2560 extu).

369 2565 517 2617 Atque
554 2564 620 2606 his
660 2564 882 2620 explicatis
923 2564 1003 2605 iam
1041 2564 1212 2606 tandem
1252 2570 1497 2606 convertere
1537 2579 1582 2606 se

260 2618 395 2659 oratio
443 2624 588 2661 nostra
634 2626 777 2673 potest
825 2619 877 2661 ad
928 2620 1046 2673 ipsos
1092 2621 1290 2671 colonos,
1340 2634 1446 2672 quos
1497 2619 1582 2661 iam
