1612 2872
192 464 225 504 B

260 82 342 123 410
733 87 1100 130 PLATOle

259 198 530 252 σμῳόήσθω,
567 202 958 261 καὶῦέπιδεὸείχθω
1004 204 1052 260 τῇ
1094 206 1172 255 μὲν
1211 203 1403 258 χαλεπὸν
1451 203 1502 247 ὃν
1540 221 1585 247 τυ

258 267 385 307 πόλιν
420 263 606 316 εὔνομον
641 266 894 316 γίγνεσθαι,
935 268 983 326 τῇ
1019 266 1075 316 δ’,
1112 268 1228 322 εἴπερ
1263 273 1430 323 γένοιτο
1468 268 1491 312 ὃ
1526 273 1584 311 λέ-

258 346 399 384 γομεν,
435 330 613 370 πάντων
649 330 853 385 τάχιστόν
888 347 931 373 τε
967 335 1036 375 καὶ
1073 331 1238 390 ῥᾷστον
1274 337 1439 389 μακρῷ.

361 395 460 436 ΚΛ.
528 394 662 446 Πωςς

359 460 455 501 ΑΘ.
525 457 797 514 Πειρώμεθα
833 462 1241 517 πρυςαρμόττοντες
1276 467 1326 525 τῆ
1362 464 1482 508 πόλει
1509 482 1589 515 σοι,

259 523 469 581 καθάπερ
514 527 664 574 παῖδες
708 529 963 596 πρεσβῦται,
1000 528 1206 572 πλάττειν
1242 532 1300 585 τῷ
1336 530 1460 585 λόμρ
1487 531 1590 581 τοὺς

261 587 310 631 νό
349 606 399 632 ου

313 607 683 712 μΚῗ1.”1ωμεν
719 655 770 709 δὴ
808 661 878 700 καὶ
913 656 973 713 μὴ
1007 662 1222 713 μέλλωμεν
1258 665 1332 703 ἔτι.

358 718 469 780 Cap.
505 719 558 764 V.
633 724 726 766 ΑΘ.
797 721 910 766 Θεὸν
953 724 1005 776 δὴ
1049 725 1159 781 πρὸς
1203 727 1283 778 τὴν
1321 729 1394 778 τῆς
1427 729 1590 776 ’πόλεως

259 785 527 838 κατασκευὴν
549 790 885 844 ἐπικαλώμεθαζ
925 788 947 831 ὁ
981 792 1024 832 δὲ
1045 789 1240 834 ἀκούσειέ
1270 808 1314 834 τε
1351 797 1421 834 καὶ
1456 790 1589 834 ἁκού-

258 867 339 902 σας
373 855 493 901 ἵλεως
527 852 707 908 εὐμενής
742 871 784 897 τε
814 853 915 909 ἡμῖν
938 858 1067 899 ἔλθοι
1091 858 1474 911 συνδιακοσμήσων
1510 859 1589 909 τήν

260 934 303 960 τε
341 918 468 960 πόλιν
502 921 574 959 καὶ
611 917 714 969 τοὺς
750 918 924 975 νόμους.

353 1055 494 1090 ¹..‘712
541 1057 592 1144 Bp

262 1113 291 1132 v.
318 1111 397 1133 ann.
421 1103 466 1133 ad
495 1102 546 1134 Vl.
631 1103 696 1137 752
734 1104 776 1135 Ε

351 1145 550 1188 καθάπερ
571 1113 738 1179 putamen
771 1149 1035 1192 πρεσβῦται]
1077 1148 1191 1182 παῖδες
1224 1160 1266 1182 ex
1300 1151 1380 1185 Par
1418 1153 1458 1182 A.

633 1057 681 1098 ιῇ
703 1057 821 1091 πόλει
846 1061 937 1102 σοι]
973 1061 1015 1100 σῇ
1046 1061 1165 1102 Steph.
1199 1062 1240 1092 de
1265 1062 1473 1093 coniectura.
1504 1062 1591 1093 Sed

1500 1151 1589 1182 dedi.

260 1191 376 1223 Ceteri
406 1203 481 1223 eum
513 1193 608 1224 editt.
646 1192 757 1225 παῖδα.
794 1206 824 1225 v.
858 1195 1033 1235 explieatt.
1072 1196 1176 1227 Falso
1207 1201 1348 1227 narrant
1373 1196 1590 1235 Tauria-ense,

260 1238 293 1267 iu
319 1237 400 1268 Par.
429 1239 471 1268 A.
497 1238 564 1277 legi
591 1237 710 1270 παῖδαε
733 1241 979 1271 accusativum.

351 1281 437 1323 Cap.
465 1283 505 1313 V.

556 1284 620 1314 καὶ
646 1279 837 1316 ἀκούσας
864 1285 999 1327 ἵλεως]
1026 1285 1225 1326 Legebatur
1248 1283 1590 1317 15nan01‘oas.1teoto

259 1325 339 1358 l’ar.
367 1328 410 1358 A.
437 1324 598 1364 ἀκούσας,
624 1330 717 1369 quod
741 1331 871 1370 recepit
896 1331 999 1361 etiam
1029 1330 1221 1362 Bekkerus.

350 1371 387 1403 C.
441 1369 547 1403 Οἶοι
573 1371 619 1415 δὴ
647 1385 681 1404 ιι
707 1374 847 1416 λέγεις
870 1374 1129 1417 βουληθείςς
1161 1375 1248 1417 φρ.]
1278 1375 1488 1416 Legebatur:
1517 1370 1591 1405 οἷον

261 1498 473 1534 tamquam
515 1496 735 1528 vaticinio
775 1498 894 1529 edita

260 1543 402 1570 sunto.
460 1540 639 1571 Pertinent
672 1542 758 1573 haee
789 1543 894 1574 verba

261 1593 315 1623 eo,
341 1584 436 1625 quod
460 1584 502 1616 de
527 1595 563 1616 re
595 1586 806 1627 disputatum
830 1592 894 1626 est,

261 1639 350 1668 quae
374 1639 444 1660 non
468 1633 537 1661 tam
564 1635 658 1663 certa
682 1634 754 1663 veri
774 1633 891 1672 cogni-

260 1675 354 1704 tione
389 1678 423 1704 et
455 1675 617 1715 scientia,
650 1686 752 1717 quam
787 1677 892 1708 animi

261 1718 411 1758 quadam
450 1720 652 1752 coniectura
687 1731 727 1753 ac
757 1722 891 1753 divina-

261 1765 356 1794 tione
388 1764 522 1795 nititur.
571 1765 661 1797 Nam
685 1765 894 1808 χρησμῳδεῖν

262 1809 389 1840 dicitur
408 1814 443 1839 ut
459 1810 541 1840 alibi
552 1809 891 1852 uavtetieot‘ffat‚quod

263 1854 355 1894 apud
380 1854 563 1886 Platonem
596 1865 636 1887 eo
668 1867 771 1888 sensu
796 1867 894 1889 usur-

262 1903 365 1940 patur
404 1901 621 1940 saepissime;
659 1912 692 1933 v.
730 1912 810 1934 ann.
850 1903 895 1934 ad

263 1944 397 1975 Phileb.
423 1955 457 1985 p.
482 1944 540 1978 44.
556 1944 596 1976 C.
632 1947 749 1999 Atque
773 1947 894 1978 eodem

261 1990 410 2030 pertinet
441 1991 543 2022 etiam
572 1991 667 2023 istud
697 1983 806 2032 ωἐπερ
821 1993 891 2031 μῦ·

261 2032 332 2065 θός
356 2043 416 2074 us,
441 2036 483 2067 de
508 2046 575 2077 quo
601 2038 818 2069 consuluisse
842 2039 893 2069 iu-

261 2080 357 2112 vabit
379 2090 459 2112 ann.
486 2082 530 2113 ad
549 2082 685 2114 Politic.
706 2093 737 2123 p.
756 2082 836 2116 304.
853 2082 892 2115 C.

305 2125 347 2156 B.
397 2124 506 2163 Πῶε;
527 2125 607 2158 ΑΘ.
631 2126 894 2168 Πειρώμεθα

262 2169 688 2213 προεαρμόττονιες]
714 2173 893 2205 Loeussic

259 2216 757 2256 intelligendus:Quomodo
774 2219 808 2250 is
821 2219 892 2249 tud

260 2260 390 2299 dicis,
415 2263 496 2293 iam
525 2263 773 2295 absolutam
798 2273 891 2295 esse

260 2306 404 2336 harum
449 2316 588 2338 rernm
629 2309 890 2349 disputatio-

259 2350 374 2382 nem?
428 2351 485 2382 Ad
522 2362 612 2393 quae
649 2354 889 2385 Atheniensis:

259 2394 474 2436 Conemur
497 2407 624 2438 nune,
649 2399 735 2430 ista
758 2399 808 2431 ad
837 2400 890 2430 oi—

261 2441 443 2471 vitatem
491 2446 605 2474 tuam
653 2454 889 2475 accommo-

261 2486 432 2530 dantes,
452 2486 568 2527 leges
595 2490 889 2521 oratione-no-

263 2534 355 2562 stra
379 2530 608 2572 effingere.
641 2534 711 2566 Pro
730 2544 784 2565 σοι
801 2532 890 2566 Ste-

262 2576 426 2617 phanus
453 2586 575 2617 parum
608 2581 823 2612 considerate
848 2579 891 2619 σῇ

263 2621 411 2662 scripsit.
462 2620 590 2654 .Dativi
637 2624 686 2657 ita
733 2625 890 2666 usurpati

961 1498 1119 1538 exempla
1164 1499 1249 1529 bene
1295 1498 1403 1530 multa
1452 1497 1591 1536 collegit

960 1544 1115 1575 Astius
1149 1543 1193 1574 ad
1224 1542 1320 1575 Libr.
1347 1542 1375 1572 Ι.
1403 1551 1431 1572 o.
1458 1541 1487 1573 1.
1536 1540 1590 1572 Si-

960 1589 1106 1619 millima
1134 1588 1201 1627 ipsi
1232 1588 1388 1618 dedimus
1421 1587 1465 1617 ad
1493 1585 1588 1617 Libr.

961 1633 1024 1664 VI.
1046 1643 1079 1673 p.
1105 1632 1182 1666 752.
1210 1633 1253 1663 E.
1277 1632 1367 1662 Ibid.
1383 1631 1446 1661 VI.
1462 1641 1494 1671 p.
1510 1631 1587 1665 767,

959 1677 1004 1708 D.
1016 1675 1097 1708 τοὺς
1112 1677 1260 1708 πολίταις
1275 1687 1325 1707 av
1337 1676 1404 1718 τῷ,
1415 1676 1473 1707 ubi
1489 1685 1588 1707 nemo

959 1727 1086 1754 temere
1131 1722 1294 1754 dativum
1341 1722 1588 1753 attrectaverit.

959 1767 1029 1799 Sed
1051 1769 1088 1799 in
1111 1768 1279 1808 proximis
1302 1767 1502 1798 sustulimus
1517 1767 1588 1797 foe-

959 1813 1036 1845 dam
1061 1813 1241 1852 maculam,
1257 1812 1408 1843 orationi
1432 1813 1467 1842 in
1492 1813 1587 1843 editt.

960 1858 1119 1889 omnibus
1153 1859 1366 1898 adspersam.
1420 1855 1590 1888 scribitur

959 1904 1049 1935 enim
1080 1904 1185 1943 vulgo
1220 1904 1308 1934 mira
1342 1902 1588 1934 consensione:

961 1946 1119 1989 καθάπερ
1157 1946 1258 1979 παῖδα
1301 1946 1504 1987 πρεσβῦται,
1537 1948 1588 1979 si-

960 1994 1046 2026 cuti
1065 2004 1241 2034 puerum
1261 2002 1386 2025 senes
1404 1993 1588 2033 fingunt,

958 2040 1020 2071 ita
1051 2040 1172 2080 leges
1203 2042 1355 2070 nostra
1386 2038 1589 2069 oratione

959 2085 1185 2125 fingamus.
1250 2082 1353 2120 Quod
1400 2082 1484 2123 quid
1531 2083 1587 2122 sit,

958 2130 1051 2161 haud
1083 2139 1165 2161 sane
1200 2128 1436 2176 intelligimus.
1495 2126 1586 2165 Quid

959 2176 1049 2207 enim
1085 2165 1259 2215 significat
1294 2173 1405 2204 istud:
1435 2173 1587 2212 finga—

958 2230 1051 2252 mus
1074 2220 1194 2260 leges
1227 2217 1405 2250 civitati
1429 2227 1586 2249 accom-

958 2265 1171 2306 modatas,
1203 2263 1338 2295 sicuti
1368 2272 1491 2294 senes
1517 2272 1586 2303 pu-

958 2320 1090 2342 erum
1124 2308 1367 2349 fingunt?
1414 2307 1585 2339 Nimirum

956 2356 1071 2395 inepte
1107 2365 1249 2395 prorsus
1289 2359 1322 2384 et
1362 2352 1499 2384 inficeto
1537 2353 1586 2384 ita

956 2401 1050 2440 leges
1084 2411 1159 2431 eum
1192 2409 1301 2441 puero
1325 2398 1460 2438 aliquo,
1485 2398 1582 2429 insti-

955 2446 1090 2477 tutione
1114 2450 1147 2476 et
1172 2443 1453 2476 confabulatione
1477 2442 1584 2474 infor-

956 2491 1101 2529 mando,
1132 2494 1424 2530 compararentur.
1473 2487 1584 2519 Aufer

956 2540 1118 2578 protenus
1144 2536 1228 2567 istas
1253 2534 1412 2575 ineptias.
1456 2533 1584 2564 Verum

955 2591 1044 2613 unus
1074 2581 1225 2612 servavit
1252 2579 1330 2612 Par.
1356 2579 1419 2618 A.,
1444 2578 1478 2608 in
1514 2587 1582 2617 quo

955 2625 1156 2659 Bekkero
1190 2629 1223 2657 et
1254 2625 1406 2657 Bastio
1436 2622 1582 2655 testibus
