1612 2872
148 425 187 466 Ξ

222 120 299 161 180
695 113 1079 158 PLATONIS

220 234 294 275 καὶ
329 239 419 280 τοῖς
454 228 540 273 ὑπὸ
580 230 656 271 τοῦ
693 226 832 283 νόμου
867 233 1181 284 πεπεισμένοις,
1225 225 1336 269 ἀλλὰ
1373 226 1550 278 ξυνέπη-

220 305 292 339 tm
329 292 548 350 χαίρουσά
583 310 627 336 τε
661 296 733 337 καὶ
769 296 1017 348 λυπουμένη
1053 302 1144 342 τοῖς
1179 290 1331 341 αὐτοῖς
1365 290 1549 342 τούτοις,

221 361 366 416 οἶςπερ
410 357 433 401 ὁ
480 363 634 414 γέρων,
681 358 851 402 τούτων
886 363 1035 409 ἕνεκα,
1081 357 1134 408 ἃς
1167 356 1285 412 ᾠδὰς
1321 358 1549 411 καλοῦμεν,

225 423 363 474 ὅντως
394 426 473 478 μὲν
509 427 672 478 ἐπῳδαὶ
706 432 802 474 ταῖς
831 432 993 482 ψυχαῖς
1028 418 1161 466 αὗται
1196 425 1276 465 νῦν
1311 429 1548 476 γεγονέναι,

220 488 330 547 πρὸς
371 486 454 541 τὴν
497 488 705 540 τοιαύτην
749 488 806 542 ἣν
839 491 1015 544 λέγομεν
1049 490 1305 547 συμφωνίαν
1339 490 1549 531 ὲσπουδα-
1609 532 1612 534 ,

222 558 386 609 σμέναι,
424 553 494 596 διὰ
534 557 578 596 δὲ
616 553 665 596 τὸ
702 555 899 607 σπουδὴν
932 553 991 610 μὴ
1029 553 1258 597 δύνασθαι
1293 556 1439 611 φέρειν
1469 551 1551 602 τὰς
1603 550 1612 595 Ῐ

224 622 310 662 τῶν
342 623 448 662 νέων
483 618 631 679 ψυχὰς
675 622 845 663 παιδιαί
879 636 923 662 τε
955 623 1027 663 καὶ
1061 619 1171 674 ᾠδαὶ
1206 621 1443 662 καλεῖσθαι
1478 622 1548 660 καὶ

311 793 356 824 D.
410 790 547 831 νόμον
587 793 907 835 πεπεισμένοις]
950 792 1118 825 Eusebius
1149 792 1272 834 Praep.
1306 790 1365 822 Ev.
1398 789 1478 822 XII.
1516 800 1547 831 p.

266 902 306 933 D.
358 903 547 934 καὶτοῖς
577 899 657 934 11πὸ
684 902 760 934 τοῦ
785 901 849 934 νό-

220 957 299 985 μου
326 946 664 989 πεπεισμένοιε]
703 952 744 980 et
774 949 850 987 iis,

221 992 293 1033 qui
318 991 402 1023 sibi
428 1002 448 1023 8
473 994 567 1033 lege
594 993 849 1034 persuaderi

218 1037 339 1077 passi
381 1040 499 1077 sunt,
530 1036 560 1069 11.
595 1048 625 1069 e.
665 1038 735 1078 iis,
777 1037 850 1079 qui

219 1082 307 1122 legi
348 1081 675 1122 obtemperant.
720 1082 848 1114 Euse-

217 1126 318 1158 bius
343 1125 511 1167 scriptum·
534 1125 670 1158 exhibet
702 1126 849 1167 τεθειμέ-

218 1181 302 1207 νοις.
359 1169 430 1202 Sed
464 1170 642 1204 Platonem
675 1172 848 1212 πεπεισμέ-

219 1224 294 1247 νοις
341 1215 521 1256 scripsisse
570 1215 648 1248 ideo
686 1217 849 1249 credibile

218 1265 291 1299 est,
326 1260 402 1301 quia
436 1270 516 1292 mox
551 1262 706 1302 sequitur
731 1259 848 1304 οἶεπερ

218 1301 238 1336 ὅ
261 1303 389 1347 γέρων,
414 1305 512 1358 quasi
540 1315 626 1337 unus
658 1306 709 1338 liic
733 1308 849 1340 senior

215 1349 261 1382 sit
293 1359 335 1382 ex
367 1349 432 1382 illis
465 1346 536 1380 υπὸ
570 1351 631 1382 τοῦ
656 1348 766 1391 ιόμου
790 1362 847 1383 πε-

217 1393 418 1434 πεισμὲνοιε.
465 1394 564 1428 Quae
597 1397 681 1429 scita
706 1401 759 1429 est
786 1396 847 1429 vi-

214 1439 306 1482 geri
330 1439 538 1472 observatio.

259 1526 428 1560 τούιων
466 1527 608 1568 ἕνεκα,
651 1526 702 1561 ἂι·
737 1525 848 1572 ῷδὰε

212 1574 447 1614 καλοῦμεν,
479 1571 617 1606 ὅντως
653 1574 713 1615 -]
748 1574 846 1606 Stru-

211 1623 342 1652 ctorem
377 1618 443 1652 loci
481 1619 563 1651 satis
594 1618 747 1660 impediti
788 1618 845 1651 8111

212 1665 312 1697 aliter
334 1662 498 1706 expedire
524 1663 636 1695 conati
662 1667 751 1696 suut.
777 1663 845 1695 Vi-

213 1718 345 1751 geru·
379 1709 466 1741 enim
500 1707 542 1739 811
577 1708 701 1740 Euseb.
729 1718 762 1750 p.
786 1707 843 1742 57

212 1754 396 1786 infinitivos
429 1754 563 1794 accepit
595 1762 656 1805 pro
693 1753 845 1795 optativo

213 1802 248 1830 et
279 1795 337 1836 ἄν,
351 1798 515 1853 perinde
545 1806 585 1829 ae
617 1798 643 1828 si
675 1798 846 1838 legeretur

212 1838 359 1884 γένοιντ’
395 1840 438 1873 ἅν
462 1846 524 1874 etr.
557 1841 654 1873 cuius
685 1841 845 1882 loquendi

212 1887 354 1919 rationis
385 1886 477 1919 aliud
499 1887 692 1927 exemplum
719 1887 843 1918 frustra

212 1931 445 1973 anquisiveris.
497 1931 596 1963 Idem
638 1932 688 1963 vir
722 1931 844 1963 doctus

210 1977 295 2009 baec
326 1978 447 2008 verba:
484 1974 614 2007 τούτων
638 1995 680 1999 —-
706 1975 843 2016 πράττε-

211 2021 296 2054 σθαι
325 2021 596 2063 interpositionis
622 2022 718 2062 signo
744 2032 762 2053 a
789 2031 843 2053 re-

211 2068 300 2109 liqua
326 2067 482 2099 oratione
507 2066 655 2098 seiunxit
678 2076 718 2097 ac
742 2077 842 2108 sepa—

209 2113 315 2152 ravit3
341 2121 538 2164 perperam,
570 2120 648 2143 nam
674 2121 762 2151 quae
788 2122 843 2143 se-

209 2162 375 2198 quuntur:
402 2154 559 2197 καθάπερ
587 2159 657 2187 τοῖς
679 2167 707 2187 κ.
734 2166 843 2197 usque

209 2201 252 2233 ad
279 2200 474 2257 ἐθίζωνται,
503 2212 544 2234 ea
569 2210 633 2233 11011
659 2202 767 2233 solum
799 2200 840 2233 ad

210 2246 285 2278 illa.
313 2243 363 2278 ἶν’
389 2241 455 2279 οὖν
479 2263 514 2270 -
543 2242 659 2287 οἶεκερ
687 2242 841 2287 ὁγέρων,

208 2289 268 2322 sed
315 2290 357 2323 ad
408 2292 597 2324 universam
639 2292 839 2323 senteutiam

206 2345 318 2376 usque
349 2337 392 2368 811
426 2347 457 2368 v.
492 2333 700 2378 πράττεσθαι
738 2336 840 2378 perti·

205 2385 306 2421 nent,
346 2382 448 2414 sicuti
485 2385 666 2423 perspecte
709 2382 841 2413 monuit

207 2425 467 2458 Boeckbius.
534 2427 584 2457 At
628 2425 715 2458 enim
757 2435 838 2457 vero

205 2469 296 2511 quod
322 2469 375 2502 hic
398 2470 471 2513 ipse
495 2471 628 2511 statuit,
659 2470 839 2502 infinitivus

207 2514 400 2557 γεγονέναι,
441 2515 617 2547 καλεῖσθαι
649 2516 703 2546 καὶ
736 2513 838 2556 πράτ-

204 2559 341 2598 τεσθαι,
388 2570 482 2593 esse
494 2567 574 2602 pro
621 2560 838 2601 imperativis,

204 2600 344 2638 laudato
371 2604 568 2638 Pierson.
601 2604 643 2636 ad
671 2604 780 2637 Moer.
807 2616 838 2647 p.

202 2650 282 2685 242.
317 2654 352 2683 et
385 2648 614 2684 Heindorf.
649 2650 693 2681 ad
718 2649 836 2692 Lysia.

919 913 948 944 p,
983 902 1058 940 21.,

917 991 1046 1024 tentiae
1075 1000 1156 1022 suae
1171 989 1455 1030 subscriptorem,
1482 997 1547 1020 nou

918 1036 1028 1077 magis
1060 1035 1197 1077 probari
1236 1044 1339 1075 posse
1378 1033 1548 1065 existima-

917 1091 1003 1113 mus.
1051 1080 1140 1113 Nam
1167 1083 1204 1111 ut
1219 1078 1447 1110 concedamus
1477 1078 1548 1110 11111-
1601 1116 1604 1118 .

917 1126 1059 1158 nitivum
1096 1125 1195 1157 tertia
1237 1133 1381 1165 persona
1417 1122 1548 1154 numeri

917 1171 1055 1213 pluralis
1081 1171 1125 1201 ita
1153 1169 1306 1209 usurpari
1333 1170 1462 1206 solere,
1496 1172 1547 1198 ta·
1603 1190 1605 1192 -

917 1225 993 1248 men
1040 1214 1093 1247 hic
1139 1213 1273 1254 quidem
1332 1213 1546 1255 imperativo,
1598 1234 1604 1238 -

917 1266 1102 1302 propterea
1134 1268 1203 1290 non
1233 1262 1285 1290 est
1311 1258 1423 1297 locus,
1455 1255 1547 1297 quod

916 1305 1112 1345 neutiquam
1139 1303 1225 1344 legis
1249 1303 1387 1335 alicuius
1402 1302 1547 1335 formula
1607 1305 1612 1312 ¹

917 1349 1178 1392 praescribitur,
1218 1357 1305 1388 quae
1345 1349 1378 1378 in
1410 1346 1547 1379 civitate

917 1393 1090 1427 observari
1122 1393 1256 1425 debeat.
1313 1391 1428 1433 ltaque
1458 1390 1545 1423 diffi-

915 1441 1075 1472 cultatem
1125 1438 1190 1470 alio
1243 1436 1346 1469 modo
1394 1435 1547 1477 expediri

915 1488 1076 1525 oportere
1101 1486 1253 1524 opertum
1279 1491 1357 1514 esse
1374 1484 1545 1522 putamus.

915 1528 987 1562 Nec
1016 1537 1117 1567 vero,
1151 1526 1232 1568 quid
1265 1525 1455 1558 faciendum
1487 1525 1544 1563 sit,

913 1573 1049 1606 dubium
1076 1572 1220 1604 videtur.
1270 1571 1382 1605 Quum
1400 1569 1487 1602 enim
1512 1569 1545 1602 in

912 1617 1143 1660 superioribus
1200 1615 1380 1649 antecedat
1426 1614 1546 1652 Δοκεῖ,

911 1662 953 1695 811
981 1661 1066 1694 banc
1088 1662 1228 1694 alteram
1248 1659 1441 1692 sententiae
1465 1669 1542 1701 par-

914 1710 1005 1746 tem,
1056 1715 1131 1738 cum
1179 1705 1390 1747 antegressis
1427 1705 1545 1745 utique

914 1752 1039 1784 arctius
1079 1751 1228 1783 iunctam
1270 1754 1372 1790 atque
1406 1749 1544 1791 colliga·

914 1801 1002 1834 tam,
1045 1796 1075 1828 111
1115 1799 1251 1837 promtu
1290 1798 1343 1826 est
1379 1791 1545 1825 δοκοῦσιν

914 1841 1124 1882 intelliget-u
1161 1839 1192 1871 111
1224 1839 1316 1881 quod
1350 1839 1542 1879 neutiquam

914 1886 956 1917 ab
980 1896 1044 1917 usu
1069 1884 1227 1925 loquendi
1253 1883 1424 1916 abhorret.
1458 1883 1542 1916 Nam

913 1941 1052 1972 prorsus
1077 1929 1194 1962 eadem
1223 1929 1354 1961 ratione
1386 1938 1427 1960 ex
1452 1927 1544 1960 δοκει

911 1976 1182 2018 impersonaliter
1195 1974 1306 2015 posito
1319 1973 1440 2005 deinde
1454 1973 1543 2006 idem

911 2021 1050 2052 verbum
1088 2019 1312 2061 personaliter
1348 2018 1542 2058 intelligen-

911 2065 989 2097 dum
1015 2065 1211 2105 relinquitur
1244 2063 1291 2094 his
1319 2064 1419 2095 locis:
1451 2065 1540 2103 Apo-

910 2112 977 2151 log.
1006 2110 1105 2141 Socr.
1154 2108 1242 2141 ..25
1264 2109 1312 2139 A:
1339 2102 1361 2148 ἧ
1387 2107 1440 2138 καὶ
1466 2108 1540 2149 περὶ

909 2155 1036 2187 ἵππους
1060 2151 1151 2185 οὕτω
1175 2163 1229 2184 σοι
1259 2152 1357 2184 δοκεῖ
1378 2152 1483 2192 Extant,-
1508 2164 1540 2184 οι

908 2199 967 2240 μὲν
999 2199 1155 2240 βελτίους
1195 2199 1376 2230 ποιοῦντες
1412 2194 1541 2230 αυτοὺς

910 2243 1031 2277 πάντες
1062 2242 1244 2284 ἅνθρωποι
1276 2238 1377 2281 εἶναι,
1415 2239 1464 2274 εἷς
1503 2241 1540 2274 δέ

909 2299 957 2322 τις
983 2287 1002 2321 ὁ
1020 2288 1247 2332 διαφθείρωνς
1271 2287 1389 2331 Lysid.
1405 2297 1436 2329 p.
1459 2287 1536 2322 212.

909 2336 948 2367 1).
968 2335 1071 2376 Hipp.
1089 2335 1169 2367 min.
1188 2345 1219 2374 p.
1234 2333 1310 2367 372.
1329 2333 1374 2365 D.
1406 2332 1538 2366 Quam-

907 2380 1023 2413 obrem
1051 2381 1162 2412 locum
1190 2379 1239 2410 sic
1257 2378 1536 2420 interpretamur:

905 2428 1142 2467 propterea
1191 2433 1298 2464 quae
1345 2422 1538 2482 solemus

907 2479 1066 2502 vocare
1120 2468 1331 2506 carmina,
1387 2477 1536 2499 revera

905 2513 1074 2557 quidem
1101 2512 1429 2546 incantationes
1455 2511 1537 2544 ani·

905 2569 1056 2593 morum
1091 2569 1206 2591 nune
1238 2556 1445 2589 videntur
1468 2565 1536 2588 ex-

905 2604 1076 2640 titisse,
1113 2604 1160 2637 ad
1193 2604 1342 2640 talem,
1369 2601 1535 2642 qualem

905 2649 1105 2689 dicimus,
1148 2650 1406 2681 concentum
1439 2645 1535 2678 essi·

1088 899 1122 932 id
1158 909 1220 932 nos
1251 898 1409 941 quidem,
1442 908 1547 940 quan·
1604 907 1606 911 ·

918 948 1043 979 tumvis
1069 949 1188 978 nactus
1205 945 1248 977 sit
1275 944 1443 976 Astium
1469 953 1548 976 sen·
1609 988 1612 992 1
