1612 2872
441 97 524 140 DE
554 95 830 140 LEGIBUS
862 105 943 138 etc.
1298 93 1378 135 (JV

30 228 111 256 nec
138 212 204 255 Le
237 227 308 254 um
339 212 549 254 rationem
594 218 640 253 et
668 226 767 253 cum
794 209 916 252 libris
947 206 1001 250 de
1032 206 1276 264 Republica
1306 221 1378 247 ne-

31 227 338 314 cessituffinem
393 268 642 325 prudenter¹
689 273 978 321 accurateque
1040 263 1377 307 aestimaverint.

30 327 206 371 Etenim
256 324 375 381 quod
413 326 674 368 Zellerus
719 323 845 369 Stud.
886 323 1017 364 Platt.
1056 337 1098 378 p.
1138 323 1190 364 37
1231 336 1295 376 sq.
1336 326 1382 363 et

30 385 186 427 iterum
225 383 394 426 Histor.
433 383 597 425 Philos.
640 382 718 424 Gr.
759 382 859 424 Vol.
904 380 965 422 II.
1005 395 1049 436 p.
1080 382 1176 421 318.
1208 389 1252 421 et
1282 379 1380 420 325.

31 440 274 494 contendit,
313 441 484 497 Legum
525 445 747 482 auctorem
786 439 1005 481 civitatem
1043 451 1165 479 suam
1212 451 1266 478 ex
1288 451 1380 478 mo-

32 498 210 541 narchia
239 506 284 539 et
314 497 579 540 democratia
609 496 654 538 in
682 511 817 538 unum
848 494 1040 537 conflata
1069 499 1271 536 constare
1302 508 1380 534 vo-

32 556 182 608 luisse,
212 554 374 597 iudicio
404 569 485 596 suo
503 553 679 596 omnino
698 553 836 595 falsus
867 559 945 596 est.
1004 551 1118 593 Nam
1140 551 1262 593 hibr.
1294 549 1382 592 III.

65 645 75 655 .
107 614 202 656 693.
243 611 286 653 D
325 625 391 666 sq.
422 617 466 652 et
493 626 534 667 p.
568 612 664 652 701.
693 610 746 652 E.
777 609 834 651 ad
864 624 991 664 quem
1022 608 1165 650 locum
1197 622 1278 650 nos
1309 608 1383 650 ab·

31 629 165 726 legat,
196 684 242 710 re
263 668 507 710 accuratius
537 667 828 722 considerata,
860 666 945 708 alia
965 665 1110 707 omnia
1130 665 1276 707 doceri
1308 680 1384 721 ap-

32 726 216 783 parebit.
284 724 460 782 Quippe
490 725 550 767 ibi
590 725 673 767 hoc
701 731 870 766 tantum
897 722 1175 775 ostenditur,
1218 730 1268 764 ut
1297 723 1385 763 iam

33 799 164 840 supra
193 782 557 839 significavimus,
596 782 823 837 primarias
859 786 1015 823 natura
1053 794 1133 822 sua
1162 795 1387 835 rerumpu-

34 841 245 884 blicarum
290 840 450 882 formas
487 851 532 881 et
567 840 830 894 reliquarum
877 838 1003 893 quasi
1043 845 1246 894 parentes
1289 851 1384 879 esse

33 897 328 940 monarchiam
360 903 405 939 et
435 896 768 951 democratiam,
813 895 1029 952 planeque
1059 910 1154 937 esse
1183 909 1385 936 necessa-

34 954 170 1008 rium,
210 961 260 996 nt
296 954 476 1008 civitas,
517 969 628 1009 quae
667 954 868 996 libertate
909 959 952 994 et
991 951 1225 994 concordia
1256 967 1387 993 usura

36 1013 116 1066 sit,
175 1011 362 1068 sapienti
413 1018 754 1066 temperamento
813 1010 1034 1063 adhibito,
1096 1024 1150 1051 ex
1202 1021 1386 1064 utraque

36 1068 203 1124 aliquid
233 1075 425 1111 assumat
454 1075 498 1110 et
527 1068 753 1124 suscipiat.
823 1067 1039 1110 Nimirum
1077 1066 1170 1108 vult
1196 1066 1388 1123 philoso-

37 1126 150 1184 phus
181 1127 444 1182 imperantes
477 1132 608 1180 atque
637 1133 805 1168 ceteros
835 1125 978 1178 cives,
1025 1124 1208 1166 sublatis
1249 1124 1387 1166 utrin-

38 1198 124 1240 que
179 1183 367 1240 partium
423 1183 581 1225 studiis
630 1190 672 1225 et
718 1182 841 1225 malis
891 1180 1230 1238 cupiditatibus,
1277 1182 1390 1222 inter

38 1242 157 1297 ipsos
186 1240 446 1294 consentire,
479 1240 680 1295 quoniam
723 1240 876 1282 civitas
901 1239 984 1281 hac
1015 1245 1183 1280 tantum
1215 1238 1312 1296 lege
1344 1245 1390 1280 et

41 1297 292 1340 conditione
325 1297 474 1351 libera,
507 1312 690 1340 concors
721 1312 770 1339 ac
798 1297 972 1352 sapiens
1005 1296 1062 1337 sit
1099 1297 1257 1338 futura.
1318 1296 1388 1338 Ex

41 1370 127 1411 quo
156 1361 353 1411 apertum
385 1362 471 1408 est,
503 1362 700 1396 neutram
730 1354 907 1410 probari
935 1353 1213 1409 simpliciter,
1247 1368 1390 1409 neque

36 1410 344 1469 philosophum
364 1411 573 1466 indicare,
605 1412 786 1453 formam
809 1411 1000 1454 civitatis
1032 1426 1136 1453 suae
1158 1426 1251 1452 eam
1279 1411 1387 1464 fore,

40 1475 90 1511 ut
126 1469 408 1525 magistratus
461 1469 548 1512 sint
598 1484 750 1525 regum
797 1468 956 1522 instar,
1007 1468 1196 1525 populus
1243 1475 1389 1510 autem

40 1526 201 1568 maiore
232 1525 418 1581 quadam
447 1533 595 1568 utatur
625 1526 850 1579 libertate,
893 1541 979 1582 qua
1007 1525 1166 1582 regalis
1196 1532 1391 1581 potestas

40 1585 306 1626 coerceatur.
376 1583 475 1625 Hoc
514 1585 629 1626 enim
658 1583 787 1640 longe
827 1598 953 1626 secus
984 1597 1107 1637 esse,
1153 1581 1388 1638 postmodo

42 1640 320 1697 intelligetur.
390 1639 665 1695 Quamquam
701 1639 809 1682 illud
846 1640 990 1697 ipsum
1030 1640 1237 1682 Platonis
1279 1639 1392 1682 iudi-

43 1698 157 1741 cium
195 1698 335 1754 carpit
381 1698 684 1740 Aristotel.
732 1697 860 1740 Polit.
899 1698 961 1739 11.
1002 1698 1041 1739 3.
1079 1713 1120 1753 p.
1171 1698 1292 1741 1266.
1335 1700 1390 1739 A.

44 1761 89 1798 ἐν
119 1759 166 1797 os
196 1765 292 1805 τοῖς
320 1755 478 1808 Υνόμως
515 1756 682 1808 εἴρηται
726 1756 917 1810 τούτοις,
951 1754 1009 1805 ὠς
1056 1759 1160 1797 ὸὲυν
1224 1763 1390 1809 συγκεῖ-

46 1814 159 1854 σθαι
199 1811 279 1863 τὴν
315 1811 500 1868 ἀρίστην
537 1815 761 1855 πολιτείαν
791 1817 838 1855 ἐκ
879 1816 1183 1868 δημοκρατίας
1220 1817 1293 1854 καὶ.
1323 1829 1392 1854 τυ-

46 1871 270 1923 ραννίδος,
299 1864 408 1920 ἇςῆ
438 1869 489 1911 τὸ
521 1869 730 1923 παράπαν
759 1873 841 1912 οὐκ
869 1868 925 1911 ἄν
944 1887 1012 1919 τις
1041 1872 1148 1921 θείη
1172 1871 1395 1918 πολιτείας

48 1923 78 1978 τ’)
100 1919 335 1981 χέιρίστας.
401 1925 456 1967 In
486 1940 574 1980 quo
605 1925 816 1983 Stagirita
843 1925 1036 1982 iniquius
1066 1926 1234 1968 taxavit
1258 1925 1394 1982 magi-

47 1989 200 2035 strum,
240 1981 401 2038 quippe
447 1997 579 2037 quum
618 1998 704 2024 non
742 1983 1115 2036 animadverterit,
1168 1983 1395 2025 Platonem

48 2055 129 2083 nec
159 2039 213 2081 de
241 2038 491 2081 monarchia
519 2046 563 2081 et
592 2038 877 2093 democratia,
910 2040 1049 2095 qualis
1084 2040 1214 2096 vulgo
1245 2055 1395 2082 revera

51 2111 147 2140 esse
185 2096 320 2150 solet,
364 2095 440 2138 sed
472 2095 526 2138 de
557 2112 674 2150 vera,
705 2097 897 2153 genuina
925 2103 968 2138 et
997 2098 1247 2154 incorrupta
1277 2098 1395 2155 cogi-

51 2155 236 2204 tavisse,
284 2168 366 2195 nec
406 2153 657 2196 alterutram
693 2154 754 2195 ita
794 2154 1070 2209 probavisse,
1116 2161 1166 2196 ut
1217 2155 1395 2197 alteram

53 2211 146 2254 sine
183 2210 318 2252 altera
355 2220 566 2266 protenus
616 2210 878 2253 laudabilem
927 2210 1110 2254 duxerit.
1181 2211 1237 2254 Id
1278 2213 1393 2254 enim

53 2268 292 2311 clarissime
329 2282 384 2309 ex
421 2268 565 2311 verbis
595 2268 965 2322 consequentibus
996 2275 1205 2325 apparet,
1237 2270 1395 2326 quibus

55 2325 259 2378 docetur,
317 2332 531 2380 quatenns
593 2333 678 2367 tam
732 2326 961 2367 Persarum
1019 2341 1201 2383 regnum
1265 2342 1397 2383 quam

55 2382 190 2424 libera
230 2380 563 2425 Atheniensium
607 2382 855 2438 respublica
878 2398 926 2436 ⁴a
963 2398 1066 2425 vera
1114 2390 1245 2438 atque
1300 2400 1396 2442 ger-

54 2456 182 2482 mana
221 2439 466 2495 monarchia
506 2446 550 2482 et
588 2439 878 2481 democratiae
909 2440 1067 2482 virtute
1106 2439 1398 2499 degenerave-

58 2497 144 2539 rint
173 2503 216 2539 et
244 2497 288 2539 in
308 2497 430 2553 peius
452 2497 629 2539 ruerint.
690 2496 822 2550 Quod
847 2512 952 2539 vero
982 2497 1237 2541 Zellerus
1269 2499 1398 2541 etiam

58 2553 188 2596 alium
230 2552 370 2596 locum
413 2554 534 2596 Libr.
574 2554 738 2610 VI.·p.
789 2555 883 2596 756.
922 2554 975 2596 E.
1021 2570 1101 2611 pro
1148 2556 1398 2599 testimonio

59 2610 301 2654 sententiae
338 2625 441 2653 suae
471 2610 617 2665 affert,
658 2611 803 2668 agitur
831 2611 892 2654 ibi
921 2627 1011 2654 non
1042 2611 1095 2654 de
1126 2614 1263 2656 totius
1293 2613 1399 2656 civi-

59 2668 162 2710 tatis
202 2668 362 2719 forma,
401 2667 476 2711 sed
517 2668 570 2710 de
602 2668 820 2712 creatione
851 2670 1208 2726 magistratuum,
1241 2671 1285 2712 in
1315 2685 1400 2725 qua
