1612 2872
207 99 288 141 ms:
323 95 602 140 nucleus
633 95 754 139 ΜΒ.
784 72 865 139 Ν.
899 93 947 137 Ρ.
980 94 1074 136 718.
1109 91 1174 135 st,
1319 92 1404 134 445

54 220 296 273 κρείττονες
344 215 469 271 ἡμῶν
519 215 830 270 κομιζοίμεθα,
860 218 921 255 ..ἐν
979 215 1147 256 ἐλπίσιν
1203 212 1413 267 ἀγαθαῖς

58 284 284 339 διάγοντες
308 280 359 326 τὸ
388 286 597 326 πλεῖστον
631 283 713 324 τοῦ
748 281 864 335 βίου.
893 277 946 322 Ἃ
981 282 1027 322 δὲ
1049 277 1169 334 πρὸς
1204 279 1413 335 ἐκγόνους

22 341 25 343 Α
56 355 128 395 καὶ
161 352 377 407 ξυγγενεῖς
416 352 490 392 καὶ
531 351 688 408 φίλους
723 350 794 390 καὶ
831 349 1037 398 πολίτας.
1073 345 1156 390 ὅσα
1188 363 1234 391 τε
1267 346 1411 399 ξενικὰ

57 417 168 476 πρὸς
203 419 328 461 θεῶν
362 415 688 471 θεραπεύματα
723 417 796 458 καὶ
829 412 1005 470 ὁμιλίας
1024 414 1294 469 ξυμπάντων
1313 414 1418 457 τού-

58 503 143 529 των
180 484 491 529 ἀποτελοῦντα
519 481 599 526 τὸν
620 481 763 526 αὑτοῦ
781 484 881 536 βίον
909 479 1277 539 φαιδρυνάμενον
1300 479 1414 525 κατὰ

58 552 200 609 νόμον
235 559 414 607 κοσμεῖν
450 552 526 599 δεῖ,
560 551 649 592 τῶν
688 548 837 604 νόμων
872 547 1023 592 αὐτῶν
1058 548 1085 601 ὴ
1122 551 1329 602 διέξοδος,
1361 549 1415 592 τὰ

55 622 135 675 μὲν
169 622 410 669 πείθουσα,
431 615 487 681 ro}
524 619 570 660 δὲ
603 615 664 671 μὴ
699 614 939 660 ὑπείκοντα
974 618 1255 661 πειθοῖτῶν
1282 616 1418 670 ἠθῶν

54 690 133 743 βίᾳ
179 691 252 731 καὶ
287 689 383 746 δίκῃ
419 684 692 738 κολάζουσα,
729 685 810 736 τὴν
858 683 989 726 πόλιν
1031 682 1138 739 ἡμῖν
1171 684 1416 740 ξυμβουλη-

14 2060 18 2099 ἶ
66 2060 259 2103 pungenda
302 2059 453 2091 videtur.

148 828 191 862 P.
217 827 297 862 718.
343 825 539 869 δαπάνης
569 827 630 869 τε]
662 837 696 859 τε
726 827 827 860 abest
854 835 877 859 a
899 823 998 858 Stob.
1025 824 1136 858 Serm.
1162 815 1354 858 LXXVII.
1379 836 1415 868 p.

57 874 137 909 457.
168 879 271 907 recte.
298 883 329 905 v.
344 875 503 929 explico.

152 917 270 952 ταῦτ’
305 915 382 951 οὖν
415 917 668 961 ποιοῦντες]
701 914 799 949 ταῦτ’
832 928 876 949 αν
907 927 940 949 π.
978 916 1022 949 A.
1061 914 1099 949 Ω.
1134 917 1168 949 h.
1200 927 1228 949 r.
1260 927 1294 950 x.
1321 918 1416 960 quod

59 967 173 999 edidit
198 966 349 998 Bekker.
375 971 409 998 et
434 965 639 999 Schneider.
688 965 820 996 Verum
851 964 1087 1005 suspicionem
1118 964 1250 996 erroris
1285 970 1417 1004 movet,

60 1013 157 1056 quod
188 1013 332 1045 Bastius
365 1013 409 1044 de
442 1015 486 1045 A.
522 1017 557 1044 et
593 1009 633 1044 Ω.
664 1011 754 1042 nihil
787 1010 955 1052 prodidit.

1015 1010 1134 1052 ltaque
1165 1011 1220 1042 vel
1251 1010 1343 1043 hanc
1373 1011 1417 1044 ab

60 1069 218 1092 caussam
243 1053 309 1090 οὖν
334 1059 487 1091 retinere
511 1059 622 1091 satius
648 1058 823 1089 duximus.

61 1181 296 1225 κεκμηκότων,
321 1182 442 1226 ἐρημίᾳ
472 1181 559 1216 δοὺς
597 1182 706 1216 αὐτὸς

62 1227 164 1264 ὤλεθ’
189 1227 347 1272 ὕστερον.
390 1230 443 1263 lta
467 1230 536 1262 iam
552 1230 704 1263 Home-

66 1288 142 1310 rus
167 1276 295 1318 Odyss.
318 1274 355 1308 λ’.
386 1287 420 1308 v.
445 1275 524 1311 475.
551 1281 586 1308 et
609 1274 645 1314 ω’,
672 1287 704 1307 v.

2 1367 4 1369 ‚
63 1324 120 1359 14.
145 1321 270 1354 εἴδωλα
294 1319 486 1362 καμόντων.

108 1369 164 1412 τῷ
190 1367 234 1401 δὲ
265 1366 315 1410 μὴ
349 1369 636 1411 παραλείπειν
663 1385 706 1392 -

63 1415 273 1457 νέμοντα]
306 1424 375 1455 eo,
406 1415 519 1456 quod
544 1424 630 1446 non
652 1416 708 1446 in-

63 1462 291 1495 termittat
334 1470 571 1502 perennem
615 1461 708 1492 red·

7 1537 10 1539 Α
64 1509 168 1541 dere
230 1516 375 1539 eorum
435 1508 709 1546 memoriam,

65 1555 148 1587 hoc
183 1563 268 1585 uno
305 1553 494 1585 maxime
531 1563 604 1585 eos
643 1553 709 1584 fas

66 1605 134 1633 est
164 1609 334 1640 semper
371 1600 542 1638 colere,
574 1599 710 1631 modi-

65 1657 153 1679 cam
175 1649 344 1677 sumtus
369 1655 391 1677 a
414 1645 597 1676 fortuna
615 1645 710 1676 dati

63 1697 229 1734 purtem
273 1691 507 1723 defunctis
552 1691 709 1732 imper-

64 1740 257 1771 tientem.
294 1736 332 1769 Ιιι
356 1736 413 1769 his
425 1737 536 1780 τούτῳ
561 1742 708 1778 apparet

65 1785 116 1817 ita
141 1783 390 1824 interpositum
421 1793 516 1823 esse,
541 1787 580 1814 ut
609 1788 708 1815 ante-

66 1839 224 1872 gressum
255 1828 302 1871 τῷ
334 1827 372 1861 δὲ
393 1832 559 1872 tanquam
590 1829 709 1860 denuo

7 1888 9 1890 ·
65 1877 271 1909 inculcetur.
322 1874 458 1907 Vocula
482 1886 517 1906 τε
544 1880 626 1915 post
651 1873 710 1906 ὀα-

0 1926 13 1968 (
65 1920 194 1965 πάνης,
229 1930 334 1963 quam
372 1931 437 1952 nec
473 1921 580 1953 habet
614 1919 711 1953 Sto-

67 1970 209 2001 baeus
233 1968 346 2000 serm.
369 1966 557 1998 CXXVII.
580 1977 614 2008 p.
629 1967 710 2001 457.

68 2016 102 2047 A
112 2015 202 2047 stio
226 2014 359 2055 pariter
388 2017 494 2055 atque
521 2013 626 2045 nobis
650 2023 712 2045 ex·

525 2059 561 2091 Δ
569 2069 592 2090 α
603 2069 626 2090 π
634 2058 656 2091 ά
664 2071 684 2090 ν
691 2070 712 2100 η

65 2107 278 2148 intelligitur
292 2106 452 2147 pecunia,
470 2105 563 2137 unde
578 2110 713 2138 sumtus

66 2153 144 2185 fieri
171 2152 320 2194 possint.
378 2152 559 2192 »Alioquin
589 2148 714 2183 οὐσίας

15 2223 17 2225 -
68 2198 254 2235 dicendum
274 2197 354 2229 fuit.
377 2197 434 2229 De
459 2198 713 2230 anniversariis

18 2255 22 2281 ζ
67 2243 311 2287 parentalibus
341 2254 374 2275 v.
401 2242 659 2276 Grammaticos
684 2254 712 2276 s.

15 2324 21 2330 „
68 2301 103 2322 v,
129 2289 270 2322 Γενέσια
294 2294 329 2321 et
353 2299 444 2331 quae
468 2290 563 2322 infra
585 2291 631 2323 ad
649 2290 713 2322 Li-

69 2337 126 2368 bri
155 2337 204 2369 X.
236 2336 447 2377 principium
479 2341 713 2378 exponentur.

121 2382 159 2414 P.
186 2381 264 2416 718.
312 2378 388 2423 τὴν
428 2378 551 2421 ἀξίαν
589 2379 639 2414 ἄν
672 2401 711 2405 -

24 2427 37 2474 ’μ
71 2426 388 2469 κομιζοίμεθα]
409 2428 585 2469 dignam
609 2438 714 2461 mer-

71 2474 207 2507 cedem
224 2473 493 2515 auferemus,
509 2484 537 2506 s.
553 2475 715 2507 meritum

71 2521 278 2562 praemium.

112 2562 151 2597 “A
182 2565 228 2597 δὲ
257 2562 367 2608 πρὸς
396 2563 615 2607 ἐκγόνους
645 2567 716 2598 καὶ

75 2610 302 2654 ξυγγενεῖς
328 2611 396 2653 ——]
428 2611 633 2653 impeditam
655 2622 717 2653 pe-

73 2658 166 2690 riodi
197 2662 409 2690 structuram
439 2658 596 2690 Astius
631 2668 715 2690 eno-

74 2703 172 2736 davit
195 2705 265 2736 sict
290 2701 311 2735 ἃ
337 2701 375 2734 δὲ
400 2702 441 2745 (ἰ.
459 2713 489 2735 e.
503 2701 589 2736 κατὰ
612 2704 717 2736 ταῦτα

774 1181 811 1214 δὲ
835 1180 873 1220 ἃ,
910 1183 1026 1223 quod
1058 1192 1160 1214 vero
1195 1183 1248 1214 ad
1284 1192 1334 1215 ea
1360 1189 1418 1215 at-

773 1230 902 1268 tinet,
918 1239 1030 1270 quae
1047 1230 1129 1269 etc.)
1144 1226 1234 1270 πρὸς
1247 1226 1419 1271 ἐκγόνους

776 1293 816 1298 -
844 1271 1079 1306 ἀποτελοῦντα
1100 1272 1160 1306 τὸν
1183 1273 1314 1307 ἑαυτοῦ
1336 1274 1419 1316 βίον

775 1325 915 1360 κοσμεῖν
950 1319 1005 1352 δεῖ
1023 1321 1154 1363 (quae
1184 1331 1293 1363 erga
1315 1321 1419 1357 libe·

774 1377 850 1400 ros
884 1385 925 1392 -
957 1367 1164 1400 faciendo
1196 1378 1226 1400 s.
1257 1367 1420 1400 liberis

774 1414 1044 1456 praestando
1080 1424 1202 1446 suam
1227 1414 1332 1458 ¹ipse
1362 1415 1420 1446 vi-

775 1465 860 1492 tam
898 1460 1034 1492 hilari
1077 1461 1222 1492 animo
1259 1470 1421 1493 ornare

777 1505 928 1548 debet)
962 1507 1029 1538 τιῦν
1059 1503 1178 1546 νόμων
1208 1503 1229 1548 ἦ
1261 1504 1422 1547 διέξοδος

777 1550 816 1584 τὰ
841 1551 901 1591 μὲν
925 1553 1132 1594 (partim)
1157 1552 1352 1591 πείθουσα,
1383 1551 1422 1585 τὰ

777 1597 815 1630 δὲ
839 1596 1034 1640 κολάζουσα
1059 1596 1120 1640 τὴν
1138 1596 1237 1630 πόλιν
1253 1600 1423 1641 μακαρίαν

775 1641 948 1677 ἆποτελεῖε
982 1646 1030 1677 de
1064 1646 1144 1685 iis,
1175 1655 1282 1687 quae
1313 1646 1422 1678 libe-

777 1692 860 1731 ris,
885 1692 1064 1723 civibus
1094 1696 1135 1723 et
1160 1691 1422 1733 hospitibus

773 1742 1070 1779 praestantes
1148 1738 1282 1770 vitam
1353 1748 1422 1771 no·

777 1788 913 1817 stram
978 1793 1142 1816 ornare
1200 1784 1422 1824 debemus,

777 1830 899 1871 leges
941 1829 1051 1862 haec
1089 1831 1424 1863 constituentes

779 1876 1425 1909 civitatemreddentbeatam.

783 1922 876 1953 idem
907 1922 962 1952 vir
992 1922 1116 1954 doctus
1150 1926 1283 1963 censet,
1315 1923 1428 1955 verba

783 1964 873 2009 πρὸς
896 1966 993 1999 θεῶν
1013 1972 1094 2009 post
1110 1965 1228 2008 ξενικὰ
1248 1969 1427 2001 inculcata

779 2014 981 2054 importuno
1028 2014 1233 2055 glossemati
1281 2019 1428 2057 accepta

780 2060 918 2092 referri.
958 2059 1000 2091 In
1029 2070 1099 2101 quo
1123 2061 1167 2092 ab
1193 2070 1236 2092 eo
1261 2061 1425 2094 dissenti-

780 2116 868 2138 mus.
906 2105 998 2138 Nam
1017 2104 1107 2147 πρὸς
1127 2105 1227 2138 θεῶν
1249 2106 1424 2150 θεραπεύ-

780 2162 867 2191 ματα
878 2152 1160 2194 intelliguntura
1184 2153 1270 2186 diis
1295 2154 1425 2187 nobis

779 2199 1020 2240 imperata,
1061 2199 1284 2233 divinitus
1322 2210 1424 2232 cou-

780 2245 958 2284 stituta‚
988 2255 1057 2286 quo
1095 2246 1266 2278 sanctitas
1303 2252 1425 2279 eorum

780 2291 1012 2332 significatur.
1066 2290 1123 2323 De
1162 2293 1426 2325 constructione

780 2347 814 2367 v.
838 2337 885 2368 ad
899 2336 1082 2369 Phaedon.
1133 2337 1223 2372 ,99.
1239 2338 1283 2370 Β.
1320 2339 1424 2371 Adde

782 2383 887 2415 etiam
909 2382 1020 2424 Legg.
1046 2383 1104 2416 ΙΙΙ.
1117 2394 1150 2426 p.
1165 2383 1244 2419 698.
1261 2386 1309 2417 A.
1335 2385 1423 2417 XII.

782 2440 816 2471 p
831 2428 913 2463 957.
938 2428 978 2461 C.
1003 2433 1038 2461 et
1061 2428 1147 2473 Sop
1154 2430 1268 2463 hoel.
1294 2431 1425 2462 Electr.

782 2473 868 2509 549:
893 2472 1007 2507 πειθώ
1033 2477 1145 2509 κακοῦ
1168 2474 1278 2530 πρὸς
1287 2473 1427 2517 αἰδρός,

783 2521 936 2563 Propter
963 2523 1077 2564 ipsum
1114 2518 1182 2556 hoc
1213 2519 1305 2565 πρὸς
1329 2521 1428 2554 θεοῖν

783 2571 900 2600 autem
941 2568 1104 2601 licentius
1148 2570 1278 2601 dicitur
1314 2567 1430 2608 ξενικὰ

782 2623 848 2655 pro
875 2611 967 2656 πρὸς
989 2613 1130 2655 ξένους,
1155 2619 1193 2646 ut
1221 2615 1259 2646 V.
1286 2624 1320 2656 p.
1348 2614 1427 2653 730.

784 2660 836 2692 A:
853 2659 997 2701 ξενικῶν
1011 2657 1268 2703 ἁμαρτημάτων.
1305 2660 1429 2693 Poste-

783 2706 912 2740 riorem
937 2708 1111 2740 enuntiati
1138 2711 1273 2748 partem
1301 2707 1352 2738 sic
1375 2707 1428 2738 in-
