1612 2872
224 60 274 98 ⁶22
709 60 1171 104 PLATONIS»·

324 169 433 227 ΟΨ)
475 169 529 213 Η.
601 175 698 214 ΙΘ,
775 174 912 216 Ίαῦτ
963 178 1041 229 εἴη.
1076 183 1150 221 καί
1181 196 1255 234 μοι
1291 184 1405 233 λέγε,
1441 181 1550 225 κατὰ

225 239 263 277 τί
295 252 350 277 τα
386 237 578 287 ξυσσίτιοὲ
626 254 669 280 τε
717 237 819 292 ὑμῖν
865 247 1120 298 συντέταχεν
1153 243 1176 287 ὁ
1214 245 1350 301 νόμως
1392 249 1468 289 καὶ
1495 247 1550 290 τὰ

222 299 439 355 ,υμιοὶσια
473 305 544 343 καὶ
584 319 664 354 την
703 307 788 346 τῶν
821 304 970 350 ὅπλων
1006 308 1119 360 ἕξινῑ,

326 390 425 430 ΚΛ.
500 389 631 443 Οἶμαι
664 397 752 446 μὲν,
788 387 818 435 ὦ
855 394 973 446 ξένε,
993 398 1064 438 καὶ
1103 399 1234 440 παντὶ
1267 396 1465 455 ῥᾳδιον“
1443 416 1552 443 υπο-

220 455 369 508 λαβεῖν
404 453 514 497 εἷναι
550 456 603 498 ra'
639 475 689 511 γε
721 457 919 516 ἡμέτερα.
961 461 1041 514 τὴν
1077 463 1162 518 γάρ
1191 465 1268 515 τῆς
1291 463 1436 520 χώρας
1469 465 1552 508 πά-

221 536 297 572 σης
333 520 511 576 Κρητης
547 521 678 579 φύσιν
722 523 880 578 ὁρᾶτε,
933 526 990 577 ὡς
1033 528 1112 571 οὐκ
1150 531 1233 580 έςι,
1278 530 1488 586 καθάπερ
1523 530 1550 583 ἡ

223 587 310 627 τῶν
347 587 596 638 Θετταλῶν,
643 592 805 640 πεδιάς.
852 592 918 635 διὸ
956 593 1008 646 δὴ
1057 597 1127 637 καὶ
1162 603 1255 645 τοῖς
1288 599 1368 650 μὲν
1403 614 1552 648 ιπποις

222 657 378 695 ἐκεῖνοι
408 656 602 708 χρῶνται
634 658 822 711 μᾶλλον,
858 657 1058 737 δρόμοισι
1091 664 1136 703 δὲ
1173 660 1320 717 ἡμεῖς·
1353 661 1430 714 ἥδε
1466 661 1550 720 γὰρ

219 714 451 773 ἀνώμαλος
484 714 543 763 αὖ
578 724 649 763 καὶ
682 720 792 778 πρὸς
828 740 910 776 την
945 727 1030 768 τῶν
1064 725 1164 787 πεζῆ
1209 726 1380 783 δρόμων
1416 726 1549 782 ἄσκη·

311 891 394 933 Cap.
420 892 459 924 ΙΙ.
509 894 549 926 Ι).
598 894 727 936 φύσιν
751 895 903 940 δρᾶτε]
930 897 1015 941 ἇριῐς
1039 909 1065 930 ι·

310 939 504 979 χρῶνται
521 940 711 992 μᾶλλον]
735 941 800 981 μό*
803 952 839 971 ον
865 951 897 974 0.
922 943 944 974 f.
992 943 1034 976 In
1058 944 1134 977 cod.
1161 954 1188 977 r.
1213 944 1344 986 μᾶλλον
1366 954 1434 976 om

312 981 421 1022 πεζῇ
440 982 643 1040 δρόμων]
675 983 938 1029 πεζοδροᾚμωνῖ
987 987 1068 1021 M'ox
1094 990 1170 1022 cod.
1197 1001 1227 1022 v.
1254 993 1385 1023 mutato
1409 989 1546 1023 ordine:

220 1026 254 1056 ἐν
282 1029 327 1069 τῷ
350 1025 496 1068 τοιούτῳ
519 1027 711 1072 αναγκαῖον.

311 1075 391 1103 τῶν
416 1072 460 1114 δὴ
489 1074 621 1110 τόνξω
607 1076 647 1117 ι]
675 1076 708 1107 δὲ
733 1075 843 1108 f.1n
870 1077 947 1110 Par.
976 1076 1016 1109 B.
1041 1076 1093 1109 καὶ
1119 1077 1336 1120 τοξευμάτων
1359 1088 1426 1112 om.

311 1116 565 1163 ἐξήρτυται]
600 1120 674 1154 Ald.
712 1121 789 1152 Bas.
825 1122 857 1155 1.
893 1122 925 1156 2
960 1122 1014 1163 ἰξή
995 1134 1156 1166 η,ρπηται
1190 1127 1228 1154 ut
1257 1123 1371 1155 estin
1401 1124 1479 1156 Par.
1509 1123 1546 1155 Β.

221 1251 432 1286 tolerandam
452 1263 642 1287 censemus.
675 1254 761 1287 Nam
788 1255 853 1298 pri-

223 1306 315 1330 mum
341 1297 478 1339 quidem
505 1301 627 1332 verba.-
657 1298 793 1336 ἰδόντες
818 1299 854 1332 δὲ

219 1342 352 1383 μᾶλλον
388 1342 561 1386 φήσομεν,
597 1344 852 1387 haudquaquam

221 1389 254 1420 in
285 1388 457 1430 hospitem
495 1388 755 1430 Atheniensem,
791 1390 853 1423 sed

222 1433 320 1466 unice
349 1434 383 1466 in
408 1434 608 1468 Cretensem
634 1437 853 1476 conveniunt,

222 1482 261 1511 ut
292 1479 350 1520 qui
381 1480 514 1512 illarum
546 1481 722 1522 regionum
759 1481 851 1513 noti-

221 1524 302 1561 tiam
328 1524 461 1558 habeat.
510 1526 640 1559 Deinde
672 1525 754 1558 illud
782 1524 854 1567 Ὀρ-

222 1571 297 1604 θῶς
330 1569 453 1611 λέγεις,
485 1569 574 1603 πάνυ
603 1572 664 1612 μὲν
688 1565 771 1611 οὖν,
805 1572 853 1603 Ιο-

220 1614 345 1655 quendi
370 1615 607 1654 consuetudini
631 1616 767 1648 mirifice
790 1616 852 1648 ad-

220 1662 398 1700 ver-atur,
429 1659 593 1701 siquidem
627 1661 726 1693 scribi
760 1666 852 1695 certe

219 1703 353 1737 debuitz
395 1703 496 1736 Πάνυ
536 1707 596 1747 μὲν
633 1701 698 1737 οὖν
729 1704 851 1749 ὀρθῶς

219 1749 330 1792 λέγεις.
379 1749 491 1783 Multo
510 1751 619 1782 minus
644 1752 746 1783 etiam
771 1761 850 1792 pro-

219 1794 360 1827 bandam
413 1800 571 1837 putamus
620 1796 848 1829 coniecturam

219 1838 582 1874 Winckelmanni:
615 1840 850 1888 διατρίβοιμεν

217 1897 271 1916 αν.
319 1883 399 1917 ΑΘ.
436 1885 536 1917 Πάνυ
560 1888 619 1928 μὲν
642 1889 705 1918 οὐν
730 1886 849 1928 ὀρθῶς

217 1930 298 1970 λέγει
304 1940 336 1965 ς·
361 1929 492 1968 ιδόιτες
509 1931 608 1962 δὲ·-
635 1930 735 1974 τύχῃ.
758 1932 848 1964 ΚΛ.

220 1974 327 2007 Ταῦτ
354 1977 416 2016 εἴη.
464 1976 553 2009 ΛΘ.
586 1976 663 2008 Καί
690 1989 751 2018 μοι,
779 1977 849 2018 λέγε

218 2033 245 2052 κ.
271 2033 301 2052 τ.
326 2022 356 2052 λ.
407 2021 508 2055 Quae
527 2023 723 2054 coniectura
740 2026 774 2054 et
798 2023 850 2053 ni-

216 2066 278 2098 mis
303 2065 415 2098 audax
435 2071 489 2099 est
506 2070 542 2100 et
556 2077 624 2099 non
644 2067 849 2100 necessaria.

280 2110 363 2153 Cap.
406 2111 446 2144 ll.
518 2110 644 2144 κατὰ
696 2113 744 2144 τί
795 2111 848 2144 τὰ

218 2155 475 2188 Ξυσσίτιοῖ
530 2169 579 2189 τε
632 2156 749 2199 ὑμῖν
792 2158 849 2199 -]

217 2200 302 2233 Tria
354 2203 550 2236 sciscitatur
587 2213 675 2244 quiae
716 2205 852 2235 constat

217 2246 439 2279 Cretensibus
483 2258 558 2280 cum
597 2247 672 2280 aliis
708 2248 850 2280 Dorien-

217 2291 311 2323 sibus
344 2293 558 2333 maximeque
588 2292 767 2334 Spartanis
797 2293 850 2325 fu-

217 2337 284 2368 isse
337 2339 542 2369 eommunia.
627 2338 704 2370 Vult
760 2339 849 2379 enim

216 2382 303 2414 scire
326 2392 387 2414 cur
412 2384 584 2420 convivia,
616 2384 791 2424 gymnasia
817 2388 851 2416 et

215 2437 388 2460 armorum
413 2429 561 2475 gestatio
587 2429 618 2459 in
641 2429 775 2460 illorum
801 2429 849 2460 ei-

216 2473 321 2505 vitate
345 2461 501 2506 instituta
519 2472 602 2504 sint.
650 2473 735 2506 Nam
761 2473 847 2505 κιτά

215 2517 250 2549 τί
278 2522 331 2550 est
363 2528 458 2558 cur
493 2519 791 2559 quamobrem3
816 2528 846 2551 v

214 2562 256 2595 ad
282 2562 457 2597 Phaedon.
481 2573 513 2604 ρ.
533 2562 588 2596 61.
606 2562 645 2595 Ε.
694 2564 745 2595 De
764 2576 847 2596 mm—

213 2608 336 2644 σιτίοις
359 2607 596 2647 Cretensium.
630 2617 716 2649 quae
742 2608 846 2651 Spar-

920 1260 978 1290 tae
1002 1256 1130 1299 φιλίτια
1157 1265 1198 1288 ac
1221 1256 1383 1298 φειδίτια,
1408 1260 1443 1290 et
1456 1261 1550 1298 utro-

920 1301 1019 1343 bique
1065 1300 1206 1344 ἅνδρεῖα
1248 1302 1420 1343 appellata
1457 1307 1549 1344 sunt,

920 1347 1091 1380 uberrime
1117 1351 1354 1389 exposuerunt
1380 1347 1548 1387 Mfiller.

922 1392 1019 1424 Dorr.
1037 1392 1078 1424 Τ.
1096 1392 1136 1424 ll.
1162 1403 1192 1434 p.
1207 1391 1276 1427 274
1292 1403 1364 1433 sqq.
1390 1392 1548 1433 quck.

921 1438 971 1471 De
996 1438 1098 1470 Creta
1129 1438 1237 1471 insula
1261 1437 1304 1470 T.
1329 1438 1397 1472 111.
1426 1449 1458 1480 p.
1481 1439 1549 1473 120

919 1493 991 1525 sqq.
1027 1483 1118 1515 conf.
1150 1483 1258 1524 ipsum
1295 1484 1474 1516 Platonem
1498 1484 1548 1517 in—

922 1527 971 1560 l'ra
1004 1528 1077 1560 libr.
1110 1527 1171 1559 Vl.
1197 1538 1227 1560 c.
1252 1527 1307 1562 21.
1341 1538 1375 1570 p.
1405 1528 1482 1563 780.
1509 1529 1549 1561 Β.

920 1573 1105 1614 Gymnasia
1130 1578 1267 1605 narrant
1291 1584 1312 1605 a
1329 1574 1551 1607 Cretensibus

920 1618 1064 1660 primum
1103 1618 1256 1650 instituta
1289 1629 1384 1658 esse,
1415 1619 1459 1652 de
1485 1629 1550 1660 qna

920 1673 957 1696 re
986 1674 1016 1695 v.
1047 1663 1240 1695 l’erizon.
1266 1662 1307 1695 ad
1333 1664 1413 1696 Ael.
1439 1665 1484 1696 V.
1502 1664 1547 1696 H.

921 1708 979 1740 ΙΙΙ.
1015 1708 1047 1742 9.
1086 1707 1258 1740 Mulier.
1299 1708 1398 1740 Dorr.
1435 1708 1478 1740 ll.
1515 1720 1546 1750 p.

916 1753 1000 1787 304.
1053 1753 1102 1785 De
1134 1762 1173 1785 re
1206 1754 1341 1785 militari
1373 1763 1489 1787 eorum
1515 1765 1547 1786 v

917 1809 1004 1838 quae
1037 1798 1226 1840 disputavit
1258 1798 1428 1831 Hoeck.
1462 1800 1482 1832 l.
1518 1810 1547 1832 c.

919 1843 960 1876 ’.Γ
990 1843 1047 1877 ΙΙΙ.
1073 1855 1106 1885 ρ.
1133 1843 1199 1878 102
1224 1854 1295 1885 sqq.
1322 1843 1399 1875 coll.
1419 1855 1452 1886 p.
1467 1843 1546 1878 442.

962 1910 1031 1942 καὶ
1075 1911 1204 1942 παντι
1248 1911 1296 1955 ῥᾳ
1284 1908 1429 1953 ἱδιον]
1482 1914 1547 1944 vel

918 1956 1088 1997 cuique.
1137 1956 1219 1988 Nam
1238 1958 1287 1988 sic
1301 1955 1357 1985 καὶ
1385 1961 1462 1988 ante
1483 1960 1549 1991 πᾶς

918 2006 952 2033 et
976 2000 1081 2038 πολὺς
1111 2002 1256 2042 ponitur.
1291 2011 1320 2031 v.
1352 1999 1546 2034 Elmslei.

917 2046 959 2078 nd
987 2045 1079 2079 Med.
1104 2057 1135 2079 v.
1161 2046 1238 2080 513.
1267 2050 1301 2078 et
1324 2044 1401 2080 871.
1434 2045 1548 2079 Frit-

918 2089 1030 2124 sche.
1066 2091 1291 2126 Quaestionn.
1336 2090 1476 2123 Lucian.
1514 2103 1545 2134 p.

917 2138 939 2171 6
962 2146 1012 2177 sq.

965 2181 1003 2213 D.
1034 2179 1096 2217 -ὦς
1119 2180 1196 2212 οὐκ
1220 2180 1546 2222 ἔστι-πεδιάς]

917 2226 1053 2258 Cretam
1069 2226 1178 2258 fuisse
1193 2231 1410 2258 montuosam
1431 2231 1466 2259 et
1479 2227 1547 2267 syl—

917 2276 1063 2304 vestrem
1098 2273 1181 2303 satis
1219 2276 1363 2304 constat.
1404 2282 1434 2302 v.
1468 2272 1546 2303 Ho-

919 2322 1020 2350 mer.
1041 2315 1164 2357 Odyss.
1184 2315 1226 2348 τ’.
1252 2327 1282 2349 v.
1302 2317 1378 2351 172.
1404 2317 1544 2349 Strab.

917 2364 961 2394 X.
996 2373 1028 2403 p.
1060 2361 1138 2396 457.
1177 2362 1265 2394 conf.
1307 2363 1468 2394 Hoeck.
1492 2361 1546 2393 'T-

910 2408 945 2439 Ἰ.
974 2417 1006 2448 p.
1031 2406 1073 2441 31
1099 2418 1173 2448 sqq.
1221 2407 1397 2439 Thessalia
1428 2406 1546 2439 'contra

917 2454 1119 2493 campestris
1158 2457 1231 2485 erat
1271 2457 1304 2485 et
1344 2460 1543 2495 pascuorum

915 2498 1091 2530 fertilitate
1114 2497 1267 2540 insignis,

948 2567 1056 2600 -τοῖς
1092 2566 1163 2607 μὲν
1206 2564 1358 2600 ἵπποις
1394 2564 1547 2596 ἐκεῖνοι

914 2611 1077 2652 nectura
1089 2609 1119 2651 ι]
1167 2610 1340 2644 Quocirca
1389 2607 1543 2642 Thessali
