1612 2872
475 74 559 118 DE
591 72 867 118 LEGIBUS
899 78 980 116 etc.
1249 72 1407 116 LXIX

167 189 323 244 Itaque
377 187 587 243 primunr
619 187 797 243 quidem
844 188 1015 243 Legum
1075 185 1404 229 scribendarum

51 246 279 292 consilium
328 244 551 286 adversari
598 251 864 287 censuerunt
914 243 1144 300 scriptioni
1202 243 1402 294 Pontiae,

51 303 161 347 adeo
207 308 256 345 ut
299 300 631 358 philosophum,
670 301 780 344 illud
826 302 862 344 si
901 315 1094 356 unquam
1132 300 1276 342 animo
1322 315 1402 342 suo

51 359 314 417 susceperit,
353 365 576 412 tamquam
613 373 639 400 a
678 365 816 401 semet
846 359 946 413 ipso
983 357 1223 401 descivisse
1253 357 1403 398 existi-

51 418 276 460 maverint.
346 414 490 469 Quam
531 414 576 456 in
625 430 714 457 rem
765 414 965 470 disputat
1014 415 1225 471 imprimis
1276 413 1404 456 Zel-

51 476 203 517 lerus
250 471 377 516 Stud.
422 471 622 513 Platonn.
660 487 702 528 p.
744 473 804 513 16.
845 486 942 526 sqq.
1000 473 1046 514 Is
1076 472 1191 514 enim
1219 471 1404 527 primum

53 531 230 587 quidem
260 528 486 572 contendit
528 528 754 570 Platonem
784 543 1010 583 nunquam
1036 529 1171 571 tuisse
1203 528 1404 570 commis-

11 598 13 606 ‘
51 604 214 640 surum,
247 593 298 628 ut
325 586 457 628 talem
485 584 720 638 civitatem,
753 585 894 639 qualis
925 586 1013 628 ista
1041 586 1195 627 civitas
1231 585 1405 641 Legum

9 643 12 686 ἶ
52 645 133 698 sit,
166 643 420 700 effingeret,
461 642 668 697 quoniam
698 642 770 684 ille
800 642 977 696 penitus
1007 642 1091 685 sibi
1122 641 1404 697 persuaserit,

9 716 11 735 2
52 702 179 744 unice
210 715 395 743 veram
426 713 522 742 esse
551 700 762 754 optimam
788 699 906 740 illam
938 700 1174 752 civitatem,
1204 697 1259 738 ad
1290 714 1406 740 sum·

8 752 11 803 f
51 773 147 802 mae
185 756 465 815 perfectionis
508 756 700 810 speeiem
737 756 784 797 in
817 755 1003 798 Politiae
1032 755 1156 798 libris
1188 756 1405 810 composi-

7 820 10 867 Ξ
53 822 162 869 tam,
207 819 374 856 ceteras
416 819 562 854 autem
602 812 874 869 respublicas
906 814 1013 855 nihil
1043 827 1139 856 esse
1170 811 1292 853 aliud
1322 812 1406 853 nisi

7 870 9 907 ,³
52 873 181 915 huius
222 871 362 926 ipsius
412 870 537 924 quasi
582 885 740 925 pravas
789 869 1000 925 quasdam
1047 869 1315 912 imitationes
1363 875 1408 910 et

52 930 204 972 inanes
251 927 440 970 umbras.
504 926 672 968 Deinde
712 926 779 968 vir
817 926 1102 970 doctissimus
1150 926 1280 967 etiam
1327 925 1406 966 do-

53 1001 150 1029 cere
201 990 408 1037 conatur,
462 982 774 1039 philosophum
824 983 868 1025 in
917 999 967 1025 ea
1007 984 1143 1025 fuisse
1173 982 1405 1036 sententia,

5 1090 6 1093 Ἴ
55 1049 103 1085 ut
141 1042 210 1084 vel
252 1041 458 1098 optimam
507 1040 624 1082 illam
667 1040 889 1082 civitatem
927 1040 1188 1083 iudicaverit
1220 1039 1271 1080 ‘in
1311 1039 1409 1094 ipsa

4 1141 5 1145 ,
54 1100 143 1142 vita
170 1099 393 1141 hominum
432 1096 670 1152 aliquando
714 1111 934 1153 emergere
980 1104 1024 1140 et
1052 1112 1204 1139 revera
1232 1095 1408 1138 fundari

0 1157 5 1207 ξ
55 1171 208 1213 posse3
246 1170 300 1197 ex
341 1169 430 1209 quo
474 1153 684 1209 consequi
732 1153 847 1207 vult,
896 1159 945 1195 ut
983 1152 1222 1197 absurdum
1264 1152 1408 1209 putari

0 1216 2 1234 ³
55 1213 240 1266 debeat,
279 1212 315 1254 si
355 1211 453 1266 quis
490 1210 611 1253 illum
650 1210 867 1252 existimet
905 1211 1033 1253 aliam
1075 1210 1205 1253 etiam
1234 1215 1409 1265 praeter

0 1277 2 1279 ’
55 1270 261 1327 optimam
300 1267 584 1324 descripsisse
623 1267 871 1321 civitatem,
914 1282 1027 1322 quae
1055 1267 1227 1310 facilius
1256 1272 1410 1322 posset

55 1328 169 1369 inter
208 1325 406 1367 homines
450 1324 660 1367 constitui
689 1330 735 1366 et
764 1323 972 1366 ordinari.
1030 1324 1262 1367 Postremo
1292 1322 1407 1366 idem

54 1383 125 1426 ille
165 1381 472 1424 animadvertit
501 1382 630 1424 etiam
659 1381 805 1437 ipsum
841 1382 1009 1438 Legum
1039 1387 1277 1435 auctorem,
1306 1380 1410 1422 licet

56 1441 234 1483 alteram
265 1439 485 1489 civitatem
518 1437 702 1480 Politiae
734 1439 932 1481 Platonis
957 1438 1167 1481 adiecerit
1198 1444 1243 1480 et
1270 1453 1409 1493 prope

56 1495 338 1553 opposuerit,
385 1502 529 1538 tamen
561 1494 614 1536 de
646 1510 726 1538 sua
755 1495 895 1550 ipsius
926 1510 1085 1538 caussa
1114 1495 1284 1537 consilii
1315 1494 1410 1536 ino-

87 1570 154 1596 em
191 1553 367 1595 haerere
407 1568 458 1594 ac
489 1551 806 1608 propemodum
838 1552 1094 1608 desperare,
1135 1550 1410 1606 quandoqui-

56 1571 154 1653 Sem
198 1610 320 1652 Libr.
370 1610 425 1652 V.
469 1626 510 1665 p.
558 1610 652 1651 745.
692 1610 744 1652 E.
787 1615 935 1665 aperte
976 1610 1188 1663 fateatur,
1227 1609 1301 1650 vix
1333 1623 1411 1649 un-

59 1683 187 1724 quam
225 1667 419 1708 futurum
457 1681 573 1719 esse,
614 1672 664 1708 ut
705 1682 854 1708 eorum
895 1667 1109 1708 bonorum
1154 1666 1261 1708 satis
1288 1665 1412 1720 larga

58 1730 263 1782 suppetat
302 1723 452 1780 eopia,
495 1737 605 1778 quae
635 1722 691 1764 ad
721 1722 992 1766 efficiendam
1023 1728 1190 1765 tantam
1218 1721 1413 1764 civitatis

58 1783 264 1824 virtutem
295 1787 340 1822 et
367 1780 690 1832 excellentiam,
736 1788 943 1835 quantam
982 1780 1079 1835 ipse
1109 1784 1303 1835 expetat,
1335 1793 1412 1820 ne-

60 1837 250 1881 cessario
302 1837 591 1891 requirantur.
677 1837 811 1890 Haec,
840 1837 977 1893 igitur
1014 1843 1120 1878 sunt
1156 1838 1263 1889 fere,
1296 1834 1413 1877 uude

61 1909 194 1949 quum
232 1892 304 1934 alii
346 1899 437 1934 tum
467 1893 678 1948 imprimis
718 1893 976 1935 Zellerus
1014 1892 1323 1935 iudicaverunt
1360 1892 1412 1932 li-

61 1950 195 2006 quido
226 1963 460 2005 apparere,
494 1950 684 1990 futurum
722 1950 874 2002 fuisse,
906 1955 956 1990 ut
986 1948 1113 1990 Plato
1145 1949 1230 1991 sibi
1261 1963 1415 2004 parum

62 2012 306 2059 constaret,
348 2006 385 2047 si
424 2004 552 2047 editis
590 2005 711 2047 libris
757 2005 810 2047 de
853 2006 1018 2061 optima
1057 2005 1236 2047 civitate
1285 2005 1414 2047 etiam

64 2065 205 2121 Leges
243 2063 432 2105 seribere
471 2063 662 2104 animum
702 2061 962 2104 induxisset.
1021 2060 1150 2115 Quae
1182 2068 1414 2117 quantum-

66 2121 128 2163 vis
168 2121 256 2163 sint
300 2130 427 2161 acute
467 2133 572 2160 sane
614 2118 920 2173 subtiliterque
951 2119 1226 2176 excogitata,
1267 2125 1415 2160 tamen

64 2191 144 2220 nos
195 2175 369 2231 quidem
426 2181 631 2231 putamus
687 2175 942 2230 neutiquam
993 2182 1116 2218 tanta
1153 2174 1316 2232 pollere
1371 2176 1414 2217 vi

66 2241 110 2276 et
166 2233 409 2289 gravitate,
470 2239 519 2273 ut
589 2231 805 2274 confutari
865 2238 909 2273 et
961 2232 1099 2275 refelli
1150 2232 1280 2288 plane
1339 2247 1414 2274 ne-

68 2295 245 2345 queant.
322 2289 498 2331 Etenim
555 2288 742 2344 primum
791 2288 966 2343 quidem
1022 2288 1140 2344 quod
1196 2289 1275 2331 viri
1337 2288 1415 2331 do-

67 2347 124 2389 cti
163 2351 363 2388 statuunt
391 2351 436 2387 et
465 2343 758 2399 contendunt,
798 2360 942 2388 veram
979 2344 1201 2389 civitatem
1242 2346 1415 2388 Platoni

68 2401 328 2460 philosopho
364 2417 499 2445 *unam
528 2401 645 2443 illam
675 2402 811 2444 visam
841 2417 962 2457 esse,
995 2418 1106 2458 quae
1137 2401 1193 2444 ad
1223 2417 1416 2445 summae

69 2457 356 2502 absolutionis
387 2458 575 2515 speciem
606 2466 738 2514 atque
758 2459 936 2501 formam
968 2459 1201 2502 informata
1229 2459 1302 2512 sit,
1334 2460 1417 2500 lar-

69 2517 210 2573 gimur
249 2529 352 2557 sane
392 2514 511 2557 haud
553 2515 680 2557 inviti
741 2530 842 2557 vere
883 2515 928 2558 id
973 2515 1154 2569 moneri,
1201 2522 1417 2571 quatenus

71 2570 395 2615 concedendum
435 2571 494 2614 sit
533 2586 628 2615 esse
666 2571 783 2614 illam
817 2587 946 2615 unam
978 2588 1078 2616 vere
1109 2572 1418 2628 philosopham

73 2637 203 2684 atque
241 2628 394 2683 talem,
433 2629 479 2670 in
521 2643 607 2683 qua
645 2629 790 2672 omnia
827 2634 921 2672 tum
959 2630 1016 2673 ad
1055 2644 1246 2674 summae
1276 2629 1419 2685 perfe-
