1612 2872
240 109 322 151 DE
357 106 631 152 LEGIBUS
669 107 853 152 hum.
891 108 937 150 P.
964 109 1176 150 642.643.
1210 106 1275 150 St.
1352 108 1432 150 103

70 229 143 266 καὶ
191 221 369 268 εὔνοιαν
420 232 466 269 ἑκ
514 223 648 271 τόσου
694 232 823 282 ἔγωγε
869 225 974 281 ὑμῖν
1020 227 1096 269 καὶ
1136 229 1179 268 οὶ
1223 222 1429 282 ἡμέτεροι
1460 225 1543 266 643

70 292 219 346 ἔχουσι
253 295 404 345 γονῆς.

173 359 273 401 ΑΘ.
349 359 414 402 Τά
450 362 531 415 μὲν
568 364 718 404 τοίνυν
751 358 940 416 ὑμέτερα
985 357 1189 409 ἀκούειν,
1236 356 1298 409 ὠς
1339 360 1430 403 ἔοι·

64 441 165 475 κεν,
199 426 339 481 ἕτοιμ’
382 426 441 470 ἂν
478 428 569 480 εἴη·
607 427 663 470 τὰ
701 426 746 470 δ’
788 426 872 483 ἐμά
905 425 1162 483 βούλεσθαι
1196 428 1278 483 μὲν
1313 429 1429 469 ἕτοι-

67 508 154 546 μα,
199 494 433 537 δύνασθαι
478 497 522 537 δὲ
567 493 620 537 οὐ
667 491 788 537 πάνυ
826 493 990 553 ῥᾴδια·
1040 492 1159 549 ὅμως
1193 496 1240 537 δὲ
1277 510 1432 548 πειρα-

70 565 181 602 τέον.
233 562 411 617 πρῶτον
461 559 514 614 δὴ
564 554 646 605 οὖν
703 560 816 616 πρὸς
860 560 941 604 τὸν
986 560 1124 616 λόγον
1167 559 1431 618 ὁρισώμεθα

69 628 296 679 παιδείαν,
343 633 384 671 τί
430 627 533 671 ποτ’
586 633 647 678 ἕςι
692 631 764 671 καὶ
813 633 913 672 τίνα
962 628 1152 683 δύναμιν
1187 631 1299 685 ἔχει·
1354 625 1428 671 διὰ

67 690 153 750 γὰρ
189 693 355 747 ταύτης
397 698 546 754 φαμὲν
590 700 707 739 ἰτέον
756 694 869 739 εἶναι
905 693 984 739 τὸν
1021 700 1431 754 προκεχειρισμένον

71 814 228 854 Bustius,
262 815 326 848 etsi
361 815 388 847 is
421 816 568 857 ἔχουσιν
598 820 709 858 γονεῖς
741 816 820 850 inde
854 816 1018 850 enotavit.
1068 815 1139 850 Sed
1164 818 1211 850 Ω.
1240 816 1345 850 habet
1367 828 1428 860 yo-

67 876 151 915 νῆις.
201 873 351 916 Liquido
377 873 542 916 scriptum
568 876 672 916 2⁰¹⁰?ss
698 878 794 907 extat
820 875 853 907 in
915 875 979 907 ior.
1006 884 1037 906 a.

68 964 211 999 randum
270 964 429 1004 duxerit,
493 974 618 997 caussa
678 965 710 997 in
779 967 808 999 Ι.
851 966 930 1001 111.
973 962 1155 1009 Ἀθηναῖοι
1195 964 1233 998 δὲ
1264 963 1431 998 τάλαντον

69 1017 208 1055 promtu
239 1015 304 1044 est.
366 1010 707 1044 commemorantem
780 1011 997 1054 ἐψηφίσαντο
1034 1011 1158 1045 δοῦναι
1191 1007 1287 1068 αυτῷ
1318 1013 1429 1054 (Epi-

69 1059 158 1091 enim
204 1057 348 1089 Cliniam
391 1067 509 1089 senem
549 1057 633 1090 fecit
658 1068 711 1098 ea,
780 1059 945 1114 monulfi)-
985 1055 1007 1091 ό
1031 1057 1068 1091 δὲ
1095 1056 1131 1091 τὸ
1167 1057 1229 1098 μὲν
1259 1054 1429 1101 ἀργύριον

66 1113 156 1146 quae
184 1113 251 1135 non
278 1102 368 1135 adeo
386 1105 527 1135 multum
547 1103 590 1135 ab
616 1103 710 1145 ipso·
781 1100 827 1137 οὐ
863 1105 1082 1162 προεήκατο,
1131 1106 1248 1146 φιλίαν
1301 1103 1339 1137 δὲ
1376 1105 1431 1137 καὶ

45 1159 141 1183 -mm
169 1153 284 1181 aetate
308 1153 444 1181 remota
470 1153 599 1181 esseut.
638 1148 710 1181 Sed

67 1194 154 1228 haec
186 1195 270 1227 satis
302 1199 404 1227 sunto
438 1194 480 1227 de
519 1205 556 1227 re
587 1194 709 1227 admo—

69 1241 152 1274 dum
188 1246 426 1273 controversa.
485 1240 584 1274 Quae
616 1242 644 1274 si
677 1240 712 1273 id

68 1288 266 1326 effecerint,
308 1291 345 1319 ut
385 1296 448 1319 uec
486 1287 625 1319 Platoni
660 1290 714 1320 te-

70 1344 166 1367 mere
192 1343 343 1365 errorem
381 1333 433 1365 vel
466 1333 623 1366 fraudem
650 1333 712 1366 ali-

68 1390 171 1421 quam
206 1378 452 1419 obtrudamus,
486 1389 548 1412 nec
581 1379 713 1420 Legum

69 1426 166 1467 operi
191 1424 267 1457 hinc
292 1435 397 1467 porro
421 1428 603 1457 moventur
628 1436 710 1457 cou-

68 1471 260 1511 troversia,
300 1470 494 1503 videbimur
526 1470 559 1503 id
592 1481 714 1504 eonse-

68 1517 164 1559 quuti
188 1527 278 1556 esse,
304 1517 394 1558 quod
423 1517 573 1549 maxime
599 1517 711 1549 volui-

68 1574 157 1596 mus.
184 1562 347 1595 Ceterum
367 1564 458 1594 conf.
476 1563 577 1596 etiam
610 1563 710 1595 Bru-

69 1610 183 1642 cker.
231 1609 363 1641 Histor.
399 1608 483 1641 Phil.
515 1609 540 1641 1.
581 1620 614 1651 p.
642 1609 710 1644 419

69 1665 143 1697 sqq.
173 1659 208 1686 et
234 1654 430 1688 Fabricii
459 1654 620 1687 Biblioth.
646 1655 708 1688 Gr.

69 1701 96 1734 l
116 1712 148 1744 p.
163 1701 206 1735 31
228 1711 279 1743 sq.
328 1701 384 1733 De
410 1701 487 1743 ipso
511 1705 624 1734 antem
655 1713 710 1734 su-

69 1747 282 1788 perstitionis
306 1757 435 1788 genere
463 1757 494 1780 v
515 1747 709 1781 Phaedrum

134 1792 204 1827 244
248 1793 288 1824 D.
323 1797 357 1825 et
385 1793 411 1824 l.
424 1793 573 1825 obeck.
600 1794 708 1834 Agla—

70 1838 148 1880 oph.
177 1850 210 1878 p.
230 1837 311 1872 315-
330 1856 355 1859 -
395 1838 445 1870 De
472 1836 517 1870 ὃς
543 1850 588 1880 ην
615 1836 712 1880 ἡμῖν

73 1883 258 1920 οἰκεῖος,
283 1895 315 1915 ν.
342 1883 506 1924 Proiegg.
533 1884 575 1916 ad
602 1884 710 1917 Char

70 1930 150 1962 mid.
185 1941 219 1972 p.
257 1928 312 1963 85.
369 1930 572 1969 Significare
608 1931 712 1972 igitur

72 1976 202 2008 Clinins
231 1975 386 2012 videtur,
419 1975 513 2016 genti
538 1986 623 2007 suae
648 1978 709 2008 ali-

70 2021 154 2063 quid
173 2020 388 2063 cognationis
408 2031 484 2052 cnm
503 2021 710 2063 Epimenide

71 2067 326 2100 intercessisse.
376 2066 480 2100 Quod
513 2069 540 2099 si
574 2069 624 2100 ita
649 2074 714 2107 est,

71 2113 193 2145 similis
226 2113 256 2145 ei
296 2122 371 2144 cum
407 2113 616 2154 Epimenide
656 2123 715 2145 ue-

73 2158 252 2191 cessitudo
269 2158 332 2190 suit
350 2163 457 2201 atque
475 2160 612 2191 Platoni
638 2170 713 2191 cum

75 2205 217 2236 Solone.
265 2205 370 2238 Quae
404 2215 461 2237 res
491 2215 558 2238 uon
584 2210 716 2237 timere

74 2249 292 2292 negligenda.

122 2296 161 2330 E.
222 2293 297 2327 τὸν
341 2295 561 2339 Περσικὸν
600 2294 712 2338 Ἀθη-

76 2342 205 2373 ιαίων
231 2340 399 2385 στόλον]
421 2344 619 2376 Collocatio
636 2354 712 2376 xer—

76 2389 197 2419 borum
230 2387 347 2428 inritis
379 2389 474 2421 libris
506 2400 573 2422 non
611 2389 715 2421 inire-

75 2442 195 2474 quens.
237 2443 267 2464 v.
303 2444 336 2474 p.
368 2434 446 2470 648.
481 2436 519 2468 ¹⁴2.
552 2435 632 2470 858.
669 2435 707 2466 C.

76 2477 230 2556 {88¹1}
258 2479 335 2514 730.
375 2484 413 2515 Α.
448 2481 527 2516 873.
567 2482 607 2514 Ι).
640 2482 719 2516 920.

147 2534 165 2555 a

124 2567 211 2601 τότ’
259 2564 337 2602 οὖν
376 2570 722 2614 ἐξενώθησαν

76 2613 126 2658 ήμ
143 2619 182 2647 ῖν
200 2615 259 2656 -]
288 2615 339 2647 Ad
363 2619 510 2659 primum
537 2619 619 2651 illud
636 2620 721 2660 Epi-

78 2661 227 2695 menidis
254 2662 340 2694 iter.
364 2663 458 2704 quod
486 2675 588 2697 uuum
615 2666 723 2705 novit,

79 2717 151 2741 rem
171 2708 291 2742 retulit
321 2708 548 2753 Diogenes
576 2710 722 2744 Laeti.

782 1153 971 1192 συμμαχίαν
1013 1150 1203 1194 ἐποιήσατο
1236 1150 1432 1183 Κνωσσίων

781 1198 835 1229 καὶ
863 1194 1067 1240 Ἀθηναίων.
1117 1199 1169 1231 De
1204 1195 1433 1240 ἐξενώθησαν

784 1244 1097 1286 Harpocratio
1152 1255 1184 1285 p.
1241 1244 1321 1278 197.
1373 1244 1430 1277 ed.

785 1289 954 1323 Bekker·
997 1287 1288 1331 ἐξενώθησαν
1328 1286 1430 1322 'Atu-

783 1337 850 1373 κοί,
880 1333 928 1368 ὥς
953 1334 1098 1368 Πλάτων
1123 1334 1255 1376 Νόμων
1280 1336 1318 1368 ἃ·
1343 1335 1431 1377 ἑξε-

784 1382 1007 1423 νίσθησαν
1052 1383 1107 1415 καὶ
1155 1381 1433 1424 ἐπεξενώθη-

786 1438 864 1460 σαν
904 1426 1076 1471 Ελληνες.
1144 1429 1279 1462 Eadem
1330 1428 1434 1462 habet

783 1474 970 1516 Moeris,
1013 1475 1055 1507 ad
1097 1484 1198 1517 quem
1244 1485 1276 1507 v.
1309 1475 1434 1508 Pier-

780 1531 871 1553 son.
899 1532 931 1563 p.
959 1521 1039 1556 167.
1066 1531 1111 1552 =
1138 1521 1219 1556 123.
1248 1520 1304 1554 ed.
1331 1520 1430 1564 Lips.

783 1566 932 1599 Verbum
970 1566 1232 1608 ἐπιξενοῦσθαί
1262 1577 1329 1600 non
1367 1567 1432 1600 da-

780 1618 900 1645 mnant
938 1613 1102 1646 Pollux
1136 1614 1195 1646 ΙΙΙ.
1225 1613 1284 1648 58.
1316 1611 1428 1646 'rho-

780 1669 878 1692 mas.
907 1659 954 1691 Μ.
983 1660 1015 1692 in
1043 1659 1179 1701 Ξενίζω.

825 1728 866 1760 P.
900 1728 981 1763 643.

785 1771 1050 1830 ὑμέτερα--]
1081 1775 1114 1808 ln
1139 1775 1194 1807 his
1219 1773 1260 1807 τὰ
1284 1772 1429 1818 υμέτερα

781 1831 845 1862 pro
877 1818 973 1861 ὑμεῖς
1011 1826 1048 1854 et
1087 1818 1125 1852 τὰ
1163 1819 1225 1861 ε’μά
1260 1832 1325 1864 pro
1360 1819 1429 1863 ἐγω

782 1866 918 1899 dicitur.
974 1867 1031 1900 De
1065 1877 1131 1908 qua
1170 1867 1335 1909 loquendi
1374 1877 1429 1900 ra-

782 1911 877 1944 tione
901 1912 1089 1944 admodum
1122 1914 1325 1955 pervulgata
1349 1912 1431 1945 vide

784 1966 871 1997 quos
900 1961 938 1990 Α,
966 1957 1178 1990 Matthiae
1212 1959 1274 1991 Gr.
1305 1959 1369 1991 Gr.
1394 1958 1427 1999 §.

782 2002 850 2036 466
895 2003 928 2037 3.
962 2003 1140 2037 laudavit..
1193 2003 1291 2037 Adde
1325 2004 1428 2037 etiam

783 2048 1051 2090 Stephanum
1078 2050 1173 2091 App.
1200 2049 1244 2082 de
1267 2050 1428 2083 Dialecto

784 2094 897 2126 Attica
932 2105 966 2137 p.
999 2094 1068 2129 115
1099 2105 1150 2136 sq.
1183 2099 1218 2127 et
1251 2096 1429 2129 Astium

1047 1727 1105 1762 Τὰ
1153 1727 1226 1768 μὲν
1271 1730 1428 1761 τοίνυν

782 2139 824 2171 ad
854 2139 884 2172 h.
916 2141 937 2172 1.
991 2141 1050 2174 Sic
1075 2141 1160 2172 infra
1187 2141 1256 2174 ΙΙΙ.
1288 2154 1321 2185 p.
1348 2142 1428 2177 688.

784 2187 829 2217 A.
867 2186 926 2219 iv.
954 2199 987 2230 p.
1016 2186 1095 2222 723.
1126 2187 1164 2219 Β.
1194 2188 1252 2223 vu.
1289 2200 1321 2231 ρ.
1349 2189 1427 2224 778.

782 2232 828 2263 D.
862 2231 920 2264 lX.
952 2245 985 2275 ρ.
1018 2233 1098 2268 860.
1143 2233 1182 2265 C.
1232 2234 1343 2278 Gorg.
1392 2245 1415 2277 p

781 2277 862 2312 458.
891 2278 932 2312 ι).
958 2279 1065 2311 Lacr..
1101 2289 1133 2320 p.
1160 2279 1238 2314 181.
1275 2281 1321 2313 A.
1348 2261 1427 2316 1εεῖ

784 2324 825 2356 c,
851 2323 930 2358 189.
965 2326 1004 2358 B.
1031 2324 1111 2360 194.
1139 2326 1178 2358 e.
1208 2326 1287 2362 198.
1305 2327 1347 2361 e.
1373 2328 1432 2361 De

787 2371 989 2412 Rep.V11.
1017 2382 1051 2415 p.
1076 2370 1154 2406 533.
1182 2374 1222 2405 A.
1247 2374 1291 2406 al.

834 2436 957 2471 ιτέον
980 2435 1093 2474 εἶναι
1115 2439 1187 2473 τὸν
1211 2459 1254 2467 —-
1283 2440 1432 2484 λόγον]

789 2483 1093 2520 Constructionem
1130 2488 1173 2520 ad
1214 2487 1309 2520 libr.
1353 2488 1431 2520 VII.

791 2541 824 2571 Ρ.
853 2530 932 2567 793.
957 2533 1000 2565 Ε.
1040 2534 1297 2566 illustravimus.
1345 2534 1434 2567 Per-

789 2577 902 2610 tinent
925 2583 1038 2612 autem
1065 2580 1156 2612 haec
1181 2590 1237 2618 eo,
1262 2579 1356 2621 quod
1382 2584 1434 2612 to-

790 2626 825 2654 ta
851 2623 940 2656 haec
964 2626 1076 2665 legum
1099 2625 1319 2659 ferendarum
1346 2626 1437 2658 ratio

791 2669 980 2703 secundum
1006 2672 1189 2705 Platonem
1218 2671 1371 2714 παιδείᾳ,
1402 2670 1434 2703 h.

794 2715 986 2749 eruditione
1031 2729 1072 2751 nc
1120 2717 1314 2760 disciplina,
1375 2716 1438 2751 niti
