1612 2872
476 55 557 98 DE
591 54 871 99 LEGIBUS
903 62 984 98 etc.
1304 56 1416 98 LIII

51 188 136 229 que
166 172 299 215 scribi
328 171 478 228 potius
511 171 731 214 debuerit:
792 178 890 221 τοῖς
924 171 1017 214 ὑπό
1061 172 1151 214 τῶν
1183 173 1416 228 σοφιστῶν

52 235 379 285 γεγραμμένοις
424 227 587 284 νόμοις
625 245 671 272 τε
711 230 785 271 καὶ
824 230 1088 279 πολιτείαις.
1160 226 1287 281 Quae
1319 229 1414 283 qui-

52 286 150 329 dem
182 286 327 329 omnia
357 285 395 329 si
427 284 613 329 dicimus
646 300 774 329 cassa
805 301 920 328 nuce
953 300 1050 329 esse
1077 285 1292 339 inaniora,
1326 302 1414 328 nou

50 359 248 386 veremur
288 359 342 386 ne
379 344 498 386 iusto
540 344 738 386 severius
778 342 1010 386 damnasse
1041 343 1268 387 videamur
1300 358 1413 398 quae

49 401 227 444 criticus
259 400 518 457 disputavit.
549 401 729 442 Etenim
763 399 882 455 quod
911 400 984 443 ille
1017 415 1071 443 ex
1100 399 1188 444 ὑπὸ
1223 401 1311 442 τῶν
1342 416 1412 443 σο-

49 459 221 517 φιστῶν
252 473 464 516 apparere
496 463 647 500 censet
675 457 823 513 plures
853 457 1042 515 intelligi
1074 463 1278 514 oportere
1308 473 1412 514 ope-

47 531 145 558 rum
187 522 523 558 memoratorum
565 514 650 557 scri
685 521 828 568 tores,
870 529 951 557 neo
990 530 1126 557 unum
1164 514 1411 570 Platonem,

45 571 228 615 mirifice
262 587 360 614 eum
386 571 612 627 praeteriit
683 571 816 614 'ctum
854 571 963 613 illud
1004 587 1100 614 esse
1129 572 1411 630 generaliter,

44 629 109 671 ita
137 635 312 683 tamen,
354 635 406 670 ut
435 628 490 670 de
522 644 610 671 uno
640 628 825 670 Platone
854 627 1190 686 intelligendum
1222 630 1301 680 sit3
1334 630 1411 686 qui

44 702 153 730 usus
183 685 395 741 loquendi
434 686 479 728 in
511 686 671 743 vulgus
712 692 846 728 notus
878 691 947 728 est
988 692 1124 741 atque
1156 685 1324 729 dudum
1366 703 1411 729 a-

45 743 194 787 bunde
216 743 460 787 illustratus
480 757 506 784 a.
525 743 690 786 criticis
720 749 764 785 et
787 743 1100 800 grammaticis,
1124 743 1409 786 ‘Fischero

42 800 99 843 ad
128 800 313 844 Weller.
344 800 432 843 111.
462 815 500 842 a.
533 816 575 856 p.
606 801 704 844 302.
737 800 861 843 Car.
892 800 1164 857 Reisigio
1206 799 1407 843 Coniect.

42 858 87 914 in
116 858 348 914 Aristoph.
381 874 423 915 p.
463 859 535 901 58.
576 858 805 900 Bremio
845 857 901 899 ad
945 858 1157 900 Aeschin.
1189 857 1290 900 adv.
1333 859 1409 900 Ti-

42 915 206 957 march.
236 916 275 971 ξ.
317 917 385 958 21.
430 915 687 958 Porsono
728 914 786 957 ad
823 914 977 972 Eurip.
1019 914 1249 958 Phoeniss.
1293 931 1406 958 vers.

41 974 140 1015 423.
201 971 475 1015 Valcken.
506 971 564 1014 ad
588 972 756 1015 Phoen.
787 987 900 1016 vers.
931 972 1408 1018 978.A.Matthiae

42 1027 286 1072 Grammat.
318 1028 398 1072 Gr.
429 1030 468 1085 ᾗ.
502 1031 600 1071 293.
632 1030 730 1072 aliis
761 1030 925 1073 multis.
982 1029 1044 1072 Et
1074 1029 1172 1085 quis
1202 1036 1270 1073 est
1301 1030 1407 1085 quin

41 1087 254 1144 largiatur
283 1087 499 1143 pluralem
528 1087 661 1144 longe
693 1102 789 1130 esse
820 1087 1223 1144 elegantissimum,
1255 1087 1407 1144 singu-

40 1144 174 1187 larem
214 1143 302 1187 ὑπὸ
337 1145 420 1187 τοῦ
450 1146 676 1201 σοφιστοῦ
714 1145 910 1187 futurum
940 1144 1078 1187 fuisse
1107 1143 1334 1187 inficetum
1365 1151 1408 1186 et

41 1201 396 1244 subabsurdum?
477 1201 567 1245 Sed
609 1217 698 1245 non
737 1217 849 1258 opus
883 1207 974 1255 est,
1020 1206 1072 1243 ut
1111 1208 1405 1245 commentum

38 1257 158 1302 istud
186 1259 386 1315 pluribus
415 1260 717 1310 confutemus;
747 1264 874 1316 patet
905 1259 1019 1301 enim
1051 1258 1120 1301 vel
1151 1259 1239 1313 sic,
1274 1274 1405 1314 quam

41 1316 100 1358 sit
119 1316 244 1358 futile
273 1323 318 1358 et
337 1316 479 1358 inane.
512 1316 827 1373 Progredimur
849 1316 983 1373 igitur
1001 1315 1059 1358 ad
1074 1315 1257 1358 alterum
1277 1315 1403 1370 illud,

39 1373 160 1428 quod
180 1372 248 1415 vir
265 1372 423 1417 doctus
436 1372 493 1415 ad
508 1373 765 1416 firmandam
781 1373 1045 1416 sententiam
1059 1388 1183 1416 suam
1205 1373 1404 1429 protulit.

37 1430 99 1473 Et
128 1429 183 1473 de
213 1431 498 1488 grammatica
528 1431 707 1486 quidem
744 1432 979 1474 verborum
1010 1431 1308 1486 explicatione
1338 1432 1402 1473 fa-

38 1487 120 1533 cile
151 1488 191 1530 ei
231 1489 506 1531 assentimur.
576 1487 666 1532 Sed
707 1487 828 1544 quod
869 1487 973 1530 inde
1004 1488 1210 1545 collegit,
1254 1488 1402 1545 Leges

37 1560 126 1588 non
156 1560 254 1588 esse
279 1546 478 1588 Platonis
509 1560 636 1603 opus,
668 1545 713 1588 in
745 1561 797 1588 eo
829 1545 1073 1588 sententiae
1105 1546 1200 1588 eius
1222 1561 1404 1602 prorsus

38 1602 322 1660 refragamur.
397 1602 642 1646 Continent
680 1604 796 1646 enim
837 1603 1036 1659 profecto
1078 1602 1228 1660 Leges
1259 1602 1404 1658 philo-

37 1659 164 1715 sophi
206 1675 292 1702 non
333 1667 504 1702 tantum
550 1661 696 1717 legum
727 1661 1011 1717 farraginem,
1046 1659 1126 1702 sed
1158 1661 1289 1702 etiam
1320 1661 1403 1702 rei-

37 1716 239 1773 publicae
270 1718 658 1771 constitutionem,
704 1726 936 1775 cognatam
970 1717 1148 1772 quidem
1176 1718 1255 1772 illi,
1290 1733 1402 1772 quae

35 1774 80 1815 in
119 1773 243 1817 libris
289 1775 358 1817 De
398 1775 642 1832 Republica
673 1774 896 1830 descripta
926 1780 1015 1829 est,
1061 1773 1140 1817 sed
1170 1781 1315 1817 tamen
1346 1775 1400 1816 ab

38 1831 114 1872 illa
151 1831 257 1873 item
305 1832 535 1875 diversam.
615 1831 838 1886 Quocirca
883 1831 1128 1874 rectissime
1180 1832 1401 1874 Isocrates

36 1888 98 1928 ita
126 1888 314 1944 scripsit,
345 1896 395 1931 ut
424 1889 542 1944 apud
574 1904 671 1931 eum
704 1890 838 1932 verba
869 1889 1036 1945 scripta
1066 1889 1292 1945 leguntur,
1325 1904 1402 1930 ne-

40 1959 126 1999 que
156 1945 245 1987 ullo
276 1952 406 2001 pacto
435 1945 538 1987 inde
568 1946 716 2002 colligi
756 1947 884 1999 licet,
926 1945 1045 2000 quod
1087 1945 1191 1987 inde
1221 1946 1400 1988 conclu-

39 2016 134 2044 sum
175 2008 258 2056 est,
301 2017 399 2045 eum
427 2018 517 2044 non
548 2003 745 2059 potuisse
775 2003 923 2059 Leges
952 2002 1118 2058 pariter
1147 2008 1281 2058 atque
1314 2004 1400 2045 1³0-

35 2058 173 2101 litium
216 2074 297 2115 pro
337 2059 544 2117 operibus
587 2060 773 2115 probare
803 2059 1060 2101 Platonicis.
1121 2058 1217 2102 Imo
1249 2067 1400 2102 orator

35 2115 348 2160 existimandus
409 2123 476 2160 est
523 2116 776 2173 planissime
841 2123 1121 2172 perspectum
1177 2116 1398 2171 habuisse,

36 2188 248 2228 quaenam
287 2174 400 2217 inter
439 2181 672 2229 utrumque
714 2174 914 2216 Platonis
956 2189 1069 2229 opus
1107 2173 1399 2218 intercederet

41 2230 320 2273 necessitudo
362 2238 493 2287 atque
533 2232 812 2285 coniunctio,
856 2230 1214 2286 quandoquidem
1266 2233 1398 2275 verba

172 2405 324 2442 mein,
348 2401 461 2439 theils
484 2400 610 2439 solche
636 2412 803 2439 waren,
828 2404 999 2436 welche
1033 2403 1104 2436 die
1136 2401 1397 2449 Verfassungs-

169 2447 274 2495 fraga
297 2447 407 2485 allein
430 2447 758 2488 belmudelten,
785 2448 900 2486 theils
925 2449 1060 2487 solche.
1090 2450 1254 2482 welche
1282 2461 1397 2482 zwar

171 2501 284 2531 vomi
311 2493 442 2532 sweise
466 2492 631 2535 Gesetze,
655 2493 829 2532 nebenbei
855 2496 904 2528 ab
919 2507 961 2528 er
994 2507 1044 2529 au
1061 2496 1108 2528 ch
1140 2493 1396 2542 verfassungs-

173 2540 300 2577 Vorsoh
367 2541 673 2581 eenthielten‚
700 2542 801 2573 weil
818 2543 1106 2575 er·sonstdas
1125 2541 1394 2574 Femininum

173 2589 266 2619 ταῖς
295 2583 343 2619 ὑπ’
394 2588 463 2619 τῶν
498 2588 678 2628 σοφιστῶν
715 2588 986 2631 γεγραμμέναις
1026 2589 1154 2621 nicht
1193 2589 1395 2630 zugleich

173 2633 251 2665 auf
277 2634 349 2666 die
373 2632 475 2674 νόμοι
498 2635 719 2667 beziehen
745 2635 931 2677 konnte,
954 2637 1037 2669 wie
1063 2646 1107 2668 er
1132 2635 1242 2668 doch
1266 2634 1396 2667 witk-

174 2678 266 2712 lich
293 2681 453 2721 gethan
479 2681 571 2714 hat:
598 2691 687 2723 quae
714 2682 876 2724 leguntur
901 2683 924 2715 l.
949 2694 977 2716 c.
1002 2693 1035 2724 p.
1061 2681 1141 2717 111.
