1612 2872
287 94 371 137 DE
410 93 689 137 LEGIBUS
723 92 842 135 Lm.
873 91 910 135 1.
943 91 990 134 P.
1019 93 1117 134 (539.
1152 90 1218 135 st.
1277 67 1281 70 ’
1374 91 1428 133 89

170 214 268 256 ΑΘ.
327 211 426 270 ’Ἔχε
462 212 539 266 δή·
575 215 666 255 τῶν
701 213 879 255 πολλῶν
913 210 1158 257 κοινωνιῶν
1191 208 1423 266 ξυμπότας
1454 217 1497 259 D

66 283 138 323 καὶ
176 279 397 333 ξυμπόσια
434 283 594 336 θεῖμεν
627 277 685 322 ἂν
729 283 837 335 μίαν
874 277 974 322 τινὰ
1012 281 1255 321 συνουσίαν
1291 276 1430 332 εἶναιτ,

167 485 270 527 ΑΘ.
349 483 529 537 Ταύτην
577 476 660 528 οὖν
702 484 799 539 μῶν
842 481 1001 536 ὀρθῶς
1045 486 1309 537 γιγνομένην
1346 480 1430 535 ἤδη

68 567 135 601 τις
178 549 356 595 πώποτε
401 550 655 600 ὲθεάσατος
690 553 764 592 καὶ
801 550 930 607 σφῷν
967 552 1046 603 μὲν
1081 548 1430 605 ἀποκρίνασθαι

67 616 238 677 ῥᾴδιον,
274 616 333 669 ὡς
369 617 652 661 οὐδεπώποτε
688 615 739 660 τὸ
777 616 1018 670 παράπαν·
1056 615 1109 659 οὑ
1146 616 1233 673 γάρ
1269 615 1431 673 ἐπιχώ-

67 703 167 741 ριον
211 685 314 740 ὑμῖν
363 687 497 728 τοῦτο
542 685 645 728 οὐδὲ
688 684 904 739 ’νόμιμον-
941 681 1022 738 ἐγώ
1069 682 1109 726 δ’
1162 682 1429 741 ἐντετύχηκά

67 769 112 796 τε
149 756 336 803 πολλαῖς
369 756 442 796 καὶ
480 754 722 809 πολλαχοῦ,
745 753 818 794 καὶ
857 758 1033 807 προςέτι
1057 749 1223 802 πάσας,
1245 751 1305 802 ὠς
1325 756 1431 802 ἔπος

67 825 220 876 εἰπεῖν,
250 819 515 878 διηρώτηκα,
547 823 619 863 καὶ
657 817 812 875 σχεδὸν
847 817 958 871 ὅλην
992 821 1074 874 μὲν
1110 817 1323 875 οὐδεμίαν
1356 818 1432 875 ὀρ·
1462 818 1501 860 Ε

355 383 442 426 Καὶ
480 381 658 441 σφόδρα
693 398 754 436 γε.

70 940 220 982 οἰόμεθα
246 939 385 984 δήποτε.
410 942 541 974 Euseb.
570 939 721 981 οἰόμεθα
746 939 789 983 δή
816 951 909 972 ποτε.

161 990 199 1020 Ι).
247 989 333 1028 μῶν
368 984 517 1030 ὀρθῶς
555 987 841 1031 γιγνομένην]
884 986 956 1019 Pro
989 986 1062 1026 μῶν
1102 989 1148 1018 A.
1182 985 1222 1022 Ω.
1256 991 1293 1019 et
1323 998 1359 1019 x.
1392 988 1429 1020 iu

67 1045 179 1076 marg.
205 1031 311 1074 ὑμῶν.

161 1079 336 1113 πώποτε
361 1078 600 1121 ἐθεάσατο]
628 1080 688 1113 Sic
707 1082 745 1112 A.
764 1077 804 1112 Ω.
819 1080 844 1113 f.
861 1080 896 1112 h.
914 1089 942 1113 r.
960 1089 1034 1111 a.e.
1050 1089 1084 1111 ο.
1106 1076 1137 1112 δ.
1157 1089 1192 1113 X.
1210 1089 1240 1111 z.
1253 1089 1318 1122 pro
1335 1090 1427 1112 ποτε.

68 1184 182 1216 tinent
207 1185 300 1216 enim
325 1184 412 1215 haec
444 1183 619 1225 apodosin
654 1193 714 1215 eo·

68 1231 147 1262 dem
178 1231 284 1263 modo
315 1231 534 1272 subiectam,
559 1240 628 1271 quo
660 1230 713 1261 fa-

69 1282 161 1308 ctum
189 1282 242 1308 est
266 1277 387 1318 paullo
414 1282 496 1308 ante
521 1286 554 1317 p.
570 1275 648 1310 639.
665 1276 712 1308 A.

68 1321 246 1361 Quocirca
272 1321 316 1354 ἄν
338 1323 524 1355 infinitivis
555 1323 713 1355 additum

68 1374 134 1410 est,
164 1371 293 1412 qnippe
319 1370 379 1411 qui
413 1370 525 1400 libera.
549 1369 714 1401 oratione

69 1425 131 1457 per
162 1417 357 1457 optativum
391 1426 468 1447 cum
500 1412 543 1446 ἄν
575 1417 713 1447 enunti-

67 1461 151 1493 andi
183 1462 338 1494 fuerunt.
387 1462 442 1493 De
479 1458 521 1492 ἄν
552 1472 628 1493 cum
660 1462 714 1493 in·

67 1508 205 1540 finitivo
240 1508 351 1539 futuri
393 1508 558 1549 copulato
596 1509 713 1550 dispu-

67 1554 158 1586 tavit
184 1553 419 1586 Hermann.
446 1554 501 1586 De
526 1555 651 1596 partie,
671 1551 714 1586 ἅν

68 1611 100 1642 p.
135 1599 204 1634 180
234 1611 311 1642 sqq.
352 1600 434 1633 Par.
468 1603 512 1632 A.
545 1611 567 1632 a.
601 1602 714 1642 prima

69 1657 173 1679 manu
208 1648 377 1688 seriptum
418 1647 524 1678 habet
557 1644 714 1686 οἰώμεθα

68 1690 110 1734 δή
137 1703 230 1734 ποτε,
255 1693 496 1736 superscripto
525 1689 578 1725 ἄν.
610 1693 714 1725 Unde

72 1739 268 1778 nanterus,
308 1739 568 1779 Schneiderus,
607 1740 712 1771 Turi-

68 1795 189 1818 eenses
221 1783 265 1817 ἄν
294 1790 439 1818 extruso
478 1787 710 1828 scripserunt:

69 1829 226 1870 οἰώμεθα
251 1829 293 1872 δὴ
319 1842 400 1864 ποτε
426 1829 512 1863 τοὺς
531 1844 555 1866 r.
571 1837 713 1875 praeter

68 1882 200 1909 rectam
223 1879 410 1917 rationem,
430 1878 570 1919 opinor.
606 1879 712 1911 Prae-

68 1928 168 1955 terea
197 1924 277 1956 Par.
305 1925 350 1955 A.
378 1934 421 1956 ex
454 1934 545 1956 corr.
569 1935 634 1966 pro
662 1923 712 1956 οι*-

71 1967 192 2009 ιόμεθα
217 1971 386 2011 seriptum
420 1970 527 2002 habet
553 1968 713 2010 οἰόμεθα,

70 2017 165 2058 quod
194 2017 328 2058 placuit
364 2017 389 2048 u
407 2027 428 2048 o
445 2027 463 2048 e
477 2027 495 2048 c
510 2017 533 2049 k
548 2018 571 2048 h
589 2018 638 2049 io
677 2017 714 2048 in

69 2063 158 2094 Min.
194 2073 228 2104 p.
274 2063 352 2097 111.
391 2064 450 2104 qni
481 2064 531 2096 ita
561 2073 605 2095 ex
638 2063 714 2095 cod.

73 2109 172 2140 Voss.
188 2109 258 2141 etE
273 2120 294 2140 u
307 2110 429 2141 sebio
445 2110 714 2151 l’raep.Evang.

70 2155 156 2187 XII.
183 2166 218 2196 p.
242 2155 321 2190 609.
360 2158 604 2197 reponendum
631 2166 713 2187 cen·

72 2201 180 2233 sebat.
230 2201 301 2234 Sed
339 2211 400 2233 cur
431 2203 518 2234 nihil
552 2207 714 2244 putemus

70 2252 212 2288 praeter
235 2249 339 2280 fidem
364 2249 581 2290 reliquorum
604 2249 714 2280 libro-

71 2304 147 2325 rum
177 2294 376 2326 novandum
401 2305 492 2335 esse,
511 2296 555 2327 ad
580 2306 614 2337 p.
630 2294 713 2329 639.

73 2342 119 2371 A.
143 2340 414 2372 declaravimus.
460 2342 595 2373 Eadem
622 2343 713 2373 rat-io

72 2391 126 2417 est
161 2386 230 2417 loci
266 2386 375 2427 Legg.
409 2387 455 2419 11.
488 2399 520 2430 p.
556 2388 637 2422 658.
670 2387 711 2419 Β.

73 2431 132 2462 ubi
157 2442 219 2463 cur
245 2428 411 2473 ἡγώμεθα
423 2433 508 2465 ferri
534 2445 605 2466 non
630 2444 712 2475 pos-

73 2478 128 2513 sit,
154 2477 250 2509 haud
266 2487 350 2510 sane
365 2479 607 2521 intelligimus.
635 2480 712 2512 Iam

74 2533 158 2555 vero
193 2534 258 2565 pro
288 2534 349 2562 eo,
373 2527 469 2567 quod
500 2527 538 2558 in
562 2527 712 2568 apodosi

72 2569 259 2601 dicendum
283 2570 369 2602 fuit:
394 2568 538 2612 οιάἱμεθ’
564 2571 606 2605 ἄν
632 2583 714 2603 ποτε

74 2616 231 2648 τοῦτον
253 2614 429 2658 θεωρὸν
453 2619 520 2650 τῶν
546 2617 714 2651 τοιοίτων

75 2671 162 2694 now.
191 2679 232 2686 -
273 2660 535 2703 ἐπαινέσεσθαι;
562 2675 711 2698 numero

74 2708 199 2749 plurali
225 2708 369 2743 dicitur:
394 2707 536 2751 οἰόμεθ’
565 2709 609 2744 ἄν
635 2711 712 2744 τού-

784 1191 867 1214 τους
897 1179 1064 1224 θεωρούς
1099 1193 1129 1214 κ.
1163 1194 1190 1215 τ.
1217 1183 1244 1214 λ.
1271 1184 1368 1225 quod
1393 1184 1430 1215 in

781 1229 959 1262 sententia
983 1230 1162 1260 communi
1197 1229 1327 1261 factum
1353 1240 1431 1262 esse

781 1276 988 1313 rectissime,
998 1276 1058 1306 vix
1076 1280 1157 1317 eget
1173 1276 1429 1308 admonitione.

782 1322 835 1355 lta
866 1332 951 1354 vero
986 1322 1091 1354 facile
1129 1327 1275 1364 apparet
1317 1327 1429 1355 totam

780 1369 872 1401 hanc
896 1369 1068 1401 orationis
1093 1373 1228 1410 partem
1251 1368 1345 1401 faeta
1358 1370 1430 1401 levi

782 1416 969 1446 verborum
1009 1416 1255 1448 emendatione
1283 1416 1430 1457 integri-

782 1463 845 1493 tati
871 1471 956 1493 suae
981 1463 1121 1494 restitui
1144 1472 1262 1503 posse.
1295 1459 1429 1504 Super·

782 1512 863 1540 sunt
887 1512 1024 1548 tamen,
1051 1509 1094 1540 de
1130 1508 1258 1550 quibus
1291 1509 1428 1550 aliquid

781 1555 1009 1586 admonuisse
1043 1565 1115 1587 non
1148 1556 1215 1587 erit
1245 1565 1267 1587 a
1298 1566 1429 1597 propo-

781 1602 849 1632 sito
875 1602 1042 1633 alienum.
1093 1602 1148 1632 Ac
1171 1602 1322 1643 primum
1349 1602 1430 1643 qui-

781 1648 860 1679 dem
886 1647 1148 1679 animadvertas
1167 1648 1321 1689 eleganti
1340 1659 1428 1690 quo·

781 1694 860 1725 dam
884 1694 964 1725 lusu
989 1694 1121 1725 dietum
1147 1704 1244 1726 esse:
1272 1704 1427 1726 κοινω-

780 1741 849 1771 νιά
876 1737 1024 1781 ὀρθῶς
1049 1736 1136 1781 αὐτὴ
1161 1736 1249 1781 αὐτῇ
1281 1750 1428 1772 κοινω-

780 1798 800 1817 ν
811 1797 830 1817 ο
839 1786 861 1817 ῦ
872 1796 931 1819 σα.
986 1786 1127 1819 Deinde
1167 1788 1429 1820 observandum

780 1837 849 1870 est,
877 1833 1071 1875 particulae
1101 1830 1187 1875 μήθ’
1211 1838 1295 1867 ante
1319 1834 1427 1876 ἑωρα-

782 1876 851 1910 κώς
887 1880 939 1921 εἴη
974 1880 1192 1921 respondere
1234 1880 1271 1912 in
1313 1881 1427 1912 altero

782 1926 937 1957 membro
970 1923 1007 1956 δέ
1038 1930 1119 1966 post
1155 1922 1211 1957 ἀεί
1234 1927 1426 1967 interposi·

782 1977 874 2009 tum3
912 1981 1014 2013 quem
1048 1981 1148 2003 usum
1182 1973 1352 2013 loquendi
1382 1972 1426 2003 il—

782 2018 976 2049 lustrarunt
1002 2016 1235 2049 Schaefer.
1266 2018 1310 2050 ad
1336 2018 1427 2050 Dio-

782 2074 858 2104 nys·
896 2064 953 2095 De
985 2061 1110 2104 Comp.
1147 2064 1248 2096 Verb.
1281 2075 1315 2106 p.
1346 2064 1427 2099 297.

786 2109 977 2142 Boeekh.
1003 2109 1039 2141 in
1066 2109 1154 2141 Min.
1178 2121 1212 2152 p.
1238 2110 1295 2145 96.
1320 2110 1427 2143 Mat·

782 2156 905 2188 thiae
941 2155 1004 2188 Gr.
1035 2155 1097 2187 Gr.
1131 2156 1161 2197 ἐ.
1192 2156 1260 2191 609
1312 2167 1341 2189 c.
1385 2153 1426 2189 δ’.

782 2203 855 2235 a'ii.
897 2203 1061 2243 Denique
1085 2201 1233 2244 χρηστόν
1258 2214 1286 2234 τι
1310 2202 1428 2244 ψέξειν

783 2249 838 2280 καὶ
863 2247 1109 2280 ἐπαινέσεσθαι
1122 2250 1274 2281 breviter
1293 2250 1425 2282 dictum

782 2305 846 2336 pro
878 2292 1027 2336 χρηστόν
1058 2306 1086 2327 τι
1117 2295 1279 2338 λέγοντας
1307 2296 1426 2338 ψέξειν

782 2341 837 2373 καὶ
862 2340 1107 2373 ἐπαινέσεσθαι
1135 2347 1175 2373 ut
1203 2352 1234 2383 p.
1264 2342 1344 2378 639.
1384 2347 1422 2375 Α.

783 2384 878 2429 ι’γιὲς
902 2387 1011 2429 ψέξαι,
1037 2389 1216 2430 aliquid
1242 2390 1339 2422 sani
1365 2390 1424 2422 di-

782 2435 928 2466 cendo
957 2435 1299 2476 reprehendere.

828 2503 874 2536 D.
924 2501 979 2537 οἷς
1033 2500 1321 2537 οὐδεπώποτε
1378 2503 1424 2537 τὸ

783 2547 1026 2594 παράπαν]
1054 2552 1116 2584 lut.
1142 2549 1358 2583 ἐθεάσασθε.

827 2618 878 2652 οὐ
915 2617 993 2663 γὰρ
1024 2617 1258 2662 ἐπιχώριον
1283 2639 1327 2644 -
1354 2631 1419 2652 νο-

780 2663 947 2708 μιμόν·]
1005 2666 1062 2699 De
1109 2665 1340 2700 Cretensibus
1389 2677 1421 2697 v.

782 2711 976 2746 Hoeek.
1013 2711 1119 2746 Creta
1156 2713 1237 2750 Vol.
1277 2712 1347 2746 111.
1386 2722 1420 2753 p.
