1612 2872
258 110 404 152 CLV]
694 109 1118 151 PROLEGOMEN
1129 113 1171 151 A‘

258 221 302 262 in
333 235 425 262 voc.
456 221 618 262 Deus.
658 221 805 272 Atque
832 219 959 260 etiam
990 219 1058 260 De
1078 219 1171 275 Rep
1198 220 1258 263 11.
1289 223 1429 276 p.377.
1452 221 1503 265 C.
1524 247 1577 254 ——

259 278 354 319 383.
385 275 435 318 C.
465 276 537 317 ubi
569 273 833 328 ostenditur,
873 274 1088 328 quomodo
1128 276 1258 321 futuri
1287 277 1474 320 civitatis
1505 293 1577 319 cu-

258 331 403 374 stodes
439 331 493 372 ad
529 331 728 386 pietatem
771 336 814 370 et
859 331 1077 387 religionis
1132 333 1408 374 reverentiam
1455 333 1577 375 insti-

257 387 403 429 tuendi
445 388 553 439 sint,
583 401 668 426 non
697 392 783 426 tam
813 385 1010 440 deorum,
1051 401 1177 441 quam
1209 387 1375 429 divinae
1405 396 1578 431 naturae

256 444 447 485 iniicitur
465 442 620 483 mentio
642 442 922 496 universeque
944 443 985 484 D
1002 457 1096 484 eus
1125 450 1397 485 memoratur.
1447 445 1576 497 Quod

257 500 294 544 si
324 497 508 552 quaeris,
537 512 614 538 cur
643 498 701 538 ita
722 498 879 540 factum
904 499 973 551 sit,
1006 500 1323 554 responsionem
1342 501 1385 541 in
1406 506 1575 555 promtu

256 555 476 595 habemus.
538 553 737 595 Seiunxit
765 554 876 595 enim
907 555 963 596 ibi
997 565 1167 609 quoque
1191 556 1471 611 philosophus
1503 572 1578 598 na-

254 618 394 652 turam
424 609 635 663 divinam,
668 624 795 663 quam
825 610 877 651 ab
910 611 1104 652 omnibus
1135 612 1324 666 piissime
1355 612 1575 654 colendam

253 666 428 718 statuit,
467 680 492 706 a
531 665 613 707 diis
651 666 945 720 popularibus,
977 667 1136 722 quippe
1165 667 1217 708 de
1256 669 1409 723 quibus
1441 669 1575 710 multa

253 724 399 777 inepte
429 728 558 775 atque
588 721 764 778 indigne
795 723 959 764 narrari
988 723 1195 775 solerent,
1237 739 1344 778 quae
1373 724 1479 765 nihil
1509 739 1575 766 es—

253 785 348 820 sent
387 777 465 819 nisi
506 793 675 819 crassae
717 777 937 819 cuiusdam
976 779 1292 833 superstitionis
1322 787 1573 822 commenta.

252 833 371 888 Quid
399 834 557 890 igitur?
589 849 715 888 quam
743 834 914 875 tandem
946 850 1139 876 caussam
1170 850 1264 877 esso
1293 836 1574 889 censebimus,

253 905 329 932 cur
357 890 638 945 philosophus
669 890 796 932 huius
819 897 902 937 tam
933 891 1175 947 praeclarae
1204 894 1442 933 sententiae
1473 907 1573 934 suae

251 948 296 988 in
343 946 530 1001 Legibus
581 946 738 987 nullam
787 947 1043 988 mentionem
1095 947 1271 988 fecerit?
1339 948 1572 990 Enimvero

251 1001 410 1044 nodum
436 1002 548 1044 huno
569 1001 787 1043 difficilem
806 1009 854 1043 ut
883 1010 998 1044 recte
1031 1003 1322 1058 expediamus,
1355 1011 1453 1045 ante
1485 1020 1573 1046 orn-

252 1059 324 1100 nia
367 1073 513 1100 rursus
564 1073 739 1100 necesse
778 1065 843 1100 est
884 1059 1217 1112 meminerimus,
1265 1074 1470 1113 quaenam
1516 1060 1573 1101 sit

251 1115 469 1167 librorum,
499 1114 542 1155 in
571 1114 727 1168 quibus
759 1115 945 1169 optimae
975 1115 1092 1170 leges
1117 1115 1376 1169 scribuntur,
1406 1115 1571 1158 indoles

253 1177 382 1224 atque
419 1171 646 1212 institutio.
724 1171 898 1212 Certum
947 1177 1013 1212 est
1051 1177 1192 1212 autem
1221 1177 1349 1225 atque
1380 1172 1571 1227 explora-

253 1236 363 1278 tum,
403 1227 590 1268 noluisse
630 1226 930 1282 philosophum
962 1227 1004 1267 in
1038 1227 1230 1282 Legibus
1259 1226 1444 1269 condere
1470 1227 1573 1268 civi-

253 1291 384 1324 tatem
423 1284 535 1324 omni
580 1298 632 1324 ex
674 1283 1063 1338 parte0absolutam
1093 1290 1136 1323 et
1167 1283 1222 1324 ad
1251 1282 1388 1324 ideam
1420 1284 1571 1324 summi

252 1340 355 1381 boni
395 1344 687 1381 consummata
724 1339 881 1380 virtute
927 1339 1138 1390 innixam,
1177 1339 1254 1380 sed
1293 1339 1451 1393 potius.
1481 1354 1571 1380 eam

254 1394 498 1437 describere
528 1395 803 1436 constituisse
832 1395 1150 1451 rempublicam,
1183 1409 1293 1450 quae
1324 1411 1402 1449 pro
1432 1410 1570 1436 rerum

254 1451 535 1492 humanarum
571 1450 823 1492 condicione.
864 1466 991 1505 quam
1029 1451 1209 1492 maxime
1245 1450 1471 1492 laudabilis
1501 1466 1572 1492 eo·

255 1522 338 1562 que
377 1508 592 1563 perfectae
629 1507 793 1549 civitati
834 1507 1045 1549 simillima
1084 1513 1209 1548 esset.
1278 1506 1432 1561 Itaque
1462 1506 1570 1547 hanc

254 1564 390 1660 ipsam
429 1563 483 1605 ob
524 1578 717 1605 caussam
757 1563 884 1604 etiam
931 1563 1149 1618 religionis
1194 1562 1459 1618 disciplinam
1510 1563 1569 1603 illi

286 1619 489 1660 estinavit
527 1634 641 1668 eam,
680 1634 788 1673 quae
828 1619 982 1663 civium
1022 1625 1192 1674 captum
1227 1634 1312 1660 non
1350 1625 1572 1674 superaret

256 1681 299 1716 et
318 1674 373 1717 ad
392 1675 638 1730 popularem
668 1674 992 1730 intelligentiam
1021 1681 1135 1716 esset
1165 1674 1479 1729 quodammodo
1510 1681 1573 1715 at-

255 1738 503 1786 temperata.
562 1730 778 1783 Quocirca
812 1730 1007 1772 subtilem
1046 1730 1159 1771 illam
1200 1730 1251 1771 de
1282 1746 1446 1772 summo
1476 1730 1572 1783 deo,

256 1789 300 1828 in
340 1803 425 1842 quo
463 1788 615 1829 summi
655 1787 753 1828 boni
791 1786 887 1827 idea.
916 1790 1120 1841 expressa
1149 1793 1415 1838 cerneretur,
1444 1801 1572 1840 quae-

257 1844 454 1895 stionem,
487 1857 595 1897 quae
625 1842 894 1898 philosophis
923 1843 1066 1898 potius
1097 1857 1222 1896 qnam
1252 1842 1400 1896 populi
1432 1842 1573 1882 multi-

257 1899 396 1941 tudini
441 1899 763 1940 accommodata
807 1913 899 1940 esse
950 1898 1192 1951 videretur,
1248 1899 1290 1939 in
1339 1898 1419 1940 hoo
1472 1913 1573 1953 ope-

259 1971 304 1997 re
363 1954 641 1996 omittendam
698 1970 747 1996 ac
807 1955 977 1996 silentio
1033 1954 1335 1996 transeundam
1394 1953 1571 2009 putavit.

263 2013 540 2053 Persuaserat
597 2011 708 2052 enim
765 2011 847 2053 sibi
890 2012 1082 2075 penitus,
1144 2010 1438 2055 difficillimum
1479 2024 1571 2051 esse

259 2068 386 2109 huius
424 2067 611 2108 universi
642 2073 861 2122 parentem
890 2067 1106 2119 invenire,
1135 2067 1258 2122 plane
1289 2074 1431 2107 autem
1468 2065 1572 2107 άὸύ-

259 2132 417 2176 ναι-ον’,
457 2124 675 2164 inventum
704 2124 846 2179 *vulgo
886 2123 1096 2174 indicare,
1140 2130 1188 2163 ut
1224 2123 1315 2178 ipse
1355 2121 1414 2162 ait
1461 2120 1570 2162 Tim.

260 2196 300 2235 p.
351 2181 416 2220 28.
467 2178 515 2220 C.
594 2178 793 2220 Tradidit
845 2179 976 2234 igitur
1025 2194 1122 2219 eam
1172 2178 1226 2218 de
1272 2177 1354 2218 diis
1406 2192 1572 2218 eorum—

260 2250 342 2290 que
373 2237 546 2278 numine
584 2236 862 2288 sententiam,
919 2250 1027 2289 qnae
1077 2249 1155 2275 nec
1204 2249 1229 2274 a
1278 2232 1571 2289 philosophiae

259 2290 386 2332 laude
426 2306 576 2334 aversa
617 2298 750 2343 esset,
791 2290 1134 2345 quandoquidem
1186 2305 1339 2330 numen
1384 2288 1571 2329 divinum

260 2346 522 2403 significavit
575 2362 668 2389 esse
728 2348 954 2402 perfectam
1017 2352 1193 2387 mentem
1253 2353 1295 2386 et
1349 2345 1570 2396 rationem,

260 2417 339 2445 nec
379 2418 404 2444 a
441 2404 634 2458 populari
683 2404 885 2459 religione
921 2402 1094 2448 nimium
1140 2401 1401 2443 discederet.
1460 2399 1572 2442 Sub-

260 2459 370 2501 stitit
399 2474 501 2514 ergo
532 2460 573 2500 in
606 2459 858 2514 explicanda
878 2458 1071 2500 doctrina
1102 2457 1153 2498 de
1173 2458 1318 2498 anima»
1337 2455 1403 2497 vel
1431 2462 1572 2497 mente

259 2515 404 2556 divina
448 2530 524 2569 per
563 2530 710 2556 omnes
749 2515 894 2557 mundi
930 2524 1073 2571 partes
1103 2510 1257 2554 diffusa
1285 2520 1412 2566 atque
1439 2517 1574 2553 totam

256 2586 399 2613 rerum
439 2578 632 2612 naturam
665 2572 954 2627 gubernante,
991 2577 1039 2612 ut
1067 2584 1176 2624 quae
1207 2569 1423 2610 videretur
1450 2566 1574 2610 intel-

262 2627 594 2679 lectu2faoilior,
627 2643 722 2669 cum
751 2642 887 2682 eaque
917 2626 1180 2669 consociavit
1208 2623 1459 2667 sententiam
1489 2623 1574 2664 vul-
