1612 2872
249 99 377 143 (21211
642 74 647 82 ’
665 97 1144 140 raom-:comam

279 212 318 253 ie
347 225 445 253 cum
475 210 555 263 iis,
594 221 704 262 quae
741 222 871 262 quum
902 206 1028 261 alibi,
1057 216 1148 251 tum
1177 209 1381 264 imprimis
1413 210 1458 251 in
1488 210 1575 252 Eu-

246 275 264 309 t
295 266 486 323 yphrone
506 271 550 307 et
572 263 810 319 Republica
839 262 893 304 de
916 262 1065 305 eadem
1083 278 1130 306 re
1149 265 1344 319 exposita
1363 266 1576 321 leguntur.

246 323 342 364 Nec
363 336 464 363 vero
493 320 579 373 illa,
611 333 721 372 quae
741 318 1012 361 disseruntur
1041 319 1095 361 de
1123 319 1268 361 divina
1293 321 1577 375 providentia,

246 392 272 419 a
333 383 474 419 mente
540 374 788 430 philosophi
851 374 939 416 ullo
989 375 1116 417 modo
1163 375 1405 419 abhorrent.
1481 378 1578 419 Etsi

246 433 360 475 enim
388 430 654 487 populariter
691 436 735 471 et
765 430 820 471 ad
851 445 1123 472 communem
1154 431 1475 487 intelligentiam
1507 448 1577 475 ac·

246 486 516 530 commodate
556 492 658 528 sunt
707 485 942 542 disputata,
987 493 1131 528 tamen
1169 494 1255 529 tam
1307 488 1477 543 egregie
1530 503 1579 530 ae

245 544 372 599 plane
413 542 558 583 divine
599 542 813 584 illustrata
843 549 958 595 sunt,
1011 549 1060 584 ut
1107 558 1186 585 nec
1230 543 1448 584 Platonem
1502 558 1581 587 nec

246 598 597 641 Leibnitium
635 598 821 652 aliquem
862 597 1111 640 dedeceant.
1179 599 1304 641 Adeo
1334 600 1376 640 in
1408 600 1460 641 iis
1493 615 1580 641 ma-

244 655 358 696 xima
389 654 645 710 simplicitas
676 662 718 695 et
749 655 1033 709 perspicuitas
1063 656 1453 711 argumentationis
1485 671 1580 697 cum

245 710 452 767 singulari
501 709 764 752 sublimitate
813 717 856 751 et
903 711 1225 766 magnificentia
1273 712 1579 753 sententiarum

246 767 477 809 coniuncta
518 766 718 808 cernitur.
749 795 753 799 >
793 768 855 807 At
884 766 994 807 enim
1026 782 1125 808 vero
1154 768 1198 808 in
1229 767 1364 822 prima
1392 768 1465 808 illa
1495 767 1582 809 dis-

249 823 485 879 putationis
516 829 642 877 parte
684 828 811 863 erunt
840 823 1039 875 fortasse,
1072 822 1144 877 qui
1173 823 1410 878 sapientiae
1439 823 1582 865 Plato-

247 880 370 920 nicae
410 878 695 920 subtilitatem
737 884 867 932 atque
908 879 1159 920 oravitatem
1201 879 1430 920 admodum
1471 879 1582 921 desi-

246 935 412 977 derent.
472 933 647 975 Etenim
677 933 784 974 nihil
813 934 872 974 ibi
906 911 958 974 de
987 950 1072 976 uno
1103 949 1240 989 eoque
1271 949 1437 976 summo
1468 935 1580 987 Deo,

245 1005 388 1033 rerum
418 990 608 1032 omnium
641 997 818 1030 auctore
850 1003 900 1030 ac
929 996 1123 1044 parente,
1155 1005 1280 1045 quem
1300 990 1583 1046 philosophus

245 1047 397 1089 statuit
439 1046 567 1096 alibi3
610 1044 717 1086 nihil
760 1060 888 1100 porro
930 1044 984 1086 de
1027 1045 1108 1087 diis
1137 1046 1416 1101 popularibus
1445 1046 1583 1088 eidem

247 1102 455 1145 subiectis
494 1108 538 1143 et
572 1100 838 1142 voluntatem
869 1101 963 1142 eius
997 1102 1322 1156 exequentibus,
1354 1102 1502 1156 quales
1532 1117 1584 1144 ex

246 1159 424 1200 Timaeo
452 1157 675 1207 novimu83
719 1156 824 1198 nihil
855 1156 1040 1211 denique
1072 1157 1126 1198 de
1157 1157 1402 1199 sublimiore
1434 1164 1477 1199 et
1497 1171 1583 1212 'pu-

236 1215 360 1257 ·riore
400 1213 622 1266 doctrina,
665 1213 805 1268 qualis
836 1212 890 1254 de
921 1213 1066 1255 divino
1096 1213 1268 1255 numine
1298 1214 1474 1268 eiusque
1503 1214 1584 1255 vir·

249 1270 414 1312 tutibus
456 1270 560 1311 alibi
601 1268 718 1324 apud
764 1269 989 1311 Platonem
1027 1269 1199 1323 prodita
1245 1276 1323 1313 est.
1400 1269 1586 1311 Accedit

252 1326 351 1379 huc,
392 1325 510 1381 quod
539 1340 658 1367 mens
700 1324 773 1366 illa
804 1325 871 1366 vel
901 1325 1046 1381 potius
1076 1326 1239 1378 anima,
1287 1340 1412 1380 quam
1445 1340 1584 1367 rerum

251 1382 439 1424 omnium
480 1381 722 1438 principem
772 1380 1098 1422 moderatricem
1145 1387 1275 1435 atque
1328 1381 1584 1423 effectricem

249 1453 340 1481 esse
378 1438 539 1490 voluit,
581 1452 634 1478 ne
678 1436 937 1478 discernitur
975 1436 1147 1491 quidem
1185 1437 1289 1479 satis
1337 1438 1389 1478 ab
1444 1437 1585 1478 anima

249 1493 466 1536 mundana
497 1509 574 1549 per
593 1499 731 1535 totam
763 1508 902 1534 rerum
935 1493 1256 1534 universitatem
1287 1499 1414 1547 atque
1445 1493 1586 1534 omnia

250 1550 499 1592 animalium
553 1563 716 1605 genera
766 1548 969 1590 distenta.
1044 1548 1163 1601 Quid
1206 1549 1370 1605 igitur?
1415 1548 1584 1603 putabi-

252 1621 402 1648 musne
433 1606 656 1647 Platonem
682 1604 726 1645 in
757 1619 808 1645 eo
838 1619 983 1660 opere,
1015 1605 1131 1659 quod
1155 1612 1296 1646 aetate
1318 1605 1585 1660 provectiore

251 1662 540 1704 elaboravisse
579 1659 763 1710 videtur,
796 1675 926 1713 quum
969 1659 1068 1701 olim
1121 1660 1374 1702 tradidisset
1413 1661 1587 1702 meliora

251 1718 385 1759 multo
416 1724 545 1771 atque
577 1716 933 1771 praestabiliora,
979 1730 1122 1758 senem
1153 1717 1312 1757 factum
1345 1731 1491 1760 rursus
1519 1731 1585 1758 re-

252 1775 416 1829 lapsum
446 1788 541 1815 esse
573 1771 628 1813 ad
659 1777 823 1813 veteres
855 1786 1021 1814 errores
1061 1778 1134 1813 aut
1166 1772 1408 1814 substitisse
1438 1786 1585 1815 rursus

252 1831 296 1871 in
336 1829 560 1871 humiliore
603 1828 722 1880 loco,
769 1843 898 1881 quum
929 1834 1057 1871 antea
1085 1828 1168 1868 iam
1199 1843 1361 1869 summa
1392 1842 1585 1881 quaeque

252 1892 513 1940 assequutus
534 1883 680 1926 esset?
739 1883 951 1925 Nimirum
985 1883 1116 1939 digna
1142 1898 1244 1927 sane
1267 1899 1333 1925 res
1365 1890 1442 1936 est,
1477 1898 1585 1937 quae

253 1941 496 1983 accuratius
552 1939 826 1995 dispiciatur,
884 1955 937 1980 ne
989 1955 1076 1994 qua
1117 1939 1160 1980 in
1200 1941 1294 1982 loco
1333 1940 1584 1996 gravissimo

252 1997 467 2039 dubitatio
507 1995 708 2038 resideat.
769 1994 1001 2038 Ordiamur
1031 2011 1133 2051 ergo
1166 1996 1219 2038 ab
1249 2011 1323 2049 eo,
1363 1994 1479 2050 quod.
1509 2010 1586 2050 po·-

251 2059 409 2095 stremo
441 2052 781 2094 memoravimus.
946 2061 948 2064 ’

334 2108 489 2150 Videri
509 2109 642 2163 igitur
660 2107 782 2148 Plato
807 2107 850 2147 in
883 2106 1074 2162 Legibus
1098 2113 1239 2162 potest
1256 2106 1436 2148 animam
1465 2121 1586 2148 mun-

253 2163 406 2205 danam
427 2180 451 2206 a
472 2162 627 2206 natura
651 2163 798 2204 divina
818 2178 903 2203 non
919 2162 1024 2204 satis
1047 2161 1315 2215 discrevisse,
1336 2162 1412 2204 sed
1429 2168 1586 2204 utram-

254 2235 335 2274 que
365 2235 443 2274 pro
466 2236 550 2263 una
580 2218 814 2273 eademque
836 2225 989 2259 natura
1018 2217 1231 2260 habuisse.
1271 2219 1368 2260 Hoc
1388 2225 1527 2259 autem
1549 2218 1585 2259 si

251 2276 313 2317 ita
350 2276 478 2329 fecit,
525 2286 795 2329 consequens
828 2282 916 2327 est,
946 2279 994 2314 ut
1024 2288 1200 2328 prorsus
1232 2273 1468 2316 deseruerit
1494 2289 1586 2315 eam

252 2331 482 2385 rationem,
517 2347 643 2385 quam
671 2332 715 2372 in
749 2331 949 2382 Timaeo,
978 2328 1062 2370 hoc
1085 2336 1182 2383 est,
1216 2331 1255 2371 in
1288 2345 1339 2372 eo
1369 2345 1511 2384 opere,
1541 2330 1585 2370 in

255 2402 341 2441 quo
374 2393 417 2428 et
447 2388 557 2443 ipso,
591 2387 720 2429 sicuti
750 2387 882 2427 libere
911 2384 1159 2441 profitetur,
1205 2384 1585 2437 verisimilitudinis

253 2443 397 2498 potius
440 2458 569 2497 quam
612 2442 806 2484 veritatis
838 2441 1076 2483 doctrinam
1105 2441 1319 2497 prodidit,
1351 2440 1585 2483 admirabili

253 2499 452 2541 libertate
498 2513 547 2540 ac
589 2498 828 2540 subtilitate
859 2496 1104 2552 explicavit.
1164 2497 1277 2539 Nam
1305 2499 1349 2539 in
1377 2498 1461 2540 isto
1493 2497 1584 2550 qui-

254 2555 352 2597 dem
393 2570 481 2597 non
526 2559 591 2596 est
630 2553 806 2596 dubium
838 2553 942 2608 quin
971 2553 1187 2595 mundana
1215 2554 1354 2595 anima
1383 2569 1407 2594 a
1435 2559 1587 2595 natura

256 2607 402 2653 divina
446 2609 575 2665 plane
607 2609 875 2666 seiungatur,
911 2613 1059 2665 utpote
1099 2624 1123 2650 a
1163 2610 1258 2651 Deo
1288 2615 1430 2651 creata
1458 2614 1586 2662 atque
