1612 2872
255 121 336 163 ClI
683 116 1154 163 PROLEGOMENA

255 231 443 273 sollertia
481 235 707 280 cernatur,
760 228 1059 282 putabimusne
1107 243 1215 283 opus
1267 228 1574 284 amplissimum

255 287 436 328 Platone
467 285 563 326 ideo
594 299 688 326 esse
721 283 967 338 indignum,
998 283 1098 337 quia
1132 283 1282 326 civitas
1314 284 1372 326 ibi
1403 283 1577 326 condita

257 344 339 385 alia
379 349 458 393 est,
490 355 616 395 quam
646 354 755 393 quae
784 339 827 380 in
857 339 978 380 libris
1008 339 1077 380 De
1107 339 1344 394 Republica
1372 339 1575 382 describi-

255 398 353 439 tur?
411 397 622 438 Nimirum
661 395 782 436 initia
822 394 993 449 quidem
1034 401 1077 436 et
1114 395 1345 449 elementa,
1382 395 1496 437 unde
1527 411 1577 437 ea

256 453 520 508 compositae
541 457 623 504 est,
652 451 688 493 si
714 466 800 492 rem
831 457 1075 505 spectamus
1103 451 1357 505 accuratius,
1389 451 1579 493 Platonis

258 509 471 551 sententia
499 507 740 562 rationique
768 507 895 561 plane
926 507 1203 560 conveniunt,
1236 508 1309 562 qui
1329 513 1372 548 et
1393 507 1437 548 in
1457 507 1577 550 libris

255 565 308 606 de
348 564 509 620 optima
538 563 735 617 civitate,
776 577 885 616 quae
923 569 1066 604 tamen
1104 563 1233 606 nullis
1273 562 1495 618 indigebat
1519 563 1577 604 le—

257 620 405 676 gibus,
437 619 714 676 fundamenta
742 618 888 673 posuit
917 619 1094 671 similia,
1126 626 1169 660 et
1196 619 1239 660 in
1268 619 1449 661 Politico
1479 634 1576 675 pro-

259 677 397 718 fessus
440 682 505 717 est
544 682 686 730 aptam
732 675 919 716 civitatis
960 675 1083 729 quasi
1129 681 1340 717 texturam
1377 675 1437 716 ita
1483 690 1577 716 esse

259 731 582 784 conficiendam,
615 737 664 772 ut
682 731 876 772 molliora
905 731 977 771 fila
1006 746 1100 772 cum
1125 730 1366 773 durioribus
1399 731 1578 787 iungan-

258 795 328 830 tur
359 787 674 843 prudenterque
704 787 1018 829 consocientur.

783 1187 903 1263 Cap.
946 1188 1066 1248 Vlll.

261 1333 432 1378 Agitur
458 1333 518 1367 de
542 1332 674 1367 statu
698 1331 914 1366 civitatis
938 1332 987 1366 ln
1012 1332 1221 1385 hegibus
1252 1334 1502 1375 conditae,
1528 1338 1578 1372 et

289 1390 490 1434 prlmum
514 1388 707 1432 quidem
733 1388 993 1424 disseritur
1017 1389 1079 1423 de
1106 1388 1263 1424 forma
1287 1392 1549 1436 regiminis,

778 1455 875 1489 qua
900 1446 1065 1480 utitur.

371 1562 458 1607 Sed
497 1562 854 1618 quemadmodum
884 1563 1032 1605 harum
1062 1578 1202 1606 rerum
1247 1565 1446 1607 tractatio
1476 1566 1579 1607 nihil

262 1620 405 1673 habet,
437 1618 552 1675 quod
582 1634 608 1660 a
634 1619 826 1661 Platonis
857 1619 1019 1661 ratione
1040 1627 1083 1660 et
1102 1621 1314 1675 sapientia
1340 1622 1428 1663 ullo
1451 1622 1577 1664 modo

261 1675 511 1728 abhorreat,
551 1675 612 1716 ita
638 1689 718 1716 nec
745 1681 883 1717 status
914 1682 957 1717 et
985 1674 1174 1721 conditio
1204 1677 1390 1719 civitatis
1422 1678 1466 1718 in
1495 1678 1579 1720 Le-

259 1732 385 1788 gibus
415 1731 655 1787 descriptae
685 1731 961 1785 Reipublicae
1000 1731 1193 1774 Platonis
1222 1732 1282 1773 ita
1311 1733 1577 1787 adversatur,

259 1793 308 1829 ut
342 1788 562 1841 utriusque
613 1786 914 1829 dissimilitudo
956 1788 1100 1844 Leges
1139 1788 1210 1829 alii
1248 1789 1414 1831 auctori
1452 1804 1580 1843 quam

261 1843 431 1885 Platoni
474 1843 620 1885 deberi
661 1849 827 1899 arguat.
895 1843 1009 1885 Nam
1048 1845 1218 1900 Legum
1248 1845 1398 1886 civitas
1429 1845 1465 1887 si
1495 1860 1581 1899 qua

259 1901 304 1941 in
340 1906 461 1955 parte
499 1899 552 1941 ab
592 1900 752 1955 optima
789 1899 864 1939 illa
901 1900 1073 1942 civitate
1112 1900 1156 1941 in
1184 1900 1422 1956 Republica
1447 1901 1579 1943 infor-

259 1961 373 1997 mata
408 1955 646 2010 discrepat,
685 1955 816 1997 habet
852 1955 896 1996 id
935 1969 1104 2012 semper
1136 1971 1314 1999 caussas
1353 1957 1456 1999 satis
1485 1957 1579 1999 ido-

261 2027 389 2064 neas,
432 2027 484 2053 ex
522 2011 672 2053 ultimo
702 2011 844 2066 operis
875 2011 1053 2054 consilio
1081 2026 1327 2068 suspensas.
1385 2012 1445 2054 Et
1470 2013 1577 2054 illud

261 2067 435 2122 quidem
465 2067 548 2108 iam
575 2067 620 2108 in
649 2067 940 2123 superioribus
976 2067 1171 2109 videmur
1199 2067 1460 2121 ostendisse,
1502 2083 1579 2111 cur

259 2126 304 2165 in
334 2139 384 2165 ea
411 2123 707 2165 desiderentur
735 2123 981 2178 philosophi
1009 2124 1294 2178 imperantes,
1324 2124 1367 2165 in
1398 2139 1576 2178 quorum

259 2180 399 2221 locum
435 2180 553 2236 leges
593 2186 904 2222 successerunt.
970 2179 1141 2221 Pariter
1169 2180 1229 2221 ibi
1259 2181 1471 2236 apparuit,
1502 2195 1578 2222 cur

261 2236 536 2291 magistratus
574 2235 645 2276 alii
671 2241 800 2289 atque
827 2238 872 2277 in
900 2237 1032 2278 altera
1061 2235 1233 2277 civitate
1263 2236 1396 2278 creati
1423 2236 1510 2279 sint
1536 2244 1578 2278 et

261 2306 337 2333 cur
366 2306 509 2332 eorum
538 2286 729 2347 potestas
769 2292 895 2334 certis
924 2291 1129 2334 limitibus
1159 2292 1215 2332 sit
1243 2291 1575 2348 circumscripta.

260 2347 356 2389 Nec
398 2362 497 2388 vero
536 2347 643 2401 alia,
694 2362 875 2402 quorum
915 2362 1045 2404 supra
1081 2347 1240 2389 iniecta
1287 2349 1446 2390 mentio
1496 2355 1576 2401 est,

260 2418 375 2445 nunc
414 2403 641 2445 obscurum
680 2403 763 2444 erit
791 2404 946 2458 quibus
983 2403 1148 2446 caussis
1178 2409 1220 2445 et
1247 2404 1484 2446 rationibus
1512 2405 1578 2445 ni-

261 2465 418 2501 tantur.
484 2458 647 2500 Verum
682 2466 919 2515 supersunt
947 2459 1164 2512 nonnulla,
1197 2473 1306 2513 quae
1336 2459 1579 2502 desiderent

261 2514 402 2557 adhuc
429 2514 615 2569 aliquam
643 2513 988 2569 admonitionem,
1020 2530 1105 2570 quo
1123 2515 1281 2557 certius
1298 2515 1575 2571 intelligatur,
1610 2550 1612 2565 1

263 2571 480 2626 sapienter
506 2571 551 2611 in
580 2569 771 2626 Legibus
808 2572 885 2616 has
925 2586 1095 2626 quoque
1132 2571 1392 2626 reipublicae
1433 2577 1577 2627 partes

265 2642 358 2671 esse
398 2626 636 2680 descriptas
678 2632 805 2680 atque
844 2629 903 2670 ita
942 2642 1035 2671 esse
1073 2626 1326 2680 adornatas1‚
1373 2634 1420 2669 ut
1458 2627 1580 2670 libris
