1612 2872
237 97 330 155 ‘254-

335 212 440 254 KA.
511 212 646 253 Ποῖοι
677 210 756 263 δή;

334 277 433 320 ΑΘ.

716 93 1086 139 PLATONIS

507 273 571 317 Τὸ
617 274 783 324 πολλάς
827 273 1087 331 ἀνθρώπων
1130 272 1316 332 φθορὰς
1350 278 1571 327 γεγονέναι

237 344 556 394 κατακλυσμοῖς
603 356 647 382 τε
692 343 764 383 καὶ
807 339 956 391 νόσοις
990 343 1061 384 καὶ
1106 338 1256 390 ἄλλοις
1289 343 1491 391 πολλοῖς,
1526 346 1571 384 ἐν

237 407 302 458 οἷς
336 403 477 461 βραχύ
517 421 559 448 τε
598 408 684 447 τῶν
719 405 978 461 ἀνθρώπων
1013 409 1247 449 λείπεσθαι
1274 412 1410 460 γένος.
1554 456 1558 459 ,

342 473 439 514 ΚΛ.
512 470 644 514 Πάνυ
678 474 757 526 μὲν
793 465 873 515 οὖν
915 470 1119 515 πιθανὸν
1153 470 1202 530 τὸ
1241 474 1446 515 τοιοῦτον
1481 473 1572 515 πᾶν

236 541 382 580 παντί.

337 614 438 657 ΑΘ.

508 616 617 667 Φέρε
655 612 722 664 δή,
745 611 970 668 νοήσωμεν
1000 616 1106 669 μίαν
1140 615 1228 655 τῶν
1261 616 1446 665 πολλῶν,
1469 613 1574 656 ταύ-

238 695 318 732 την
352 677 434 732 τὴν
470 680 530 732 τῷ
560 680 846 733 κατακλυσμῷ
882 681 986 721 ποτὲ
1019 683 1267 734 γενομένην.

337 757 440 800 ΚΛ.

338 823 436 864 ΑΘ.
498 819 550 851 ‘0

515 754 576 797 Τὸ
612 754 744 798 ποῖόν
780 772 822 797 τι
862 758 959 811 περὶ
994 754 1131 808 αὐτῆς
1166 758 1506 808 διανοηθέντες,-

509 839 574 870 ...c
609 824 651 863 οἱ
687 820 784 863 τότε
821 820 1131 878 περιφυγόντες
1163 821 1245 874 τὴν
1274 821 1464 881 φθορὰν
1482 837 1574 877 σχε·

332 971 370 1003 Ρ.
396 971 472 1005 677.
522 971 648 1003 Ποῖοι
673 970 756 1013 δή;]
789 972 825 1004 V.
853 971 898 1009 δέ,
922 977 1059 1013 praeter
1083 973 1186 1004 fidem
1208 973 1378 1005 librorum
1401 974 1447 1006 A.
1472 971 1510 1008 Ω.
1537 974 1575 1008 Ξ.

240 1018 388 1049 aliorum
418 1018 664 1058 plurimorum,
697 1023 731 1049 et
755 1018 882 1050 Euseb.
915 1018 1038 1058 Praep.
1071 1019 1136 1050 Ev.
1168 1018 1255 1050 XII.
1282 1019 1337 1053 15.
1362 1029 1396 1060 Ρ.
1421 1019 1499 1053 587.
1530 1019 1576 1051 D.

241 1062 326 1095 Mox
352 1060 389 1093 τὸ
414 1067 495 1094 ante
520 1063 586 1094 τῶν
609 1059 807 1105 ἀνθρώπων
830 1064 1005 1105 interponi
1030 1064 1125 1095 iubet
1148 1063 1335 1096 Boeckh.

331 1107 372 1139 B.
421 1103 507 1139 εἶεν
531 1109 677 1151 τομῆς]
714 1107 772 1140 Sic
795 1109 839 1140 A.
866 1113 899 1140 et
927 1106 965 1140 Ω.
990 1119 1041 1150 pr.
1066 1108 1159 1140 Flor.
1183 1118 1214 1140 a.
1241 1119 1317 1141 cum
1341 1109 1451 1141 tribus
1477 1109 1576 1141 codd.

286 1239 410 1275 P-677
449 1238 502 1272 Τὸ
529 1238 687 1272 πολλὰς
712 1236 874 1277 ἀνθρώ-

242 1296 330 1316 πων
357 1285 418 1326 —]
443 1286 487 1317 H.
518 1297 546 1319 e.
576 1282 593 1317 ὀ
619 1283 734 1327 λόγος,
763 1283 802 1316 ὃς
827 1285 876 1316 λέ-

241 1341 291 1372 γει
316 1328 441 1362 πολλὰς
465 1327 566 1372 α’νθρ.
593 1331 659 1371 (pst.
685 1330 876 1372 γεγονέναι.

239 1377 295 1408 De
333 1377 509 1408 infinitivo
548 1375 744 1413 λείπεσθαι,
777 1387 879 1418 quem

241 1421 548 1454 Schneiderus
580 1423 624 1454 ad
649 1421 769 1463 Remp.
797 1422 876 1455 Vol.

242 1467 285 1499 ll.
332 1478 365 1508 p.
404 1467 484 1501 247.
523 1477 565 1499 ex
608 1467 712 1507 φασὶν
748 1466 784 1498 οἰ
822 1465 877 1498 λό-

243 1523 316 1554 γοι,
350 1513 444 1553 quod
481 1513 614 1544 scilicet
649 1513 877 1553 supplendum

243 1558 308 1597 sit,
344 1558 496 1598 pendere
533 1558 727 1598 existimat,
765 1568 798 1590 v.
833 1558 878 1589 ad

242 1603 425 1634 Phaedon.
449 1613 484 1644 p.
502 1603 555 1637 72.
573 1604 618 1635 A.
656 1603 743 1634 Rem
766 1603 879 1643 ipsam

244 1649 274 1679 si
313 1652 526 1689 spectamus,
572 1648 782 1678 monendum
824 1647 880 1678 hic

245 1693 364 1733 utique
391 1698 460 1732 est,
477 1692 580 1733 ,quod
608 1693 644 1723 in
670 1693 792 1732 vulgus
817 1702 881 1723 no-

243 1742 314 1769 tum
328 1742 500 1778 putamus,
513 1738 752 1779 pervulgatam
774 1738 882 1768 fuisse

243 1784 335 1814 inter
363 1787 498 1815 veteres
536 1783 766 1824 philosophos
805 1792 881 1814 sen—

246 1829 408 1867 tentiam,
443 1834 553 1859 terras
586 1832 688 1868 atque
721 1828 882 1859 civitates

245 1874 372 1905 multas
397 1883 608 1915 magnasque
633 1883 738 1913 saepe
761 1882 881 1914 exper-

245 1923 299 1950 tas
322 1928 399 1950 esse
415 1920 638 1957 mutationes⁷
657 1919 710 1949 vel
728 1918 882 1956 diluviis,

245 1964 302 1995 vel
339 1964 528 2004 incendiis,
562 1964 616 1995 vel
655 1964 784 1995 morbis
828 1963 883 1994 vel

248 2008 400 2049 denique
454 2010 534 2041 aliis
578 2008 682 2040 rebus
730 2008 882 2041 effectas.

248 2053 410 2086 Platonis
442 2055 484 2086 de
514 2055 578 2086 hac
611 2064 648 2086 re
685 2054 884 2095 opinionem

249 2109 461 2140 cognoscere
485 2100 566 2131 licet
591 2109 633 2130 ex
659 2099 749 2130 Tim.
772 2109 804 2140 p.
829 2099 885 2132 21.

250 2145 296 2177 A.
318 2144 375 2177 22.
400 2144 440 2176 C.
465 2145 520 2179 23.
547 2144 587 2175 Β.
610 2143 650 2176 C.
668 2144 725 2178 25.
744 2143 782 2177 C.
798 2143 884 2178 Crit.

249 2199 284 2230 Ρ.
310 2189 388 2223 109.
417 2189 463 2222 D.
488 2190 531 2221 Ε.
563 2189 641 2223 111.
660 2188 717 2221 Ἀ.
744 2188 884 2221 Politic.

249 2244 284 2275 p.
309 2234 387 2268 270.
411 2234 451 2266 O.
485 2236 550 2266 His
577 2244 660 2266 vero
685 2235 771 2267 locis
797 2245 885 2275 quo-

250 2280 343 2310 niam
367 2281 551 2312 traduntur
575 2281 702 2312 similia
728 2280 783 2319 iis,
797 2290 885 2320 quae

249 2324 308 2355 hic
330 2325 489 2365 legimus,
513 2326 711 2358 Zellerus
748 2326 769 2357 l.
797 2335 826 2356 c.
851 2335 885 2366 p.

251 2368 330 2402 106.
368 2374 535 2410 protenus
580 2371 662 2402 inde
702 2370 886 2410 conclusit,

250 2418 363 2447 totum
397 2415 490 2447 hunc
519 2416 651 2456 Legum
681 2416 794 2447 locum
823 2415 887 2447 ali-

251 2460 343 2491 unde
371 2469 448 2491 esse
478 2462 768 2492 consarcinatum.
816 2459 887 2492 Sed

252 2510 455 2545 comparent
479 2515 607 2546 quaeso
638 2506 793 2546 legentes
819 2505 888 2546 ipsi

244 2559 346 2590 quae
370 2551 592 2591 contulimus,
609 2554 643 2582 et
666 2551 768 2582 facile
793 2551 888 2582 vide-

254 2594 352 2635 bunt,
372 2604 448 2627 esse
470 2595 538 2628 hoc
561 2605 692 2628 merum
717 2605 888 2628 commen·

256 2644 329 2672 tum
357 2640 541 2680 Zelleri,
565 2650 658 2674 nova
686 2641 818 2673 scilicet
854 2644 889 2673 et

943 1241 1086 1272 insolita
1110 1243 1279 1273 venantis.

988 1284 1123 1327 βραχύ
1155 1298 1188 1317 τι
1220 1287 1300 1317 τῶν
1330 1282 1579 1326 ἀνθρώπων

945 1330 1047 1362 λειᾝπ
1074 1331 1118 1373 y.)
1147 1331 1246 1371 Vere,
1273 1332 1411 1372 opinor,
1432 1331 1580 1362 coniecit

948 1375 1222 1417 Boeckhius,
1248 1375 1358 1418 βραχύ
1392 1387 1420 1407 τι
1445 1374 1487 1406 τὸ
1513 1376 1579 1407 τῶν

948 1417 1143 1462 ἀνθρώπων
1167 1422 1342 1452 λείπεσθαι
1368 1420 1477 1463 γένος.
1511 1421 1579 1453 Po-

945 1467 1028 1498 litio.
1059 1478 1093 1508 p.
1124 1467 1202 1500 270
1227 1468 1276 1498 D.
1308 1467 1362 1498 καὶ
1396 1464 1438 1507 δὴ
1463 1467 1516 1497 καὶ
1542 1465 1578 1498 τὸ

945 1512 1012 1543 τῶν
1043 1509 1239 1553 ανθρώπων
1271 1511 1371 1554 γένος
1407 1508 1522 1552 ὀλίγον
1553 1523 1581 1543 τι

948 1558 1178 1597 περιλείπεται.
1227 1557 1443 1598 Quamquam
1464 1562 1581 1588 carent

946 1603 1093 1634 articulo
1117 1603 1197 1633 libri
1229 1612 1359 1641 omnes,
1382 1601 1488 1633 etiam
1502 1602 1579 1633 Eu-

949 1648 1032 1680 seb.
1059 1647 1185 1688 Praep.
1205 1647 1340 1687 Evang.
1354 1647 1441 1678 XII.
1457 1657 1492 1687 p.
1501 1647 1580 1681 587

946 1693 984 1724 C.
1012 1693 1068 1733 qui
1094 1693 1208 1724 locum
1233 1693 1428 1733 exscripsit

994 1734 1151 1778 ταύτην
1176 1735 1250 1778 τὴν
1274 1738 1326 1779 τῷ
1351 1737 1564 1768 nazank—
1569 1736 1580 1778 ]

949 1783 1209 1814 celebratam
1269 1783 1410 1821 illam,
1473 1792 1582 1823 quae

945 1828 1053 1859 olim
1089 1828 1320 1859 diluvione
1353 1828 1471 1858 faeta
1505 1832 1581 1861 est.

951 1873 1109 1914 Cogitat,
1146 1874 1290 1914 opinor,
1330 1873 1374 1904 de
1403 1873 1583 1904 diluvione

952 1918 1192 1955 Deucalionis,
1218 1919 1260 1950 de
1291 1928 1355 1959 qua
1381 1928 1413 1950 v.
1440 1916 1581 1951 Sturz.

949 1963 995 1994 ad
1011 1963 1183 1995 Hellanic.
1207 1974 1240 2004 p.
1259 1962 1314 1997 68.
1344 1962 1583 1997 Buttmann.

950 2008 1146 2048 Mytholog.
1175 2009 1215 2040 P.
1239 2009 1314 2048 'spo
1328 2007 1394 2040 185
1411 2018 1488 2048 sqq.
1504 2008 1583 2041 coll.

951 2053 1043 2085 Tim.
1051 2064 1083 2094 p.
1095 2053 1148 2086 22.
1158 2055 1202 2085 Α.
1232 2053 1404 2085 Nimirum
1417 2053 1503 2084 haec
1514 2062 1584 2084 una

951 2099 1100 2130 maxime
1122 2099 1214 2139 apud
1233 2098 1388 2130 Graecos
1409 2102 1494 2129 nota
1505 2098 1583 2131 fuit.

954 2143 1002 2174 De
1028 2137 1148 2180 οὗτος,
1173 2147 1305 2175 notus
1332 2143 1431 2181 ille,
1455 2144 1584 2175 dictum

934 2188 996 2241 'ad
1022 2188 1198 2222 Phaedon.
1222 2199 1254 2229 p.
1281 2188 1336 2222 69.
1362 2187 1402 2219 G.
1446 2189 1584 2220 Vitiose

951 2233 1057 2274 vulgo
1073 2234 1169 2265 locus
1188 2234 1370 2266 distinctus
1386 2238 1471 2274 erat,
1484 2243 1585 2274 quem

951 2278 1108 2310 videmur
1140 2289 1220 2311 vere
1251 2279 1451 2310 emendasse
1491 2288 1584 2310 com-

951 2327 1042 2355 mate
1066 2329 1146 2355 ante
1173 2322 1295 2364 ταύτην
1317 2325 1537 2364 interposito.

1003 2365 1056 2399 Τὸ
1089 2367 1220 2400 ποῖόν
1253 2380 1288 2400 τι
1321 2369 1416 2410 περὶ
1451 2365 1584 2409 αὐτῆς

952 2411 999 2454 δ.]
1031 2414 1076 2445 Η.
1109 2424 1139 2446 e.
1172 2412 1273 2446 ποῖόν
1305 2415 1338 2445 τί
1365 2412 1434 2444 ἐστι
1471 2413 1584 2450 τοῦτο,

954 2455 973 2490 ὃ
999 2456 1240 2500 διανοηθέντες
1270 2459 1343 2499 περὶ
1374 2455 1479 2498 αὐτῆς
1501 2456 1583 2499 νοή-

955 2512 1064 2542 σωμεν
1102 2501 1225 2547 αὐτήν-ς
1270 2505 1388 2545 ltaque
1422 2514 1465 2534 ru
1503 2509 1585 2544 post

954 2552 1056 2580 ποῖον
1080 2560 1151 2582 non
1176 2555 1228 2583 est
1251 2550 1288 2581 in
1313 2547 1355 2590 δὴ
1373 2552 1583 2581 commutan-

954 2594 1053 2634 dum,
1078 2595 1172 2636 quod
1195 2595 1287 2636 apud
1311 2594 1500 2626 Eusebium
1522 2593 1583 2624 ha-

953 2639 1063 2672 betur.
1114 2641 1207 2680 Apte
1229 2642 1406 2684 comparat
1428 2637 1582 2670 Bneck·
