1612 2872
462 80 545 123 DE
578 77 853 122 LEGIBUS
885 83 965 120 ete.
1281 73 1391 117 XLI

39 215 77 241 τι
124 194 276 240 κοινὸν
315 194 563 252 εὑρηκέναι·
605 191 710 244 τούς
745 195 826 248 μὲν
873 190 1034 242 ἄλλους
1088 191 1166 233 ἐᾶν
1205 205 1396 243 πανηγυ-

39 258 192 312 ρίζειν,
235 251 398 302 αὐτούς
447 250 481 293 δ’
533 253 594 294 ὡν
642 251 918 306 εὶςηγοῦνται
962 247 1248 301 ποιήσασθαί
1298 262 1398 288 τινα

41 309 294 368 προστάτην
331 311 418 352 τῶν
456 311 528 351 καὶ
569 311 710 364 λέγειν
754 310 826 350 καὶ
877 305 1087 364 πράττειν
1139 307 1400 359 δυναμένων

41 373 111 412 καὶ
155 367 292 421 δόξαν
331 364 524 422 μεγάλην
563 364 779 421 ἐχόντων,
823 364 940 418 εἴπερ
985 365 1210 417 μέλλουσι.
1271 360 1399 415 Quae

41 426 217 482 quidem
246 425 378 467 verba
407 429 455 465 ut
480 423 611 479 plane
641 421 969 479 intelligantur,
1000 421 1110 463 haec
1138 426 1288 462 tenere
1320 433 1400 461 nos

41 490 227 541 oportet.
290 481 467 537 Scripta
505 486 574 521 est
611 479 688 520 illa
725 479 892 531 oratio,
935 479 1050 520 sicut
1087 493 1142 520 ex
1177 477 1277 533 ipso
1307 475 1400 518 eius

45 545 302 597 argumento
341 543 547 594 apparet,
592 551 680 578 non
709 536 771 578 ita
799 536 937 577 multo
965 541 1066 592 post
1094 535 1257 577 bellum
1287 533 1403 575 inter

46 597 297 653 Philippum
341 602 386 636 et
423 593 717 636 Athenienses
748 586 818 635 =de
861 592 1120 648 Amphipoli
1158 598 1331 649 gestum
1359 596 1405 633 et

44 654 221 712 Olymp.
269 653 361 694 108.
400 666 514 693 anno
557 649 750 693 secundo
789 649 831 692 h.
871 665 908 693 e.
940 665 978 692 a.
1020 651 1116 693 346.
1155 665 1194 692 a.
1225 648 1330 690 Chr.
1361 664 1404 690 n.

44 710 358 767 compositum,
404 723 490 764 quo
528 715 728 764 tempore
770 707 1014 762 Isocrates,
1056 721 1185 762 quem
1225 705 1403 763 Olymp.

48 770 142 811 110.
173 782 285 809 anno
316 766 446 808 tertio
475 772 692 808 mortuum
724 779 820 808 esse
850 771 1038 817 constat,
1070 765 1156 806 iam
1188 762 1244 804 ad
1274 778 1405 820 gran-

45 825 143 868 dem
174 829 442 867 senectutem
469 828 740 880 pervenerat.
811 821 912 875 Qua
942 821 1120 878 quidem
1149 835 1259 878 pace
1288 820 1407 862 facta

46 883 193 926 rhetor
231 881 562 935 celeberrimus,
599 879 719 937 quod
765 878 929 921 dudum
960 884 1243 934 exoptaverat
1274 883 1406 932 atque

47 939 313 997 panegyrica
353 939 549 980 oratione
590 953 669 980 sua
719 937 894 979 efficere
935 936 1188 990 studuerat,
1228 934 1408 978 tandem

47 995 283 1052 aliquando
322 994 378 1037 ad
417 994 619 1037 effectum
658 993 839 1052 perduci
878 1009 1007 1051 posse
1046 993 1129 1036 sibi
1169 992 1406 1049 persuasit,

49 1061 102 1096 ut
141 1052 325 1107 Graeci,
377 1051 630 1095 domesticis
673 1051 866 1094 dissidiis
914 1051 1118 1107 sepositis
1155 1050 1407 1105 iunctisque

46 1111 243 1166 viribus,
282 1125 399 1152 nunc
441 1111 569 1152 etiam
613 1109 804 1166 Philippi
846 1108 1107 1151 Macedonis
1138 1108 1301 1150 auxilio
1332 1105 1408 1148 ad-

49 1168 159 1221 iuti,
201 1182 471 1210 communem
509 1166 722 1210 Graeciae
751 1166 949 1219 hostem,
981 1167 1215 1208 Persarum
1243 1179 1407 1222 regem,

52 1225 275 1268 hostiliter
312 1223 586 1266 adorirentur
628 1239 770 1279 eaque
813 1223 982 1265 ratione
1021 1225 1189 1280 patriae
1217 1236 1401 1265 concor·

52 1282 192 1335 diam,
243 1281 450 1334 salutem,
501 1281 752 1323 felicitatem
796 1280 1066 1336 opulentiam
1121 1295 1203 1337 pro
1259 1280 1408 1322 futuro

51 1345 291 1382 tuerentur.
351 1338 508 1393 Itaque
549 1338 643 1380 sine
673 1339 951 1380 cunctatione
978 1363 1033 1368 —
1081 1338 1246 1394 scripta
1295 1336 1410 1379 enim

52 1396 192 1440 oratio
231 1401 300 1438 est
335 1395 480 1438 iudice
521 1394 795 1438 clintone.
836 1403 880 1438 et
917 1394 1175 1439 Weiskio
1215 1394 1286 1437 De
1330 1394 1409 1451 hy-

52 1453 218 1512 perbol.
249 1453 307 1497 11.
336 1469 379 1510 p.
411 1454 478 1494 27.
510 1460 555 1495 et
581 1468 630 1509 p.
657 1454 725 1495 34.
758 1452 912 1495 eodem
939 1468 1069 1507 anno,
1104 1468 1191 1508 quo
1220 1467 1309 1508 pax
1337 1452 1412 1494 ina

53 1511 138 1553 fuit
174 1511 443 1566 composita,
483 1511 599 1552 inter
637 1509 1031 1566 Elaphebolionem
1072 1510 1326 1565 (Martium)
1368 1515 1413 1551 et

52 1567 222 1611 Julium
261 1567 331 1609 vel
368 1569 622 1625 Augustum
663 1583 700 1612 a.
740 1569 839 1610 346.
871 1592 927 1598 -—
967 1568 1114 1624 ipsum
1157 1566 1412 1624 Philippum

55 1624 162 1667 a'diit
201 1625 326 1679 eique
362 1625 546 1668 consilia
585 1639 664 1667 sua
707 1625 894 1681 probare
942 1632 1124 1667 conatus
1179 1632 1267 1676 est3
1323 1639 1412 1679 quo

56 1682 230 1725 nomine
270 1689 319 1725 se
363 1682 404 1724 ei
447 1682 524 1724 illo
575 1682 671 1738 ipso
710 1683 824 1736 loco,
863 1681 940 1724 ubi
969 1697 1042 1737 ea,
1093 1697 1205 1738 quae
1246 1681 1413 1724 adscri-

54 1740 245 1795 psimus,
292 1740 426 1782 verba
462 1739 689 1796 leguntur,
745 1754 956 1782 excusare
994 1739 1157 1782 studet.
1234 1738 1416 1781 Etenim

55 1803 203 1839 orator
238 1803 523 1852 posteaquam
562 1811 658 1839 sese
697 1797 964 1854 panecryrica
990 1798 1184 1839 oratione
1215 1811 1295 1839 sua
1324 1797 1414 1838 fru-

57 1860 148 1895 stra
185 1853 358 1894 efficere
396 1853 618 1896 studuisse
656 1832 880 1910 professbus
910 1860 1002 1907 est,
1041 1861 1091 1896 ut
1128 1853 1328 1897 Graecos
1359 1852 1416 1894 ad

58 1924 285 1952 commune
314 1910 476 1952 bellum
505 1917 657 1952 contra
689 1912 844 1953 Persas
875 1918 1163 1967 permoveret,
1195 1910 1415 1952 nihilomi-

58 1981 142 2008 nus
172 1981 287 2008 nunc
317 1981 363 2008 se
395 1967 470 2020 ait,
501 1967 714 2022 neglectis
746 1968 877 2009 etiam
918 1969 1156 2010 senectutis
1186 1968 1417 2017 molestiis,

60 2024 217 2080 quibus
243 2023 327 2065 iam
359 2029 581 2081 urgeatur,
616 2024 866 2080 Philippum
889 2024 988 2066 ideo
1021 2025 1280 2082 compellare
1312 2039 1416 2067 con—

60 2081 270 2123 stituisse.
340 2079 499 2136 Itaque
539 2081 767 2123 consilium
796 2097 920 2124 suum
952 2097 1004 2124 eo
1042 2089 1238 2140 spectare
1281 2082 1417 2140 signi-

62 2138 186 2190 ficat,
216 2144 268 2179 ut
295 2137 365 2192 iis,
397 2152 509 2192 quae
541 2138 747 2195 Philippo
779 2138 1060 2195 suadeantur,
1101 2140 1254 2182 eadem
1283 2154 1418 2197 opera

62 2193 194 2250 (ἅμα)
235 2194 577 2249 demonstretur,
627 2197 812 2252 primum
854 2195 1030 2251 quidem
1077 2197 1264 2253 publicis
1314 2212 1418 2240 con-

63 2252 264 2294 ventibus
307 2251 494 2295 dicendo
543 2253 786 2295 molestiam
829 2268 975 2296 creare
1015 2259 1059 2296 et
1089 2254 1145 2296 ad
1174 2269 1325 2297 omnes
1356 2254 1418 2296 ibi

62 2307 334 2351 confluentes
374 2310 469 2352 sine
510 2309 758 2352 discrimine
797 2311 932 2353 verba
975 2311 1118 2354 iacere
1162 2311 1279 2354 idem
1322 2325 1419 2353 esse

63 2372 197 2420 atque
237 2365 380 2408 surdis
419 2367 597 2410 auribus
636 2383 791 2409 canere
843 2368 984 2423 (πρὸς
1026 2369 1188 2411 οὐδένα
1229 2369 1418 2424 λέγειν),

65 2423 328 2477 talesque
359 2424 649 2467 orationes
680 2425 1012 2482 (panegyricas)
1043 2427 1266 2483 pariter
1294 2441 1419 2468 esse

68 2479 264 2522 irritas
301 2478 500 2535 (ὁμοίως
533 2482 722 2536 ἄκυροι)
762 2488 931 2538 atque
971 2483 1154 2541 Leges
1184 2490 1237 2526 et
1263 2483 1420 2527 Poli-

69 2535 180 2578 tias
218 2551 245 2578 a
283 2537 647 2596 philosophis
692 2540 970 2596 scriptas3
1017 2540 1193 2596 deinde,
1236 2557 1313 2584 eos
1345 2541 1421 2596 qui

68 2593 203 2635 velint
231 2609 318 2636 non
345 2595 509 2638 frustra
537 2597 672 2639 verba
689 2596 844 2651 facere,
874 2597 952 2640 sed
984 2598 1151 2653 aliquid
1179 2614 1313 2655 opera
1343 2612 1422 2640 sua

70 2650 280 2705 proficere
321 2653 480 2708 quique
524 2654 605 2696 sibi
648 2653 877 2702 videantur
915 2656 1018 2698 boni
1057 2655 1266 2711 quiddam
1299 2669 1421 2711 repe-
