1612 2872
262 115 341 155 328

762 116 844 155 1²12
861 118 897 155 A
913 115 1124 158 1¹0le

262 233 492 283 λεγομένης
538 228 818 283 εὐδαιμονίας
859 230 941 281 τὴν
989 230 1196 283 Μηδικὴν
1243 237 1451 288 περιεῖδεν
1495 232 1580 276 ὑπὸ

260 297 475 349 γυναικῶν
510 310 553 335 τε
589 296 662 335 καὶ
695 293 909 350 εὐνούχων
951 300 1271 347 παιδευθέντας
1305 299 1442 342 αὑτοῦ
1479 299 1582 349 τοὺς

179 369 218 410 Β
259 366 375 414 υἱεῖς,
411 358 526 402 ὅθεν
561 365 756 412 ἐγένοντο
792 366 911 411 οἴους
946 356 1000 413 ἦν
1036 361 1146 412 εἰκὸς
1179 363 1339 414 αὐτοὺς
1360 369 1580 418 γενέσθαι,

262 428 401 485 τροφῇ
436 424 740 479 ἀνεπιπλήκτῳ
763 432 1017 485 τραφέντας.
1055 429 1384 482 παραλαβόντες
1418 430 1459 472 ὃ(
1501 425 1580 474 οὖν

260 496 299 534 οἱ
345 494 494 540 παῖδες
538 492 874 543 τελευτήσαντος
924 494 1072 550 Κύρου
1117 497 1283 552 τρυφῆς
1324 500 1469 550 μεστοὶ
1508 501 1577 539 καὶ

258 558 591 610 ἀνεπιπληξίας,
636 560 811 611 πρῶτον
855 563 934 614 μὲν
980 560 1056 603 τὸν
1099 566 1246 615 ἕτερον
1289 562 1443 617 ἅτερος
1476 563 1576 605 ἀπε-

259 640 393 666 κτεινε
439 625 498 678 τῷ
543 623 617 677 ἴσῳ
663 623 950 676 ἀγανακτῶν,
1010 626 1118 675 μετα
1177 631 1220 670 δὲ
1267 632 1400 671 τοῦτο
1444 628 1580 679 αὐτὸς

257 690 518 746 μαινόμενος
563 688 648 732 ὑπὸ
693 696 836 745 μέθης
880 709 921 735 τε
956 697 1025 735 καὶ
1061 693 1345 743 ἀπαιδευσίας
1388 695 1467 747 τὴν
1501 694 1578 750 α’ρ-

254 755 338 812 χὴν
380 755 601 798 ἀπώλεσεν
651 754 737 799 ὑπὸ
785 756 953 809 Μήδων
1002 776 1045 801 τε
1089 764 1158 803 καὶ
1213 763 1290 802 τοῦ
1345 764 1577 814 λεγομένου

259 822 354 866 τότε
423 821 468 864 εὐ
477 821 647 876 νούχου,

257 892 433 943 μωρίας.

716 824 1138 881 καταφρονήσαντος
1192 828 1267 877 τῆς

1340 828 1576 880 Καμβύσου

345 1018 384 1051 Ρ.
409 1016 508 1056 695,
539 1017 576 1049 Β.
625 1016 746 1049 εἰκὸς
770 1014 935 1051 αὖτοὺς
958 1019 1012 1062 γ.]
1039 1016 1167 1052 αὐτοὺςΙ
1190 1019 1283 1052 eluas
1309 1023 1347 1053 Α.

347 1063 412 1094 καὶ
445 1063 562 1095 ἔοικέ
593 1074 636 1105 γε
668 1061 842 1106 σχεδὸν]
880 1065 957 1097 Hoc
985 1067 1128 1098 alterum
1153 1077 1190 1108 γε
1214 1077 1279 1098 om.
1308 1069 1345 1098 A.
1378 1064 1414 1098 Ω.
1442 1077 1473 1098 v.
1499 1066 1522 1099 f.
1548 1066 1576 1099 h.

255 1174 433 1207 Platonem
461 1175 571 1216 potuit
587 1175 782 1216 praeterire.
815 1174 882 1208 Qui

254 1220 280 1252 si
318 1220 443 1261 Cyrum
483 1220 585 1252 talem
623 1220 730 1253 fuisse
770 1225 883 1261 negat,

253 1266 360 1307 qualis
393 1270 447 1297 est
479 1265 570 1306 apud
605 1264 881 1308 Xenophontem,

253 1321 319 1343 non
350 1311 457 1352 ipsum
489 1310 591 1353 hunc,
625 1311 684 1342 sed
711 1321 790 1350 eos,
823 1312 883 1353 qui

251 1357 516 1398 Xenophontem
532 1357 623 1388 male
636 1355 882 1398 intelligebant,

250 1401 395 1441 refutat,
445 1405 646 1442 tantumque
689 1402 804 1441 abest,
846 1405 884 1434 ut

251 1446 490 1488 Cyropaediae
535 1451 711 1479 auctorem
767 1457 882 1488 repre·

251 1491 393 1531 hendat,
418 1496 454 1524 ut
478 1491 555 1524 nihil
584 1493 646 1523 nisi
673 1497 814 1533 caveat,
842 1503 883 1524 ne

250 1537 324 1578 quis
351 1548 412 1578 ea,
434 1547 521 1579 qnae
544 1536 735 1578 Xenophon
762 1548 803 1570 ex
829 1548 880 1570 ar·

249 1583 350 1614 bitrio
376 1582 500 1624 Cyrum
534 1583 617 1614 fecit
651 1582 818 1615 dicentem
847 1587 882 1615 et

251 1631 426 1670 agentem,
459 1628 503 1659 ita
536 1628 719 1659 arbitretur
752 1637 879 1668 propo-

251 1674 330 1715 sita,
357 1673 452 1712 quasi
477 1682 557 1704 vere
584 1671 781 1704 acciderint.
832 1674 880 1703 Ac

251 1727 293 1749 ne
318 1727 435 1749 verum
459 1716 593 1757 quidem
621 1720 691 1757 est,
717 1716 807 1758 quod
833 1717 879 1749 illi

251 1762 428 1801 dictitant,
464 1762 642 1794 Platonem
684 1762 715 1794 in
753 1762 880 1794 descri-

252 1807 364 1840 bendo
384 1807 463 1850 Cyri
487 1807 621 1848 ingenio
638 1817 657 1839 a
671 1806 880 1847 Xenophon-

206 1883 209 1886 ,
252 1854 297 1885 tis
343 1853 508 1884 sententia
556 1852 655 1892 piane
701 1851 881 1891 recedere;

251 1908 351 1939 qnem
382 1898 455 1938 ipse
481 1907 614 1938 qnoque.
640 1902 752 1929 narrat
777 1897 881 1930 fuisse

253 1949 288 1976 et
323 1943 543 1975 iustissimum
592 1946 626 1973 et
664 1943 779 1983 populi
828 1942 879 1973 aui

251 1989 540 2027 amantissimum,
570 1992 607 2018 nt
631 1988 661 2019 ei
686 1988 879 2020 libertatem

253 2036 351 2067 etiam
385 2044 484 2074 quarn
518 2033 697 2065 maximam
739 2043 879 2065 concea-

251 2080 342 2112 aerit.
392 2078 461 2111 Sed
493 2077 580 2110 istud
611 2078 745 2119 quidem
781 2078 811 2110 in
837 2088 879 2110 eo

249 2123 484 2167 reprehendit,
514 2122 605 2165 quod
639 2123 763 2155 liberos
796 2133 879 2155 suos

250 2180 315 2202 non
348 2174 440 2202 recte
474 2168 668 2202 educaverit
694 2173 793 2209 atque
820 2178 876 2200 ne·

250 2215 396 2256 glexerit
435 2215 482 2246 rei
522 2213 696 2246 familiaris
736 2214 877 2246 admini-

249 2261 460 2292 strationem.
509 2259 587 2294 Qno
619 2259 692 2300 ipso
725 2259 773 2291 ita
799 2269 876 2291 eve-

251 2305 342 2337 nisse
367 2307 503 2344 censet,
535 2308 573 2336 ut
596 2303 776 2336 Persarum
803 2303 876 2336 seli-

251 2350 335 2382 citas
349 2350 489 2382 multum
502 2349 764 2382 imminueretur.
801 2349 877 2381 Hoc

251 2395 360 2436 ipsum
397 2399 508 2427 autem
543 2398 596 2426 est
619 2393 805 2434 eiusmodi,
841 2398 878 2426 ut

250 2449 324 2472 cum
381 2438 635 2480 Xenophonteis
684 2440 875 2480 neutiquam

250 2488 390 2527 pugnet.
438 2484 523 2516 Nam
547 2483 737 2526 Xenophon
766 2485 809 2517 de
837 2495 876 2518 ea

250 2530 454 2562 educatione
487 2530 651 2568 loquitur,
684 2539 782 2570 qnam
809 2529 876 2571 Cy-

249 2586 305 2608 rus
345 2586 363 2607 a
404 2575 598 2614 parentibus
643 2574 713 2604 anis
757 2579 874 2606 nactus

249 2625 338 2660 erat,
371 2618 400 2651 h.
427 2630 457 2652 e.
483 2618 526 2651 de
559 2619 758 2652 educatione
789 2619 872 2651 Per-

249 2667 336 2705 sica,
374 2674 471 2706 quam
505 2664 606 2698 Plato
635 2672 770 2705 quoque
802 2665 870 2698 suis

949 1175 1148 1217 quibusdam
1175 1182 1271 1209 ornat
1295 1176 1472 1216 laudibns;
1496 1177 1574 1209 Pla-

949 1225 985 1252 to
1023 1232 1104 1254 vero
1151 1222 1303 1263 disputat
1347 1222 1390 1254 de
1432 1223 1574 1255 filiorum

949 1267 1020 1298 eius
1050 1267 1283 1306 institutione,
1322 1277 1421 1308 quam
1458 1269 1576 1300 Xeno-

950 1311 1038 1353 phon
1069 1323 1112 1345 ne
1141 1313 1244 1345 verbo
1275 1313 1408 1354 quidem
1443 1322 1576 1345 memo-

948 1362 1011 1389 rat.
1069 1359 1186 1399 ltaque
1223 1357 1301 1390 nihil
1341 1367 1478 1399 prorsus
1513 1357 1576 1390 hoc

947 1403 1025 1434 loco
1049 1403 1208 1438 invenias,
1234 1403 1323 1444 quod
1343 1402 1490 1435 invidiae
1513 1404 1575 1435 ali-

949 1449 1045 1479 cuius
1068 1453 1126 1480 aut
1158 1449 1339 1480 simultatis
1364 1448 1465 1480 faciat
1490 1449 1575 1480 indi-

948 1493 1046 1525 cium.
1098 1494 1175 1525 Huc
1200 1493 1345 1534 accedit,
1373 1493 1463 1534 quod
1490 1498 1574 1534 tum,

947 1547 1048 1579 qniim
1075 1539 1190 1578 Leges
1215 1539 1462 1578 scriberentur,
1488 1549 1575 1579 quae

946 1587 1039 1614 certe
1073 1588 1152 1624 post
1187 1583 1320 1624 Olymp.
1350 1584 1439 1614 CVI.
1465 1583 1496 1615 1.
1522 1584 1573 1614 in·
1610 1613 1612 1617 .

946 1626 1088 1659 choatae
1127 1631 1207 1659 sunt
1246 1638 1264 1658 a
1304 1628 1446 1659 Platone
1479 1638 1572 1667 sene,

945 1671 1136 1712 Xenophon
1159 1672 1311 1704 fortasse
1332 1673 1396 1704 iam
1415 1673 1486 1704 fato
1511 1671 1572 1704 de-

946 1717 1077 1749 functus
1109 1722 1191 1749 erat.
1252 1718 1338 1750 Quis
1368 1723 1422 1750 est
1458 1718 1572 1757 igitur,

946 1762 1000 1803 qui
1030 1761 1092 1793 sibi
1125 1762 1346 1803 persuadeat,
1381 1762 1572 1794 iracundiae

947 1811 1005 1838 aut
1036 1806 1179 1839 invidiae
1211 1808 1376 1839 flammam
1415 1807 1447 1838 in
1482 1808 1572 1839 senia

948 1852 1123 1892 scriptoris
1155 1852 1266 1884 animo
1297 1852 1397 1884 etiam
1423 1857 1502 1884 tunc
1526 1853 1572 1884 ita

946 1898 1088 1933 arsisse,
1121 1901 1158 1928 ut
1187 1899 1238 1930 vel
1270 1902 1438 1929 mortuum
1466 1898 1570 1929 corri-

946 1946 1043 1983 peret
1059 1941 1347 1982 Xenophontem?
1393 1943 1469 1975 Nec
1488 1952 1570 1974 vero

946 1988 1010 2019 hac
1035 1988 1065 2019 in
1093 1998 1212 2019 caussa
1230 1987 1461 2028 negligendum
1488 1988 1570 2019 illud

947 2037 1019 2071 est,
1053 2033 1095 2065 de
1127 2043 1194 2073 quo
1230 2043 1332 2073 supra
1365 2032 1568 2070 monuimus,

944 2077 1033 2119 qnod
1063 2079 1158 2110 l'lato
1182 2088 1268 2118 quae
1293 2077 1336 2110 de
1353 2078 1441 2118 Cyro
1466 2082 1570 2118 atque

944 2132 1058 2155 rerum
1085 2123 1293 2155 Persicarum
1328 2122 1419 2154 ruina
1444 2126 1569 2159 narrat,

945 2178 987 2200 ea
1010 2167 1194 2200 identidem
1221 2178 1284 2199 non
1304 2170 1372 2199 tam
1393 2169 1570 2209 explorata

943 2222 1055 2245 rerum
1081 2214 1234 2252 veritate,
1259 2223 1358 2254 qnam
1374 2213 1568 2245 coniectura

944 2263 978 2290 et
990 2257 1280 2290 verisimilitudine
1304 2258 1366 2290 niti
1390 2258 1567 2297 significat.

944 2303 1022 2336 Hoc
1046 2303 1132 2335 enim
1157 2313 1260 2344 quum
1278 2303 1324 2334 ita
1339 2302 1470 2341 fecerit,
1497 2313 1566 2335 ma—

943 2348 1067 2380 nifesto
1092 2353 1247 2389 apparet,
1275 2358 1348 2382 eum
1363 2347 1568 2389 Xenophon-

942 2394 986 2425 tia
1010 2393 1212 2434 corripiendi
1229 2393 1404 2425 consilium
1431 2394 1568 2425 omnino

945 2438 1066 2472 habere
1090 2448 1154 2470 non
1180 2439 1343 2480 potuisse.

993 2483 1030 2516 Β.
1080 2481 1403 2525 παραλαβόντες
1426 2478 1460 2514 δ’
1486 2476 1568 2514 οὖν

943 2528 987 2560 οἱ
1021 2528 1172 2561 παῖδες
1201 2529 1268 2570 -]
1306 2528 1494 2569 Cambyses
1532 2531 1567 2558 et

941 2574 1103 2606 Smerdis.
1124 2574 1178 2606 De
1191 2584 1334 2615 quorum
1354 2573 1425 2604 sato
1443 2583 1471 2605 v.
1488 2571 1516 2603 H
1529 2583 1563 2601 e-

940 2619 1081 2651 rodoi.
1106 2620 1172 2652 111.
1193 2631 1221 2651 c.
1241 2618 1404 2653 61-67,
1430 2621 1463 2648 et
1489 2627 1564 2657 cap.

938 2663 982 2699 68
998 2683 1038 2688 —
1057 2665 1108 2699 79.
1138 2665 1287 2700 lustin.
1318 2664 1339 2696 1.
1355 2663 1388 2697 9.
1414 2662 1561 2694 Verbum
