1612 2872
484 378 790 419 ADDENDA
825 379 901 419 ET
935 377 1249 421 CORRMEN
1259 379 1356 420 DA.

255 601 340 642 Pag.
367 599 421 634 16.
448 609 591 632 comm.
619 601 683 631 col.
710 600 756 631 11.
784 609 869 633 vera.
897 599 950 633 19.
976 610 994 631 a
1020 598 1042 630 f.
1070 610 1135 632 scr.
1163 600 1420 634 identidem,

258 663 299 669 —
324 645 379 680 27.
409 650 511 678 text.
539 654 626 676 vers.
650 645 683 678 2.
710 653 775 677 scr.
802 642 894 684 κώμῃ
920 654 997 676 cum
1024 643 1092 677 iota
1120 645 1322 688 subscripto.

260 709 303 714 —
328 691 384 726 27.
406 700 494 723 ann.
520 691 613 722 crit.
640 699 728 722 vers.
754 689 786 722 2.
812 699 873 731 pro
897 688 923 725 Β
948 693 982 722 et
1004 688 1033 725 X
1058 700 1187 731 repone
1213 691 1256 723 A.
1282 696 1316 722 et
1339 699 1374 727 x.

260 754 302 759 -
331 736 386 770 39.
413 739 517 768 text.
546 745 634 767 vers.
661 735 692 769 6.
720 744 785 767 scr.
813 732 972 766 Κνώσιος
996 745 1056 776 pro
1082 733 1273 768 Κνώσσιος.

259 800 300 805 ——-
326 781 382 817 47.
408 790 554 813 comm.
579 781 644 812 coi.
671 781 693 812 1.
722 789 808 811 nunc
832 779 1047 812 scribendum
1066 782 1292 813 coniecirnus:
1319 777 1404 821 ὑπὲρ
1430 791 1465 822 γε
1490 781 1588 812 θείω

439 827 749 867 πραγματειάςς
774 825 974 866 intelligitur
1003 835 1084 867 vero
1110 826 1306 868 legunnmio
1332 825 1443 858 divina
1469 831 1581 858 aucto·

436 872 537 903 ritate
561 871 726 903 instituta.
1434 874 1436 876 ’

257 937 297 941 -
328 916 383 950 66.
409 927 501 948 ann.
538 916 630 948 crit.
664 925 752 948 vers.
788 915 820 948 2.
857 919 936 955 post
969 915 1171 956 explicat.
1207 914 1313 946 adde:
1351 915 1454 955 „Pro
1486 915 1587 959 λόγος

437 962 552 1003 ἕτερος
577 960 677 994 codd.
709 960 882 1000 Platonis,
907 964 943 992 ut
969 959 1116 996 videtur,
1142 970 1260 993 omnes
1286 960 1402 993 addito
1427 963 1585 994 articulo:

437 1004 455 1038 ὁ
480 1005 584 1048 λόγος
613 1006 761 1046 ἔτερος.“
1170 1044 1173 1048 ¹

254 1073 295 1077 -—
326 1052 378 1086 76.
406 1062 493 1084 ann.
527 1051 620 1084 crit.
653 1061 742 1083 vers.
766 1049 884 1084 3—6.
912 1048 989 1082 dele
1014 1050 1134 1082 verbm
1183 1050 1276 1090 „De
1301 1051 1575 1094 scriptura

435 1097 593 1130 Phoen.
619 1096 726 1130 465.“
751 1096 861 1128 alieno
890 1094 966 1126 loco
992 1095 1103 1136 posita
1130 1098 1163 1126 et
1188 1100 1317 1133 temere
1341 1096 1392 1128 bis
1409 1098 1555 1140 scripta.

254 1163 297 1167 —
321 1141 402 1174 ibid.
429 1146 649 1176 comment.
676 1142 741 1174 coi.
767 1141 796 1172 Ι.
821 1149 852 1174 ν.
880 1139 936 1173 13.
965 1141 1040 1181 iege
1065 1140 1264 1175 fontibus
1290 1151 1352 1182 pro
1382 1141 1585 1178 fortibus.

256 1207 298 1212 —
326 1187 380 1221 81.
409 1191 517 1220 text.
545 1197 574 1219 v.
602 1187 633 1221 8.
660 1186 806 1227 margini
832 1185 977 1217 inscribe
1003 1186 1144 1226 paginae
1169 1195 1345 1218 numerum
1369 1187 1447 1221 638.

258 1253 294 1257 —
324 1233 379 1266 97.
404 1237 505 1265 text.
530 1243 560 1264 v.
584 1233 615 1267 3.
644 1242 709 1264 scr.
741 1231 839 1262 ἑστία
863 1241 925 1273 pro
951 1229 1057 1262 ἑστία.
1091 1234 1126 1262 et
1147 1241 1178 1262 v.
1203 1232 1329 1273 penult.
1355 1231 1391 1263 ἐκ
1415 1234 1512 1268 nobis
1538 1235 1586 1268 in-

438 1279 516 1310 vitis
541 1282 621 1310 ante
646 1278 711 1309 τῶν
735 1275 866 1308 παίδων
891 1275 932 1308 de
945 1275 1140 1308 coniectura
1167 1277 1276 1309 Astii
1297 1277 1469 1311 invectum
1497 1279 1583 1313 dele.

255 1343 298 1348 -
323 1323 401 1357 103.
429 1327 533 1356 text.
559 1333 589 1355 v.
615 1323 650 1358 4.
675 1333 739 1355 scr.
767 1319 834 1360 ἐμὰ
862 1331 924 1363 pro
947 1319 1026 1360 ἐμά.

255 1388 297 1394 —
323 1369 401 1403 127.
428 1373 530 1401 text.
557 1380 589 1401 v.
615 1368 647 1402 4.
674 1369 723 1400 sic
747 1368 986 1409 interpungas:
1019 1364 1299 1407 μεμηχανήμεθα·
1335 1365 1415 1399 τοὺς
1438 1367 1499 1410 γὰρ
1525 1373 1584 1401 etr.

255 1433 298 1438 —
321 1414 400 1448 122.
425 1423 574 1446 comm.
601 1415 665 1446 coi.
692 1413 717 1445 1.
744 1423 774 1444 v.
801 1412 855 1446 10.
880 1422 898 1443 a
923 1412 947 1443 f.
975 1421 1039 1443 scr.
1069 1409 1210 1452 φόβων
1234 1423 1295 1453 pro
1322 1411 1458 1453 φόβον.

254 1479 298 1485 -
323 1459 401 1494 143.
428 1469 520 1491 ann.
546 1459 638 1492 crit.
665 1468 695 1490 v.
722 1459 752 1491 1.
780 1461 861 1499 post
883 1457 1040 1489 aberat
1066 1457 1194 1489 excidit
1217 1467 1362 1490 comma.

252 1523 295 1530 —-
321 1505 404 1537 ibid.
431 1513 581 1537 comm.
608 1505 674 1537 coi.
701 1503 743 1537 ll.
769 1513 801 1535 v.
826 1502 858 1537 6.
889 1506 968 1543 post
998 1511 1224 1535 censemus
1248 1503 1480 1545 interrogandi
1508 1508 1585 1536 nota

434 1549 605 1592 ponenda.

253 1614 296 1620 —-
321 1595 400 1630 173.
426 1604 573 1628 comm.
603 1595 671 1627 coi.
696 1595 725 1626 1.
752 1593 855 1627 v.10.
879 1603 898 1625 a
923 1593 976 1624 fin.
1004 1601 1068 1624 scr.
1097 1591 1281 1627 Praeter
1305 1603 1366 1634 pro
1393 1593 1612 1628 Praetor.÷

251 1659 296 1665 -——
320 1640 402 1675 302.
427 1649 574 1673 comm.
601 1641 667 1672 coi.
694 1639 723 1670 1.
749 1648 839 1671 vers.
863 1639 924 1669 uit.
950 1647 1015 1668 scr.
1042 1636 1213 1671 rationi
1238 1647 1300 1678 pro
1325 1639 1509 1674 rationo.

343 1707 494 1749 Reliqua
524 1716 591 1738 non
624 1705 776 1747 indigent
806 1707 874 1739 ulia
909 1705 1152 1738 admonitione.
1199 1706 1368 1740 Quocirca
1401 1705 1461 1738 hac
1486 1712 1612 1738 occa-‘2

252 1754 349 1785 sione
373 1757 512 1785 utamur
542 1751 584 1783 ad
613 1750 798 1784 tollendum
832 1751 991 1783 mendum
1024 1751 1276 1792 turpissimum,
1313 1750 1403 1792 quod
1438 1751 1510 1784 Vol.
1542 1752 1585 1782 V.

252 1798 294 1831 P.
318 1797 346 1830 l.
369 1808 401 1840 p.
429 1797 507 1831 150.
532 1797 565 1829 in
591 1795 775 1829 Charmide
800 1795 948 1836 resedit,
981 1795 1037 1827 ubi
1062 1796 1095 1827 in
1120 1800 1205 1828 text.
1229 1806 1316 1828 vers.
1342 1796 1374 1830 4.
1400 1806 1420 1828 a
1445 1797 1500 1830 fin.
1526 1806 1588 1838 pro

257 1840 325 1886 ἄρα
357 1841 477 1875 κακόν
506 1841 689 1884 legendum
718 1846 771 1873 est
801 1840 867 1883 ἄρα
906 1839 1032 1873 καλόν.
1090 1840 1305 1882 Quamquam
1339 1842 1433 1874 locus
1466 1851 1508 1874 ne
1537 1841 1587 1874 sic

254 1887 390 1930 quidem
417 1888 550 1920 videtur
574 1897 675 1920 sanus
701 1890 735 1919 et
759 1888 901 1928 integer.
949 1885 1120 1918 Videntur
1148 1887 1236 1919 enim
1262 1887 1413 1919 membra
1438 1887 1509 1919 eius
1535 1887 1585 1918 iu-

254 1938 333 1967 xata
360 1937 395 1966 et
419 1943 525 1976 pravo
549 1931 670 1965 ordine
694 1932 806 1974 posita
834 1942 923 1972 esse,
949 1935 986 1963 ut
1012 1941 1131 1964 eorum
1154 1942 1241 1974 opus
1257 1932 1300 1964 sit
1313 1931 1584 1973 transpositione.

253 1979 306 2013 De
328 1988 394 2020 qua
417 1989 456 2012 re
479 1979 545 2012 alio
570 1979 647 2011 ioco
673 1977 848 2019 copiosius
874 1986 1096 2019 exponemus.

372 2645 555 2679 FORMIS
581 2587 980 2678 DESCgigSZggN'IIJ'
1003 2587 1253 2678 {³2:1³}leoe
1281 2645 1308 2676 ἀ
1336 2642 1470 2677 HOPF.
