1612 2872
252 67 332 109 308

742 71 1108 115 PLATONis

254 183 302 225 τό
339 200 383 225 τε
420 182 586 237 πατρὸς
621 186 691 224 καὶ
725 185 916 239 μητρόςς
951 189 1022 229 καὶ
1057 186 1166 237 ὅλως
1211 196 1361 241 γονέας
1398 188 1582 244 ἐκγόνων

253 246 402 304 ἄρχειν
437 247 605 300 ἀξίωμα
638 246 789 302 ὀρθὸν
825 254 1051 307 πανταχοῦ
1085 251 1144 296 ἂν
1176 254 1268 307 εἵη,-

351 316 454 356 ΚΛ.
525 315 615 355 Καὶ
652 315 786 368 μάλα.

355 380 449 422 ΑΘ.
522 378 675 434 Τούτῳ
724 383 766 422 δὲ
803 398 846 431 γε
882 383 1097 438 ἑπόμενον
1131 389 1356 438 γενναίους
1388 385 1583 439 ἀγεννῶν

253 443 423 499 ἄρχειν·
459 447 530 486 καὶ
566 448 714 499 τρίτον
747 449 809 489 ἔτι
853 447 1026 499 τούτοις
1058 449 1279 501 ξυνέπεται
1315 451 1365 495 τὸ
1401 455 1584 508 πρεσβυ-

254 515 404 563 τέρους
443 513 522 563 μὲν
557 507 705 566 ἄρχειν
739 515 840 563 δεῖν,
878 522 1109 570 νεωτέρους
1144 519 1188 559 δὲ
1223 517 1456 573 ἄρχεσθαι.

356 578 456 619 ΚΛ.
531 578 583 618 Τι’
617 575 731 631 μήνς

354 643 450 684 ΑΘ.
525 644 743 698 Τέταρτον
778 644 815 687 δ’
856 639 914 688 αὖ
951 645 1132 697 δούλους
1159 651 1238 702 μὲν
1258 645 1492 704 ἄρχεσθαι,
1518 653 1582 694 δε-

255 706 420 758 σπότας
462 710 505 751 δὲ
539 706 700 763 ἄρχειν.

357 775 455 816 ΚΛ.
524 775 631 824 Πῶς
664 775 750 830 γάρ
787 774 868 819 οὕ;

354 841 453 882 ΑΘ.
516 842 733 894 ’Πέμπτον
765 858 824 895 γε,
859 841 993 897 οἶμαι,
1023 844 1102 886 τὸν
1137 848 1361 901 κρείττονα
1395 850 1473 902 μὲν
1503 845 1582 902 ἄρ-

253 921 357 959 χειν,
392 903 471 948 τὸν
505 905 620 958 ἥττω
657 909 700 949 δὲ
735 905 970 962 ἄρχεσθαι.

354 971 457 1014 ΚΛ.
527 972 665 1015 Μάλα
707 988 752 1026 γε
785 972 1033 1028 ἀναγκαίαν
1068 974 1211 1031 ἀρχὴν
1246 976 1432 1033 εἴρηκας.

350 1099 423 1142 Cap
442 1087 507 1133 ‘X.
556 1101 598 1134 P.
623 1101 701 1136 690.
747 1105 977 1144 γενναίους
1002 1100 1206 1147 ἀγεννῶν]
1233 1102 1364 1147 α’γενιῦν
1387 1106 1474 1139 Ven.
1501 1106 1539 1141 Ξ.

347 1145 388 1177 Β.
437 1144 511 1178 τὸν
535 1148 758 1188 κρείττονα
782 1147 875 1193 μὲνΙ
904 1147 941 1180 τὸ
966 1150 1011 1181 A.
1037 1150 1060 1182 f.
1086 1160 1117 1183 a.
1146 1160 1266 1191 margo
1295 1148 1333 1183 Ω.

350 1188 566 1233 ἡγεῖσθαί
587 1203 627 1224 τε
657 1193 724 1225 καὶ
754 1191 924 1236 ἄρχειν]
957 1206 991 1226 τε
1012 1195 1209 1228 addidimus
1234 1206 1276 1228 ex
1299 1198 1344 1229 A.
1370 1196 1411 1229 B.
1441 1194 1479 1230 Ω.
1504 1209 1536 1230 v.
1558 1198 1583 1230 f.

258 1234 292 1266 h.
319 1245 347 1267 r.
372 1246 402 1269 a.
429 1235 457 1269 δ.
489 1248 519 1269 ο.
545 1247 578 1269 Χ.
609 1237 705 1270 Stob.
731 1238 840 1271 Serm.
865 1240 978 1272 XLII.
1004 1251 1037 1281 p.
1063 1241 1142 1276 292.

257 1348 370 1380 simile
394 1349 477 1389 quid
500 1354 605 1390 atque
627 1359 692 1381 nos
718 1352 888 1391 sensim-103

259 1403 466 1435 quamquam
481 1397 550 1426 vim
564 1404 685 1427 eorum
700 1405 770 1427 non
784 1397 886 1437 plene

258 1440 441 1480 expressit.
494 1439 661 1473 Similiter
700 1447 887 1483 usurpatur

258 1481 408 1524 ἀξίωσις,
415 1486 508 1527 quod
522 1486 694 1518 interdum
706 1491 758 1519 est
767 1488 886 1529 opinio

259 1535 293 1562 et
315 1531 482 1563 iudicium
491 1555 500 1571 ‚
525 1541 592 1573 quo
617 1532 694 1572 quis
727 1533 793 1564 sibi
822 1534 885 1565 ali-

258 1576 342 1617 quid
368 1577 490 1608 tribuit
501 1581 605 1618 atque
618 1579 773 1616 assumit,
787 1578 887 1609 ideo-

259 1631 325 1662 que
342 1623 505 1661 postulat.
532 1621 751 1654 Plutarch.
769 1622 892 1654 Pericl.

261 1676 291 1698 c.
315 1666 370 1700 28.
396 1662 460 1698 οὐκ
485 1661 527 1709 ἦν
550 1664 670 1698 ἄδικος
700 1663 719 1709 ἦ
753 1662 892 1708 α’ξίωσιε

259 1707 403 1754 (αὐτῶν)
431 1722 515 1744 non
539 1713 708 1744 iniuria
731 1713 775 1744 id
799 1712 891 1745 sibi

260 1758 548 1790 assumebant.
574 1758 760 1798 Thucyd.
778 1757 833 1790 ΙΙΙ.
857 1759 891 1792 9.

261 1803 452 1843 νομίζοντες
464 1821 506 1827 -—
522 1797 607 1834 εἶναι
632 1800 803 1843 προδότας
827 1804 892 1834 τῶν

261 1845 328 1888 πρὸ
355 1848 417 1878 τοῦ
441 1849 549 1888 φίλων
561 1850 695 1890 χείρους
717 1844 891 1903 ἡγοῦνται,

261 1893 316 1924 καὶ
334 1889 411 1925 οὐκ
425 1891 575 1925 ἄδικος
599 1890 699 1935 αὕτη
728 1905 747 1935 η
770 1889 890 1935 α’ξίω-

263 1940 329 1970 σιέ·
345 1936 890 1980 ἐστιν.ιιὶ>ἰρ1ιιι·ἐ,1)ιιοΙ(θι-ιιε.

261 1984 354 2016 conf.
379 1985 482 2016 etiam
507 1985 689 2017 Thomas
715 1985 824 2026 Mag.
856 1995 889 2027 p.

262 2029 307 2064 78
320 2040 394 2071 sqq.
409 2029 631 2063 ed.0udend.
645 2030 763 2071 ibique
780 2032 889 2072 intpp.

261 2075 327 2107 His
351 2077 509 2108 omnibus
538 2076 703 2117 neglectis
732 2080 766 2107 et
789 2076 890 2117 igno-

261 2121 346 2152 ratis
361 2120 386 2151 Z
396 2122 431 2152 el
442 2122 502 2153 ler
513 2132 556 2154 us
604 2121 731 2153 tudior.
752 2121 889 2166 Platon.

260 2176 294 2207 p.
320 2165 375 2200 89.
401 2176 444 2198 ex
467 2167 533 2199 hac
561 2121 728 2209 §luendi
751 2164 887 2206 ratione

259 2212 371 2243 malae
402 2213 613 2253 suspicionis
647 2217 887 2253 argumentum

259 2257 418 2297 repetiit,
449 2259 581 2290 scilicet
618 2253 788 2298 ἀξιώματα
826 2258 889 2290 τοῦ

259 2298 374 2342 ἄρχειν
411 2303 465 2334 καὶ
500 2300 666 2345 ἄρχεσθαι
701 2312 744 2335 ne
774 2302 889 2335 Fieini

260 2347 399 2388 quidem
421 2348 536 2381 verbis
551 2349 889 2394 accurate'inspectis

258 2393 491 2433 interpretans
515 2396 734 2436 simpliciter:
758 2394 888 2426 ratio-

259 2447 337 2470 nes
352 2438 588 2479 imperandi
610 2439 889 2482 parandique.

257 2482 429 2515 Nimirum
461 2484 528 2515 hoc
559 2490 612 2517 est
639 2486 799 2518 altiorem
822 2485 888 2518 cri-

258 2529 362 2560 t-icem
385 2528 553 2562 factitare.
579 2549 621 2554 —
654 2532 741 2563 Mox
763 2539 841 2570 pro·
851 2529 888 2562 ἔν

258 2584 292 2605 τε
321 2572 442 2606 οἰκίαις
476 2571 636 2607 ὤεαύτωε
666 2576 713 2608 St
722 2585 743 2607 o
753 2574 773 2606 b
782 2585 829 2608 ae
839 2585 886 2611 uu

252 2619 358 2661 legit:
384 2619 438 2652 καὶ
468 2620 590 2653 οἰκίαις
614 2617 800 2654 uicatim&-

997 1353 1228 1394 γενναίους
1259 1349 1473 1396 ἀγεννῶν]
1503 1354 1586 1387 Non

951 1400 1126 1430 assentior
1154 1399 1187 1430 A
1203 1409 1219 1430 s
1234 1400 1270 1431 ti
1287 1410 1306 1431 o
1342 1396 1474 1441 ἆγενιῦν
1500 1401 1585 1432 scri·

954 1443 1104 1476 bendum
1127 1446 1273 1486 putanti.
1321 1445 1410 1477 Nam
1441 1442 1587 1488 ἀγεννής

951 1489 1010 1520 ubi
1027 1491 1216 1530 opponitur
1236 1491 1404 1523 vocabulo
1416 1495 1587 1532 γενναῖος,

952 1535 1026 1565 sive
1050 1535 1086 1566 id
1112 1535 1155 1566 de
1180 1536 1287 1576 stirpe
1310 1541 1344 1567 et
1362 1537 1498 1577 origine
1511 1538 1585 1569 sive

953 1579 995 1610 de
1018 1580 1133 1611 animo
1158 1579 1295 1620 dicitur,
1316 1580 1443 1622 ubique
1468 1589 1502 1622 ’,Τ
1526 1591 1584 1621 ge-

957 1625 1087 1655 minato
1112 1625 1331 1657 scribendum
1355 1631 1416 1663 est,
1428 1627 1465 1658 id
1489 1627 1585 1668 quod

957 1669 1013 1700 vel
1044 1670 1275 1710 oppositionis
1307 1673 1397 1703 ratio
1428 1670 1585 1713 flagitare

958 1714 1106 1746 videtur.
1129 1714 1235 1746 Recte
1250 1716 1358 1756 igitur
1379 1717 1460 1748 libri
1483 1719 1585 1749 etiam

957 1759 1049 1790 infra
1074 1759 1170 1791 Libr.
1195 1760 1260 1792 IV.
1284 1761 1318 1802 p.
1345 1761 1421 1796 714.
1443 1762 1484 1793 E.
1510 1774 1584 1805 γεν-

958 1805 1058 1835 ναίου
1084 1802 1119 1835 δὲ
1151 1802 1311 1846 ἀγεννῶν.
1352 1807 1449 1839 Libr.
1484 1808 1520 1840 V.
1551 1818 1586 1849 p.

959 1849 1034 1884 735.
1065 1849 1106 1881 B.
1138 1855 1274 1891 γενναῖα
1302 1852 1356 1883 καὶ
1381 1851 1515 1894 ἀγεννῆ.
1540 1854 1584 1886 al.

959 1895 1043 1927 Alia
1071 1896 1161 1927 ratio
1194 1902 1246 1929 est
1273 1898 1393 1929 talium
1417 1899 1586 1939 locorum,

959 1940 1071 1981 qualis
1097 1946 1149 1973 est
1171 1942 1229 1974 ille
1253 1943 1456 1975 Herodot.
1485 1944 1522 1976 V.
1552 1944 1584 1978 6.

958 1985 1016 2017 ubi
1048 1981 1182 2027 εὐγενές
1212 1992 1246 2020 et
1280 1985 1397 2029 ἀγενές
1425 1990 1515 2021 inter
1548 1999 1585 2021 se

958 2037 1198 2072 opponuntur;
1232 2033 1281 2064 ibi
1315 2035 1405 2066 enim
1441 2039 1585 2076 apparet

958 2077 1212 2117 oppositionem
1236 2078 1378 2111 alteram
1407 2081 1584 2121 requirere

957 2122 1116 2153 vocabuli
1149 2123 1362 2164 scripturam.
1413 2124 1488 2162 Nec
1522 2126 1584 2158 du-

956 2167 1060 2199 bitari
1084 2171 1198 2208 potest
1221 2168 1263 2200 de
1287 2169 1378 2202 Tim.
1402 2180 1436 2211 p.
1459 2170 1515 2205 27.
1543 2170 1583 2203 O.

952 2211 1016 2244 ubi‘
1037 2208 1153 2254 ἆγενέε
1176 2217 1228 2245 est
1258 2214 1583 2257 ingeneratum,

948 2258 1051 2290 'sine
1076 2259 1269 2299 origine,
1292 2265 1330 2291 ut
1353 2262 1396 2293 ab
1421 2260 1584 2302 γενέσθαι

952 2304 1177 2344 repetendum
1202 2305 1256 2336 sit.
1288 2306 1393 2347 Apud
1417 2305 1583 2348 Sopho-

955 2349 1060 2381 clem
1091 2349 1217 2385 Electr.
1252 2360 1284 2386 =v.
1310 2350 1378 2386 6'1..
1396 2348 1459 2391 κάξ
1488 2348 1583 2394 ἆγεν·

955 2391 1066 2436 νήτων
1090 2390 1155 2435 ἄρα
1178 2394 1287 2434 μῦθοι
1312 2397 1420 2429 καλῶς
1442 2398 1582 2429 πίπτου-

956 2449 1009 2471 σιν
1042 2440 1171 2480 duplex
1204 2441 1239 2471 7
1274 2451 1378 2474 versu
1414 2443 1588 2485 firmatur,

952 2485 1044 2518 unde
1075 2486 1179 2518 etiam
1218 2487 1409 2527 scripturae
1439 2484 1583 2530 ἀγεννής

950 2531 1058 2563 robur
1087 2540 1128 2563 ae
1155 2531 1406 2565 firmamentum
1437 2534 1581 2565 accedit.

994 2575 1036 2607 B.
1085 2574 1281 2615 Πέμπτον
1304 2589 1368 2619 γε,
1393 2574 1582 2620 οἶμαι-1

949 2618 1186 2655 Stobaeun
1212 2622 1267 2654 καὶ
1292 2622 1406 2663 πέμπτ.
1421 2633 1490 2657 non
1511 2624 1582 2656 suf-
