1612 2872
233 119 314 160 360

713 117 1083 160 PLATONIS

233 233 346 276 αὐτὰ
385 233 516 277 πάλιν
551 240 688 276 ἐκεῖνα
723 233 1028 291 ἀφικομένους,
1059 235 1251 289 χαλεπὸν
1287 237 1424 277 αἰῶνα
1463 235 1558 278 ὁιοὶ-
1609 260 1612 295 3

234 317 392 353 γοντας
437 297 495 353 μὴ
547 300 672 350 λῆξαί
714 316 818 342 ποτε
866 303 1021 352 κακῶν.

1066 303 1183 350 τίνος
1216 301 1267 351 δὴ
1303 301 1373 343 κάὶ
1409 301 1551 342 ταῦθ’

237 365 339 416 ἡμῖν
372 358 430 408 αὖ
459 364 589 419 χάριν
621 368 803 420 ὲλέχθ·η;
840 359 927 408 δὲῖν
962 370 1165 425 φαίνεται
1198 369 1350 422 ἔμοιγε,
1383 366 1558 421 οἷόνπερ
1610 362 1612 366 ’

237 436 393 480 ἵππον,
437 427 516 471 τὸν
558 429 690 484 λόγον
743 430 947 477 ἑκάστοτε
994 431 1343 487 ἀναλαμβάνειν,
1387 436 1457 475 καὶ
1498 432 1557 486 μὴ

326 571 366 603 D.
414 568 493 602 ἀπό
515 580 634 603 τινος
658 569 765 603 ὄνου
790 572 846 614 π.]

238 737 281 771 οὔ
305 735 386 770 ποτ’
412 738 477 781 ἐγὼ
501 743 621 782 μοιραν
651 741 776 773 alwvos'
800 742 861 782 βα-

237 784 310 816 λέω.
343 783 452 826 Gorg.
485 795 518 826 p.
541 785 620 819 448.
646 786 690 821 C·
694 785 863 830 ἐμπειρια

234 848 277 854 —-
303 833 395 861 ποιεῖ
415 827 475 862 τόν
498 830 603 862 αἰωνα
629 825 722 873 ἤμων
740 830 863 874 πορεύ-

234 874 335 907 εσθαι
375 874 455 907 κατὰ
493 875 616 917 τέχνην.
657 877 716 908 ubi
756 879 863 910 habes

234 921 430 953 affectatam
466 926 499 952 et
538 923 622 953 artis
658 924 863 955 calamistris

235 971 436 998 exornatam
477 966 628 1008 Gorgiae
660 970 863 1000 orationem.

281 1016 402 1044 rivos
431 1010 480 1054 δὴ
516 1030 559 1035 —
592 1011 780 1055 ἐλέχθτμ]
810 1014 864 1045 De

234 1058 565 1098 interrogationibus
609 1060 729 1091 crebro
773 1060 863 1101 apud

236 1104 416 1135 Platonem
452 1104 585 1135 mediae
625 1106 774 1136 orationi
813 1106 865 1136 in-

235 1150 354 1186 sertis,
378 1154 416 1179 ut
446 1149 476 1180 ei
507 1149 666 1182 alacritas
706 1155 740 1181 et
763 1151 865 1191 vigor

235 1195 375 1236 quidam
400 1194 616 1235 concilietur,
643 1206 675 1227 v.
713 1205 793 1227 ann.
821 1196 864 1227 ad

234 1240 263 1271 Ι.
288 1250 323 1280 p.
350 1239 428 1273 630.
451 1239 491 1270 B.
523 1239 560 1270 C.

280 1282 372 1316 δεῖν
403 1286 598 1324 φαίνεται
628 1284 772 1326 ἔμοιγε
798 1285 863 1326 Ἴ]

234 1330 299 1362 His
325 1331 439 1362 verbis
463 1340 619 1362 caussam
643 1331 785 1370 indicat,
806 1341 866 1362 cur

235 1376 349 1407 denuo
386 1377 427 1407 de
465 1386 505 1407 ea
541 1386 578 1407 re
621 1376 865 1407 sciscitandum

236 1422 420 1453 existimet.
468 1420 546 1458 Qua
576 1422 759 1461 explicata,
783 1430 864 1452 mox

234 1468 338 1498 iterat
370 1467 513 1498 eandem
544 1467 864 1507 interrogationem.

238 1512 426 1554 Comparat
491 1517 604 1543 autem
674 1522 866 1543 sermonem

235 1568 323 1598 equo
349 1558 465 1593 alicui,
492 1559 545 1588 cui
561 1557 658 1588 frena
679 1558 866 1588 iniicienda

239 1604 317 1634 sint.
347 1602 515 1634 Similiter
533 1603 712 1642 Protagor.
737 1613 769 1642 p.
787 1602 864 1635 338.

236 1650 290 1678 A.
301 1647 430 1687 ἐφεῖναι
448 1649 499 1678 καὶ
524 1645 662 1687 χαλάσαι
687 1646 742 1678 τὰς
770 1644 866 1687 ἡνίας

237 1696 307 1724 τοῖς
330 1691 455 1734 λόγοις.
502 1693 593 1723 Hinc
616 1698 759 1732 apparet
784 1691 866 1732 quid

237 1739 282 1769 sit
306 1733 560 1778 ἀναλαμβάνειν
588 1737 676 1768 Nam
700 1738 766 1768 hoc
790 1747 865 1768 ver-

237 1785 317 1815 bum
346 1794 450 1824 quum
481 1784 620 1814 omnino
658 1783 792 1814 dicatur
824 1782 866 1813 de

236 1830 300 1868 iis,
339 1829 398 1869 qui
433 1838 532 1868 quern
571 1829 607 1858 in
651 1827 867 1868 disciplinam

238 1875 426 1915 recipiunt,
472 1874 572 1905 sicuti
621 1874 723 1913 Apol.
771 1871 867 1904 Socr.

237 1930 270 1960 p.
301 1919 354 1953 18.
386 1919 425 1949 B.
457 1925 490 1950 et
515 1917 622 1958 Gorg.
649 1929 679 1959 p.
705 1917 785 1951 483.
810 1919 866 1954 E..

237 1971 309 1996 tum
333 1966 490 2005 inprimis
518 1965 619 1995 etiam
643 1966 676 1995 in
704 1974 740 1994 re
764 1973 865 2004 eque-

239 2012 301 2042 stri
341 2012 503 2041 usitatum
539 2014 599 2040 est.
649 2009 808 2040 Pollux
842 2009 864 2039 l.

238 2052 866 2096 205εἀναλαμβάνειν(τόνί’ππον),

240 2099 323 2142 ὅπερ
356 2101 408 2132 καὶ
440 2096 690 2140 ὑπολαμβάνειν
725 2101 865 2130 καλεῖται

242 2147 294 2178 καὶ
331 2145 475 2186 κατέχειν
514 2146 568 2177 καὶ
611 2142 770 2186 ἦρεμίζειν
812 2145 866 2175 καὶ

241 2188 377 2232 ἀνέχειν.
411 2191 500 2223 conf.
535 2191 586 2222 Id.
617 2191 643 2221 1.
676 2191 751 2224 208.
786 2190 864 2223 219.

240 2238 304 2271 Est
339 2239 463 2278 igitur:
488 2236 725 2275 refrenare,
762 2241 865 2276 atque

240 2284 427 2323 opponitur
451 2280 510 2312 τὸν
538 2278 672 2321 χαλινὸν
695 2279 865 2312 ἐνδοῦναι.

241 2327 310 2359 Pro
326 2325 481 2359 ἑκάστοτε
497 2327 551 2357 vir
568 2327 689 2358 doctus
701 2328 736 2358 in
754 2327 866 2367 Ephe·

240 2383 323 2404 mer.
358 2373 436 2404 Hal.
474 2373 554 2404 anni
595 2371 694 2405 1805.
735 2381 770 2402 n.
809 2371 864 2405 20.

241 2417 380 2450 ἕκαστον
393 2418 495 2449 scribi
515 2417 665 2449 iubebat.
702 2415 779 2454 Quo
797 2426 865 2447 non

242 2474 327 2504 opus
366 2470 427 2494 cst..
488 2462 577 2493 Nam
613 2460 769 2493 ἑκάστοτε
803 2467 868 2500 est,

242 2509 585 2550 quotiescunque
605 2508 668 2538 ita
688 2507 776 2538 fert
801 2518 820 2538 0
833 2516 865 2536 c—

242 2555 377 2587 casio:
406 2554 575 2594 quoties
605 2553 866 2593 explicatum

244 2603 307 2631 est
362 2597 534 2639 aliquid
596 2598 866 2628 sermonibus

244 2646 423 2676 nostris
474 2643 528 2674 Ad
554 2642 762 2673 infinitivum
787 2638 864 2672 ἀκα-

245 2686 422 2729 λαμβάνειν
443 2695 523 2719 vero
549 2691 670 2726 sponte
695 2688 865 2727 intelligas

878 572 959 606 Par.
985 575 1030 605 A..
1055 578 1089 605 et
1112 563 1219 614 marg'.
1247 571 1285 605 Ω.
1312 583 1386 604 cum
1411 549 1504 605 Flor.
1529 571 1558 603 δ-

237 622 270 648 et
298 616 394 649 Voss.
421 615 490 658 (x.)
513 627 576 658 pro
594 615 679 648 ὄνου
697 618 825 650 habent
848 619 923 649 νοῦ.

976 619 1059 650 Vide
1085 619 1127 651 de
1150 619 1214 650 hac
1238 620 1325 656 asini
1349 629 1424 650 eum
1448 622 1559 650 mente

932 741 1019 776 τινα,
1043 742 1136 783 quod
1169 742 1260 773 inest
1283 741 1319 772 vi
1343 749 1406 771 sua
1429 740 1494 770 iam
1522 740 1557 770 in
1608 747 1609 750 ’

929 787 1102 819 infinitivo
1135 785 1204 818 δεῖν
1239 796 1282 818 ex
1321 785 1473 824 φαίνεται
1503 794 1559 816 su-

930 842 1075 873 spenso3
1116 841 1218 873 quam
1263 831 1430 863 rationem
1477 830 1562 861 alibi

934 878 1122 917 attigimus.
1171 877 1341 918 Loquitur
1371 876 1461 906 enim
1484 875 1560 906 uni-

930 932 1046 961 verse,
1072 933 1176 963 quum
1201 923 1242 953 de
1268 924 1374 953 semet
1397 921 1480 961 ipsis
1505 930 1561 952 co-

931 969 1035 1008 gitari
1060 969 1153 999 velit.
1204 967 1272 998 lam
1297 975 1380 998 vero
1405 966 1449 997 ad
1476 966 1562 996 illud

932 1011 1019 1050 τινά,
1050 1014 1142 1054 quod.
1175 1014 1358 1051 reticetur,
1389 1012 1562 1051 pertinent

929 1060 1112 1100 participia
1151 1057 1351 1098 κεκτημένον
1386 1065 1419 1087 et
1456 1054 1561 1096 φερό-

931 1115 1044 1143 μενον
1085 1103 1174 1135 Nam
1199 1104 1332 1157 plenius
1357 1102 1425 1133 dici
1446 1102 1562 1156 po'tuit

931 1151 1034 1182 etiam
1053 1150 1117 1181 sic·
1143 1149 1196 1179 καὶ
1220 1146 1262 1189 μὴ
1284 1144 1438 1188 ἀχάλινον
1452 1143 1560 1178 αυτὸν

934 1195 998 1237 (sc.
1015 1191 1206 1235 τὸνλόγον)
1232 1191 1431 1234 κεκτημένον
1447 1189 1561 1246 (κατὰ)

933 1239 970 1272 τὸ
999 1238 1103 1279 στόμα
1132 1259 1170 1263 -—
1201 1243 1322 1270 πεσειν.
1370 1238 1424 1270 De
1453 1234 1563 1278 ἀχάλι-

931 1296 993 1317 νον
1032 1284 1137 1324 στόμα
1175 1284 1403 1326 Aristoph.
1448 1283 1560 1315 Rann.

931 1343 963 1363 v.
996 1331 1073 1365 862.
1115 1332 1250 1383 ibique
1261 1330 1467 1370 Bergler.
1508 1328 1563 1360 De

930 1378 1089 1418 proximo
1109 1376 1168 1418 βίᾳ
1186 1372 1252 1407 υπὸ
1268 1375 1329 1406 τοῦ
1346 1373 1451 1416 λόγου
1471 1374 1562 1405 conf.

932 1424 1010 1454 libr
1044 1422 1110 1453 IX.
1141 1432 1175 1463 p.
1204 1421 1292 1455 866.
1327 1421 1375 1452 D:
1404 1420 1464 1461 βιᾳ
1494 1415 1562 1450 ὑπό

933 1478 1041 1499 τινων.
1075 1468 1157 1499 lbid.
1188 1478 1221 1508 p.
1238 1466 1315 1500 872.
1335 1466 1382 1497 E:
1409 1462 1478 1496 ὑπὸ
1513 1463 1563 1495 τέ-

932 1524 1021 1544 κνων
1040 1512 1109 1555 βίᾳ.
1141 1513 1222 1553 i'ag.
1240 1512 1325 1546 874
1337 1511 1381 1542 C:
1409 1507 1474 1542 ὑπὸ
1502 1511 1563 1540 τοῦ

933 1555 1164 1611 ὑβρισθέντος
1186 1557 1255 1598 βίᾳ.
1287 1558 1327 1588 L.
1345 1557 1411 1587 XI.
1428 1567 1460 1596 p.
1482 1555 1560 1589 919.

931 1606 987 1634 A.
1019 1599 1087 1633 ὑπὸ
1119 1599 1287 1642 χειμώνων
1326 1598 1453 1641 ἀγρίων
1491 1600 1561 1641 βίᾳ.

930 1648 984 1679 De
1008 1647 1094 1688 Rep.
1132 1647 1216 1679 Vlll.
1255 1657 1287 1687 p.
1316 1646 1394 1679 554.
1422 1646 1460 1677 C.
1491 1645 1559 1676 v.u

931 1704 963 1733 p.
989 1693 1066 1726 520.
1093 1691 1131 1723 C.
1158 1691 1222 1722 IX.
1248 1701 1280 1732 p.
1305 1692 1384 1725 577.
1415 1691 1456 1722 E.
1493 1690 1562 1721 Po-

931 1739 1014 1769 litic.
1040 1748 1073 1778 p.
1100 1737 1177 1771 309.
1198 1738 1242 1767 A.
1261 1737 1305 1768 al.
1342 1736 1454 1773 Quum
1477 1744 1560 1766 vero

932 1780 1004 1813 τινὰ
1029 1784 1074 1814 sit
1094 1783 1294 1820 subiectum,
1307 1781 1562 1822 perspicuitatis

933 1829 1047 1869 gratia
1069 1829 1111 1859 ad
1135 1825 1325 1868 φερόμενον
1340 1827 1478 1864 additur
1493 1822 1562 1857 ὑπὸ

935 1874 995 1904 τοῦ
1036 1870 1160 1914 λόγου,
1193 1873 1285 1913 quod
1310 1877 1406 1904 „sune
1449 1872 1560 1903 omitti

933 1923 1085 1960 poterat,
1129 1918 1281 1949 additum
1328 1922 1440 1949 autem
1490 1926 1559 1948 non

932 1965 1074 1995 moleste
1099 1964 1180 1994 ferri
1197 1963 1306 1994 debet.
1338 1962 1560 1994 l’roverbium

932 2005 999 2040 ἀπ’
1037 2007 1143 2040 ὄνου
1182 2012 1344 2043 πεσεῖν,
1386 2010 1428 2039 de
1463 2009 1559 2039 cuius

933 2055 1066 2095 origine
1091 2054 1196 2085 multa
1219 2054 1416 2084 fabulantur
1446 2063 1558 2092 gram·

931 2101 1066 2140 matici,
1090 2100 1125 2130 in
1159 2109 1217 2130 eos
1248 2099 1390 2137 dieitur,
1416 2099 1475 2138 qui
1504 2099 1558 2129 in·

932 2146 1088 2176 consulto
1114 2144 1286 2185 quippiam
1311 2149 1418 2184 agunt
1437 2148 1470 2174 et
1492 2144 1567 2184 imf

931 2192 1049 2231 perite,
1075 2194 1134 2221 aut
1157 2190 1190 2219 in
1216 2199 1286 2228 eos,
1310 2187 1369 2229 qui
1394 2198 1555 2230 praesen-

931 2236 1021 2267 tibus
1046 2235 1250 2272 commodis,
1277 2235 1400 2275 quibus
1425 2235 1474 2265 uti
1498 2244 1555 2265 ne-

932 2282 1058 2319 sciunt,
1105 2280 1278 2311 excidunt.
1324 2291 1356 2311 v.
1402 2279 1555 2311 Zenob.

933 2326 1028 2357 Cent.
1056 2326 1096 2356 ll.
1124 2326 1233 2365 Adag.
1253 2325 1308 2360 57.
1335 2324 1494 2356 Suidas
1518 2325 1555 2355 in

931 2381 1006 2403 voc.
1031 2366 1106 2402 ‘An'
1132 2367 1238 2407 ὄνου,
1264 2374 1297 2402 et
1327 2371 1362 2401 in
1388 2380 1460 2401 voc.
1484 2368 1554 2409 Λη-

933 2420 1015 2457 ρεῖς,
1042 2415 1098 2457 qui
1131 2415 1221 2446 hunc
1254 2416 1367 2446 locum
1398 2415 1555 2446 afferunt.

932 2461 1046 2493 Schol.
1079 2460 1123 2491 ad
1153 2461 1333 2513 Aristoph.
1369 2461 1482 2492 Nubb.
1521 2470 1554 2491 v.

931 2506 1031 2541 1276.
1062 2505 1125 2536 Est
1148 2515 1230 2537 vero
1254 2507 1290 2537 in
1315 2505 1456 2538 Graecis
1481 2515 1553 2536 ver-

933 2554 984 2583 bis
1017 2551 1128 2582 faceta
1161 2548 1361 2593 παρήχησις,
1386 2550 1553 2606 siquidem

932 2600 1057 2629 sonant
1081 2597 1237 2627 similiter
1261 2595 1362 2637 atque
1389 2592 1455 2627 ἀπὸ
1479 2595 1555 2627 νὶοι

932 2643 1021 2674 unde
1052 2641 1184 2672 Comici
1222 2642 1379 2672 videntur
1409 2640 1554 2672 subinde

933 2689 1037 2719 risum
1079 2692 1246 2725 captasse.
1304 2687 1387 2717 Inde
1427 2685 1552 2717 factum
