1612 2872
166 329 201 369 1)

246 84 325 122 290
712 79 1086 122 PLKTONIS

246 194 385 249 ἡμεῖς,
431 197 502 237 καὶ
550 193 645 236 τότε
692 196 853 244 ἐκείνην
901 194 982 245 τὴν
1023 198 1321 236 συσταθεῖσαν
1365 194 1565 247 σύνταξιν

243 263 433 303 ἐδέδισαν
478 263 519 301 οἱ
555 258 665 301 τότε.
712 265 818 311 μέγα
856 259 938 315 γὰρ
975 263 1161 312 ἔγκλημα
1199 262 1305 313 πρὸς
1339 260 1502 311 αὐτούς
1539 260 1563 313 ἡ

243 329 319 378 τῆς
359 329 517 378 Τροίας
552 323 709 373 ἅλωσις
744 324 790 366 τὸ
831 326 1028 380 δεύτερον
1065 326 1268 380 ἐγεγόνει·
1295 329 1394 377 ,τῆς
1430 327 1566 382 ἀρχῆς

242 391 326 447 γὰρ
362 394 439 442 τῆς
473 393 642 432 ἐκείνων
678 384 922 444 ἦνμόριόν.
948 391 1054 447 πρὸς
1083 391 1134 443 a»)
1173 391 1286 434 ταῦτ’
1332 386 1384 442 ἦν
1419 393 1563 435 πάντα

245 458 266 509 ἡ
305 459 382 500 τοῦ
419 459 716 509 στρατοπέδου
764 460 838 499 τοῦ
887 458 979 499 τότε
1014 461 1326 511 διανεμηθεῖσα
1362 464 1419 508 εἰς
1458 468 1566 512 τρεῖς

245 524 389 572 πόλεις
433 521 674 574 κατασκευὴ
719 528 795 577 μία
833 522 918 566 ὑπὸ
951 525 1158 577 βασιλέων
1201 523 1423 578 ἀδελφῶν,
1469 530 1572 566 nai-¹

245 592 330 630 ὃων
357 587 634 642 Ἡρακλέους,
667 591 806 639 καλῶς
839 589 895 640 ὡς
927 589 1063 632 ἐδόκει
1085 591 1352 643 ανευρημένη
1381 594 1451 633 καὶ
1491 609 1566 632 κα-

245 661 593 707 τακεκοσμημένη
627 658 699 697 καὶ
744 654 1036 712 διαφερόντως
1074 658 1146 708 τῆς
1178 659 1244 698 ἐπὶ
1285 658 1365 707 τὴν
1405 659 1566 711 Τροίαν

335 786 374 819 D.
418 785 524 826 πρὸς
550 784 596 827 δὴ
624 782 737 816 ιαιῗτ’
772 782 819 827 ἦν
844 785 973 817 πάντα
1009 783 1025 828 ἡ
1060 787 1274 827 1017019]
1327 786 1433 821 vulgo
1467 787 1565 818 ταῦτα

246 830 360 862 πάντα.

419 834 481 862 Pro
522 832 623 863 ταῦτα
663 828 1054 865 Ω.Ξ.ν.ί“.11.ι·.η.(“.δ,ο,
1097 830 1235 872 ταύτην,
1270 830 1358 871 quod
1391 832 1566 863 Bekkerns

245 879 341 909 etiam
370 877 399 908 in
428 881 498 908 l'ar.
526 879 713 923 A,v11arrat
743 888 759 908 a
789 888 824 908 se
852 883 1020 918 repentum
1048 887 1134 909 esse.
1165 877 1244 908 inde
1270 886 1342 908 cum
1373 877 1566 909 Hermanno

244 923 435 954 effinximns
461 918 551 953 ταῦτ’
578 924 621 963 ἠν
648 932 680 955 π.

291 1011 364 1052 τήν
391 1013 686 1048 συσταθεῖσαν
728 1009 872 1042 σύντη-

246 1059 328 1100 Eur]
365 1057 560 1099 intelligitur
595 1066 734 1098 regnum
769 1056 872 1097 Assy—

245 1105 390 1144 riorum,
425 1103 553 1144 pariter
583 1113 625 1134 ex
656 1102 772 1134 multis
798 1110 871 1143 par-

245 1150 335 1182 tibus
359 1150 554 1187 conflatum,
570 1152 670 1189 atque
696 1147 789 1178 fuere
805 1147 872 1179 Do-

246 1195 334 1228 ricae
358 1194 584 1233 Peloponnesi
609 1193 775 1224 civitates.

292 1240 329 1273 D.
367 1238 388 1279 ἡ
420 1241 494 1279 τῆς
525 1238 683 1280 Τροίας
716 1235 873 1272 ἅλωσις

245 1285 288 1317 τὸ
331 1282 551 1326 δεύτερον]
589 1281 700 1324 quod
740 1282 871 1313 Troia

245 1331 396 1364 iterum
421 1333 663 1370 expugnata
690 1332 763 1359 est.
797 1327 870 1359 Pri-

246 1387 298 1409 ma
324 1375 409 1408 enim
435 1374 562 1406 Troiae
594 1373 800 1414 expugnatio
821 1372 871 1404 fa·-

246 1425 298 1454 cta
322 1430 384 1462 per
410 1419 608 1457 Herculem,
640 1419 695 1459 qui
723 1418 871 1450 Laome—

245 1467 384 1500 dontem
410 1464 626 1506 depugnavit.
656 1473 686 1494 v.
713 1463 805 1496 iliad.
829 1463 871 1494 V.

245 1523 276 1545 v.
303 1511 381 1547 640.
408 1520 482 1552 sqq.
510 1508 756 1551 Apollodor.
782 1508 871 1540 Bibl.

246 1557 351 1600 Myth.
371 1556 412 1589 11.
428 1556 462 1595 6,
478 1554 510 1589 4.
526 1555 639 1596 ibique
654 1554 770 1598 Heyn
782 1555 874 1587 ium.

244 1602 451 1635 Adverbium
484 1597 523 1631 τό
553 1598 712 1639 δεύτερον
736 1609 796 1640 per
818 1608 873 1638 sy-

242 1648 336 1681 nesin
360 1647 496 1688 ponitur
519 1644 563 1676 ob
590 1653 712 1676 nomen
737 1643 876 1675 verbale

243 1691 382 1730 ἅλωσις,
416 1691 450 1723 id
483 1689 574 1731 quod
610 1689 673 1720 loci
710 1690 872 1730 interpre-

244 1738 371 1771 tatione
396 1741 512 1768 nostra
537 1734 794 1766 declaravimus.

288 1786 362 1823 τῆς
390 1778 524 1823 α’ρχῆς
557 1777 632 1821 γὰρ
671 1782 742 1818 τῆς
772 1779 872 1809 ὲκεί-

243 1839 321 1860 νων
346 1823 390 1867 ἦν
412 1823 587 1867 μόριον]
636 1823 691 1854 Sc.
720 1822 875 1865 ἦΤροία.

246 1874 322 1906 Hoc
346 1871 434 1904 unde
459 1872 554 1904 Plato
586 1867 743 1908 hauserit,
769 1869 875 1900 incer-

245 1925 328 1951 tum.

291 1961 391 2006 πρὸς
416 1960 462 2000 δὴ
486 1955 610 1993 ταῦτ’
632 1953 676 2000 ἦν
692 1956 830 1989 πάντα
857 1956 873 1997 ἦ

248 2012 323 2041 τοῦ
358 2005 658 2050 στρατοπέδου
691 2002 754 2044 —-]
797 2002 874 2035 Ho-

246 2064 330 2087 rum
357 2052 538 2085 omnium
571 2050 710 2091 igitur
736 2048 876 2080 habita

248 2101 420 2133 ratione
473 2096 695 2130 exercitus
754 2093 873 2126 illius

247 2147 478 2188 apparatus
504 2151 612 2174 unus
636 2140 674 2185 in
700 2143 789 2171 tres
820 2138 872 2170 ci-

247 2191 407 2223 vitates
430 2199 447 2220 a
465 2187 638 2229 regibus
654 2184 874 2222 fratribus,

248 2235 364 2268 filiis
403 2232 629 2270 Herculis,
668 2230 872 2262 distribu-

248 2286 333 2319 tus,
359 2277 535 2320 egregie
559 2275 794 2308 videbatur
818 2274 873 2306 in-

249 2329 403 2358 ventus
428 2328 468 2356 et
491 2322 730 2355 adornatus
759 2330 873 2359 esse,

250 2374 294 2403 et
318 2369 449 2402 multo
479 2367 631 2408 magis,
669 2375 786 2406 qnnm
820 2365 873 2404 is,

250 2415 317 2458 qui
348 2413 557 2446 adversus
582 2410 750 2443 Troiam
776 2409 876 2442 olim

248 2460 438 2493 abierat.
485 2458 525 2489 In
565 2455 613 2488 iiis
647 2455 876 2488 Bekkerus

250 2507 363 2538 narrat
387 2502 489 2535 codd.
509 2502 551 2533 A.
566 2501 657 2535 ΞΩ.
683 2502 775 2533 iuxta
800 2509 875 2532 cum

248 2550 324 2584 aliis
357 2558 419 2590 pro
453 2549 564 2579 ταῦτα
597 2545 756 2578 exhibere
791 2542 874 2577 ταύ-

249 2606 318 2637 την.
342 2592 444 2628 Quod
470 2602 546 2625 num
574 2600 653 2623 vere
677 2589 719 2622 ab
736 2601 777 2622 eo
799 2600 874 2623 nar—

250 2646 358 2674 ratum
386 2640 449 2678 sit,
488 2637 649 2670 habemu-
677 2635 790 2677 ntique
818 2645 876 2668 cur

943 1021 1149 1054 magnopere
1164 1010 1370 1042 dubitemus.
1388 1009 1473 1042 Nam
1496 1011 1565 1043 Ba-

941 1057 1054 1088 stius
1077 1056 1234 1098 quidem,
1260 1060 1428 1087 scrutator
1453 1056 1565 1087 harum

942 1112 1052 1134 rerum
1079 1100 1372 1144 diflgentinimm,
1399 1101 1460 1132 etsi
1484 1100 1566 1133 ταύ-

942 1160 1000 1188 την
1030 1148 1102 1188 ipse
1133 1156 1268 1188 quoqne
1299 1157 1340 1178 ex
1373 1145 1448 1177 rod.
1483 1146 1566 1178 Ven.

941 1193 977 1226 Ξ.
1003 1198 1038 1225 et
1067 1194 1172 1228 Vatic.
1201 1189 1238 1225 Ω.
1265 1192 1428 1230 enotavit,
1456 1198 1566 1224 tamen

942 1238 983 1270 de
1015 1238 1123 1270 Paris.
1155 1239 1194 1270 A.
1227 1242 1262 1270 et
1288 1238 1325 1269 Β.
1357 1237 1422 1269 alia
1456 1239 1568 1270 omnia

939 1287 1097 1316 testatur.
1145 1282 1293 1314 Tantum
1338 1286 1448 1314 autem
1484 1283 1564 1314 Par.

941 1331 980 1363 Α.
1005 1329 1036 1362 in
1060 1329 1114 1360 his
1140 1328 1231 1360 libris
1244 1327 1435 1367 tribuimus,
1459 1338 1567 1369 quan-

940 1378 1011 1406 tum
1042 1374 1095 1406 vix
1121 1373 1250 1405 cunctis
1282 1372 1456 1405 codicibus
1488 1373 1566 1406 reli-

939 1420 1022 1461 quis.
1077 1418 1146 1451 Sed
1183 1428 1283 1459 quum
1328 1417 1491 1451 veihane
1523 1419 1566 1450 ob

940 1474 1089 1496 caussam
1123 1463 1166 1495 de
1204 1464 1408 1506 pronominis
1439 1462 1568 1505 ταύτην

942 1511 1087 1542 veritate
1136 1508 1288 1541 dubitare
1332 1509 1449 1548 liceat,
1497 1513 1566 1541 tum

942 1556 1041 1587 etiam
1067 1553 1157 1586 aliud
1181 1553 1261 1594 quid
1287 1558 1351 1593 est,
1375 1554 1465 1593 quod
1492 1564 1565 1585 eam

940 1600 1141 1640 scripturam
1170 1602 1360 1638 suspectam
1382 1598 1503 1633 reddat
1516 1603 1567 1630 at·

940 1654 1005 1685 que
1030 1644 1203 1676 incertam.
1220 1642 1310 1677 Quid
1327 1642 1412 1674 enim
1424 1643 1443 1675 ’ἐ
1462 1653 1567 1684 quor—

941 1699 1012 1721 sum
1038 1688 1172 1721 tandem
1199 1697 1383 1729 pronomen
1397 1688 1486 1719 istud
1506 1698 1568 1730 pu-

940 1735 1087 1766 tabimus
1112 1732 1324 1766 referendum
1349 1732 1454 1765 esse?
1491 1742 1566 1765 num

940 1779 982 1812 ad
1007 1788 1244 1820 praegressum
1268 1776 1378 1818 ἀρχῆς
1402 1781 1458 1818 τῆς
1488 1779 1567 1810 ἐκεί-

941 1823 1029 1856 vm?
1076 1833 1116 1855 an
1158 1823 1200 1854 ad
1241 1821 1302 1863 τὴν
1345 1823 1567 1858 Ξυσταθεῖσαν

942 1867 1122 1904 crinalem?
1147 1867 1310 1901 Nimirum
1337 1872 1488 1901 neutrum
1515 1878 1567 1900 re·

943 1919 998 1946 cte
1039 1914 1109 1946 fieri
1147 1923 1252 1956 posse
1290 1913 1434 1946 videtur.
1481 1913 1565 1946 Nam

943 1959 985 1991 ad
1012 1958 1072 2000 τὴν
1097 1959 1320 1994 Ξυσταθεῖσαν
1345 1957 1499 1994 σύνταξιν
1516 1961 1567 1991 vel

943 2009 1124 2047 propterea
1152 2014 1218 2036 non
1251 2007 1365 2045 potest
1388 2003 1568 2036 commode

942 2050 1113 2088 revocari,
1153 2049 1234 2090 quia.
1271 2047 1304 2080 id
1348 2049 1492 2088 pertinet
1526 2049 1566 2081 ad

941 2094 1141 2127 sententiam
1173 2093 1406 2127 intermediam
1435 2099 1469 2126 et
1494 2098 1566 2126 tan-

940 2150 1037 2181 quam
1070 2149 1128 2180 per
1154 2140 1370 2171 occasionem
1402 2139 1568 2172 uberioris

940 2185 985 2217 rei
1019 2184 1254 2226 explicationis
1284 2185 1393 2223 gratia
1418 2185 1566 2226 interpo-

940 2230 1048 2262 sitam.
1088 2229 1144 2261 Ad
1170 2230 1337 2261 utrumvis
1369 2233 1482 2262 nutem
1508 2240 1567 2272 pa-

940 2284 1013 2307 rum
1053 2278 1148 2306 recte
1178 2273 1325 2306 trahetur
1358 2274 1454 2315 ideo,
1489 2275 1569 2316 quia

939 2321 982 2351 ita
1014 2318 1204 2360 diceretur,
1234 2319 1418 2362 potentiam
1452 2319 1568 2351 civita-

939 2369 1008 2397 tum
1038 2365 1236 2396 Doricarum
1261 2365 1357 2396 unice
1392 2374 1568 2406 compara-

948 2414 1013 2442 tam
1040 2410 1146 2442 visam
1174 2420 1251 2442 esse
1275 2409 1317 2442 ad
1342 2410 1569 2442 retundendos

945 2454 1164 2497 Assyriorum
1196 2455 1358 2496 impetus,
1391 2465 1493 2497 quun·
1519 2459 1568 2486 ta-

946 2509 1021 2532 men
1051 2502 1198 2542 scriptor
1228 2500 1384 2540 Assyrios
1422 2503 1568 2532 tantum-

945 2545 1048 2581 modo
1074 2545 1220 2587 exempli
1243 2554 1363 2578 caussa
1395 2548 1571 2583 memoret,

943 2594 1045 2632 atque
1082 2590 1223 2623 Doricus
1256 2591 1400 2623 civtates
1434 2590 1572 2622 omnino

944 2635 1109 2669 adversus
1140 2635 1313 2668 barbaros.
1337 2636 1366 2668 si
1390 2636 1444 2677 qui
1466 2634 1572 2667 Grae-
