1612 2872
264 126 338 165 lffi

733 123 1104 166 PLATONIS

256 237 479 297 φωινήσωσι
515 240 575 291 ’τῷ
614 237 739 291 λόγῳ,
774 238 926 293 ὀρθῶς
963 241 1173 282 εἰθίσθαι
1208 239 1292 283 ὑπὸ
1329 243 1415 282 τῶν
1450 258 1574 297 προς-

255 304 449 357 ηκόντων
483 305 615 345 ἐθῶν.

669 303 806 354 αὐτῆς
839 303 892 345 θ’

944 302 970 355 ἡ
1006 304 1229 363 ξυμφωνία
1266 305 1467 363 ξύμπασα
1501 310 1579 362 μὲν

256 368 407 424 ἀρετή,
444 368 492 410 τὸ
531 371 574 410 δὲ
611 372 703 423 περὶ
741 373 821 418 τὰς
857 368 1019 420 ἡδονὰς
1053 376 1123 414 καὶ
1157 371 1296 422 λύπας
1332 375 1578 428 τεθραμμέ-

258 452 334 477 νον
370 435 506 485 αὐτῆς
541 434 705 490 ὀρθῶς,
740 434 842 485 ὥςτε
874 445 1012 490 μισεῖν
1046 441 1123 491 μὲν
1158 436 1185 480 ἂ
1220 437 1301 494 χρὴ
1339 447 1476 493 μισεῖν
1512 440 1578 482 εὐ-

259 499 349 550 θὺς
385 501 426 552 ἐξ
458 501 594 555 ἀρχῆς
627 507 747 556 μέχρι
780 504 937 552 τέλους,
977 508 1165 558 στέργειν
1208 508 1251 547 δὲ
1286 501 1424 564 ξὲχρὴ
1461 510 1578 560 στέρ-

254 583 364 619 γειν,
410 566 530 609 τοῦτ’

584 568 693 610 αὐτὸ
729 566 961 622 ἀποτεμὼν
1004 571 1064 623 τῷ
1111 568 1224 625 λόγῳ
1271 573 1342 613 καὶ
1378 573 1578 613 παιδείαν

343 737 480 783 αὐτῆς
510 739 557 773 θ’
583 739 602 784 ἠ
631 742 877 785 ξυμφωιίἀ]
911 741 1015 785 αὐτῆς
1052 739 1100 773 θ’
1131 740 1210 785 ἠξ.
1246 745 1320 777 Par.
1355 748 1392 777 A.
1427 745 1499 778 Vat.
1539 745 1576 779 Ω.

253 790 343 818 teste
367 787 499 820 Bastio.
528 788 693 820 Eusebius
719 790 862 820 unanimi
887 789 987 821 codd.
1023 791 1261 823 consensione.
1291 789 1373 832 αὕτη
1398 788 1473 822 ἑησθ
1499 789 1518 832 ἡ
1544 793 1573 832 ξ.

255 831 409 864 Ficinus.
450 832 557 865 llaec
590 834 682 875 ipsa
725 835 973 867 consensio
1005 835 1202 866 universa
1236 836 1404 876 quidem
1436 838 1574 869 virtus

250 989 303 1022 hic
333 1000 483 1023 errorem
512 989 657 1030 aliquem
689 987 877 1029 delituisse,

249 1045 346 1077 quem
385 1037 475 1068 nulla
514 1033 702 1066 anacolutlii
738 1035 878 1066 alicuius

249 1080 402 1114 machina
417 1079 684 1115 excusaverat«)
694 1090 713 1111 u
723 1090 738 1111 s
748 1090 765 1111 e
775 1080 814 1112 bi
828 1090 848 1112 u
861 1090 878 1111 s

247 1127 270 1158 1.
298 1136 328 1158 c.
353 1127 512 1167 scriptum
529 1124 678 1157 exhibet:
704 1123 878 1166 141‘2'171808‘

249 1170 267 1212 ἧ
287 1170 477 1214 ξυμφωνίαι
494 1170 582 1211 quod
596 1172 762 1211 expressit
778 1172 877 1203 etiam

248 1216 442 1251 Ficinus:
490 1215 602 1247 Haeo
642 1214 735 1257 ipsa
783 1226 875 1248 con·

246 1261 404 1295 sensio
461 1260 661 1293 universa
708 1260 877 1303 quidem

246 1307 382 1339 virtus
406 1310 474 1340 est.
495 1307 616 1348 Itaque
635 1306 876 1339 Boeckhius

248 1357 283 1385 et
333 1351 530 1384 Sclineid.
578 1361 650 1382 eam
697 1352 874 1384 lectionem

247 1398 343 1431 unice
373 1398 528 1440 probant.
575 1395 693 1437 Neque
728 1396 785 1429 illa
816 1407 875 1437 per

247 1454 285 1476 se
308 1447 464 1484 spectata
491 1441 679 1483 spernenda
707 1446 768 1473 est.
803 1442 872 1475 Sed

244 1487 383 1531 impedit
412 1492 524 1520 tamen
548 1487 693 1519 omnium
719 1487 872 1520 Platonis

244 1535 406 1566 librorum
417 1533 600 1565 auctoritas
609 1533 785 1573 quominus
797 1543 870 1565 eam

243 1579 401 1612 contiuuo
430 1579 686 1631 amplectamur.
719 1577 871 1611 Quorum

242 1634 346 1665 quum
383 1623 520 1665 optimi,
565 1626 653 1653 teste
704 1622 871 1660 Bastio,

244 1670 406 1710 scriptum
425 1666 602 1700 exhibeant
618 1664 727 1718 αὑιῆς
750 1665 786 1697 θ’
809 1665 827 1707 ἦ
843 1668 870 1703 ξ.

242 1715 353 1747 locum
379 1717 534 1765 putamus
561 1721 624 1743 nou
646 1711 694 1742 sic
709 1712 872 1753 retingen-

241 1759 323 1792 dum
349 1769 442 1791 εεεε·
478 1754 585 1797 αὕτη
611 1754 682 1787 ἔσθ’
719 1754 738 1798 ἡ
769 1758 870 1799 ξιμφ.

242 1804 302 1837 sed
316 1802 531 1836 scribendum
558 1801 644 1833 hunc
666 1802 699 1832 in
717 1801 872 1835 modum:

240 1850 342 1881 ἐθῶν.
381 1847 466 1889 αὕτη
496 1846 534 1879 δὲ
564 1844 583 1886 ἦ
608 1847 780 1887 ξυμφωνία
803 1848 872 1880 κτλ.

240 1895 288 1927 ita
318 1898 355 1926 ut
384 1893 426 1925 ad
462 1891 480 1933 ἡ
513 1892 684 1932 ξυμφωνίιι
717 1909 759 1915 ——-
793 1890 872 1934 ἀρε-

240 1937 283 1980 τή
310 1939 516 1980 intelligatur
539 1938 649 1976 ἐστίν,
674 1946 759 1977 quae
783 1940 870 1970 ratio

211 2008 212 2011 κ
240 1983 320 2017 nihil
346 1983 447 2017 habet
471 1982 684 2015 difficultatis.
716 1982 788 2016 Iam
812 1993 869 2016 ve-

240 2039 293 2069 ro,
319 2028 369 2061 his
386 2033 557 2070 utcunque
570 2026 746 2068 expeditis,
773 2027 869 2061 facile

215 2074 438 2116 'intelligitur
477 2077 570 2106 recte
605 2072 727 2104 deinde
774 2074 867 2114 pergi

218 2149 221 2153 Α
246 2119 332 2152 hunc
353 2121 385 2152 in
410 2119 563 2152 modum:
587 2115 626 2148 τὸ
655 2117 688 2149 δὲ
709 2118 788 2162 ῃερὶ
804 2118 868 2151 τὰς

221 2163 364 2206 ’ἡδονάς
389 2182 428 2188 -
455 2161 730 2207 προεαγορεύοις.
778 2163 864 2197 Nam

239 2209 332 2252 quod
357 2209 476 2243 dehinc
500 2218 587 2241 novo
631 2207 735 2240 verbo
782 2209 863 2242 sub—

240 2255 355 2287 iuncto
400 2253 613 2287 accusativus
644 2252 801 2291 infertur,
831 2253 864 2286 id

241 2299 329 2332 adeo
371 2305 424 2332 est
457 2299 710 2342 pervulgatum,
747 2302 786 2331 ut
824 2309 866 2332 ne

241 2345 429 2377 anacoluthi
464 2344 599 2386 quidem
632 2343 766 2376 nomine
803 2355 866 2386 ap-

239 2389 433 2432 pellandum
448 2388 558 2422 fuerit.
598 2388 761 2429 Sequitur
785 2390 865 2430 iam,

239 2439 277 2468 ut
300 2435 343 2468 de
368 2433 653 2475 consequentibus
675 2434 785 2466 verbis
809 2444 862 2468 ex·

239 2479 432 2522 plicandum
458 2480 512 2511 sit.
540 2478 604 2510 Hic
629 2489 710 2511 vero
729 2478 868 2521 diligen-

238 2531 293 2558 ter
331 2524 666 2557 animadvertendum
711 2529 763 2557 est
785 2506 867 2566 ’,μέν

239 2573 318 2613 post
343 2568 500 2613 ξύμπασα
524 2578 599 2600 εεεε
624 2568 866 2610 interpositum.

239 2616 375 2658 Quippe
404 2614 562 2658 δυ’μτασα
594 2612 655 2655 μέν
685 2615 867 2656 opponitur

239 2661 355 2694 verbis
373 2660 551 2703 proximis:
577 2656 616 2690 τὸ
646 2657 683 2690 δὲ
705 2658 779 2703 περὶ
804 2657 867 2697 τὰς

945 989 1349 1033 ἡδονᾶς-τεθραμμένον
1363 991 1480 1035 αὕτῆς,
1506 995 1572 1028 Ita-

944 1046 1008 1079 que
1033 1036 1094 1068 hoc
1119 1036 1258 1069 dicitur:
1291 1039 1377 1070 ista
1404 1040 1571 1081 quidem

946 1082 1181 1114 consensio
1218 1083 1294 1124 (vel
1331 1084 1403 1116 sine
1435 1086 1572 1117 rationis

945 1127 1140 1159 accessione
1163 1128 1216 1159 vel
1241 1129 1339 1160 etiam
1366 1130 1494 1163 ratione
1514 1141 1571 1163 so-

945 1173 995 1204 cia
1019 1177 1053 1204 et
1066 1172 1190 1203 comite
1217 1173 1328 1206 locum
1348 1173 1491 1215 liabens)
1513 1179 1571 1208 to·

944 1221 986 1250 ta
1010 1216 1176 1258 quidem
1201 1218 1253 1258 (si
1279 1229 1319 1251 ea
1345 1224 1414 1260 est,
1447 1219 1571 1264 inqua

944 1263 1043 1295 etiam
1069 1262 1206 1294 rationis
1227 1267 1307 1295 sunt
1331 1266 1458 1306 partes)
1487 1265 1570 1298 vir-

941 1311 1008 1340 tus
1042 1312 1125 1346 est,
1152 1317 1264 1348 quae
1289 1319 1365 1341 non
1395 1314 1460 1341 est
1489 1310 1571 1344 edu-

942 1353 1128 1385 cationis
1186 1362 1234 1384 ao
1296 1353 1571 1397 disciplinae

941 1408 1050 1440 pars,
1075 1408 1326 1439 quamquam
1352 1409 1399 1431 ex
1415 1410 1459 1432 ea
1476 1411 1569 1442 pro-

939 1443 1170 1476 ficiscitur.
1213 1444 1284 1475 Iam
1310 1454 1391 1476 vero
1417 1446 1567 1486 proxima

938 1488 1023 1521 hunc
1046 1488 1080 1520 in
1107 1488 1243 1520 modum
1268 1490 1465 1530 explicanda
1493 1501 1570 1522 esse

938 1538 1099 1575 apparets
1134 1533 1206 1564 sed
1238 1534 1349 1574 quod
1383 1546 1455 1576 per
1481 1546 1566 1568 eam

939 1579 1208 1620 (consensionem
1234 1588 1261 1611 s.
1283 1578 1487 1621 ξυμφωνίαν)
1506 1591 1566 1612 vo·

939 1625 1136 1664 luptates
1167 1633 1212 1654 ac
1237 1624 1412 1656 dolores
1449 1630 1568 1658 recte

939 1672 1034 1699 sunt
1064 1668 1186 1709 quasi
1221 1668 1483 1702 conformati
1525 1675 1567 1703 et

940 1713 1129 1754 educati,
1170 1714 1228 1745 ita
1271 1719 1315 1746 ut
1350 1716 1468 1756 pueri
1515 1716 1565 1748 ab

939 1758 1068 1791 initio
1103 1767 1238 1799 usque
1279 1758 1328 1791 ad
1367 1759 1496 1792 finem
1528 1772 1565 1793 a-

940 1808 1170 1836 versentur
1195 1807 1322 1844 atque
1347 1809 1565 1846 appetant,

938 1859 1044 1890 quae
1091 1853 1267 1890 oportet
1338 1848 1439 1882 lianc
1475 1861 1563 1892 par-

939 1898 1022 1926 tem
1065 1894 1321 1926 definitione
1365 1899 1562 1936 tanquam

937 1939 975 1980 (a
1009 1940 1151 1981 ceteris)
1190 1949 1391 1972 resecans
1426 1945 1467 1972 et
1495 1951 1561 1983 ap-

938 1985 1107 2025 pellans
1153 1983 1454 2017 educationem
1500 1996 1563 2018 re-

936 2033 1002 2062 cte
1020 2039 1109 2062 mea
1133 2030 1360 2062 sententia
1385 2041 1473 2062 eam
1497 2041 1562 2070 ap-

934 2075 1190 2116 pellaveris.
1201 2073 1337 2106 Etenim
1351 2087 1389 2106 το
1406 2075 1481 2117 περὶ
1501 2073 1561 2112 ταὶς

931 2117 1054 2160 ἡδονὰς
1087 2119 1142 2151 καὶ
1176 2115 1283 2155 λύπας
1325 2122 1562 2162 τεθραμμένον

930 2164 1074 2197 nominis
1106 2164 1305 2196 substantivi
1338 2168 1451 2205 partes
1482 2166 1560 2207 agit,

930 2209 1019 2242 unde
1041 2210 1226 2251 genitivum
1262 2209 1372 2250 αὐτῆς
1405 2209 1557 2243 additum

933 2254 1051 2293 habet,
1082 2254 1138 2296 qui
1171 2255 1320 2296 pertinet
1353 2254 1394 2287 ad
1422 2255 1559 2298 ξυμφω-

932 2299 1003 2338 vta,
1029 2278 1075 2331 i’ta
1099 2303 1137 2331 ut
1167 2297 1204 2331 τὸ
1229 2299 1305 2344 περὶ
1335 2313 1366 2333 τ.
1393 2298 1445 2340 ἡδ’.
1472 2311 1500 2331 κ.
1528 2301 1556 2332 λ.

931 2346 1171 2388 τεθραμμένον
1202 2345 1265 2385 sit,
1297 2345 1410 2386 quod
1433 2345 1483 2377 ab
1512 2355 1559 2377 ea

932 2388 1353 2432 proficiscitur,vel‚
1364 2389 1475 2432 quod
1505 2389 1557 2422 ad

933 2444 1022 2467 eam
1048 2435 1251 2468 refertur.
1278 2435 1337 2467 Sic
1360 2434 1466 2477 Legg.
1487 2435 1558 2469 111.

1001 2479 1076 2514 689.
1112 2481 1156 2514 A.
1185 2492 1223 2512 το
1236 2492 1320 2534 γαρ
1345 2479 1556 2522 λυπούμενον

931 2524 987 2556 καὶ
1010 2522 1178 2567 ηδόμενον
1200 2521 1317 2564 αυτῆς.
1339 2526 1397 2557 int
1412 2528 1555 2578 ‘dietpu-

929 2572 1003 2611 χῆς.
1016 2588 1056 2594 -
1082 2571 1132 2603 De
1150 2570 1239 2612 Rep.
1255 2569 1296 2602 X.
1314 2581 1345 2612 p.
1365 2570 1442 2604 603·
1457 2571 1494 2603 A.
1512 2582 1550 2600 το

931 2613 1074 2654 δοξάζον
1098 2626 1159 2656 της
1172 2617 1291 2656 ψιχης.
1320 2616 1364 2647 al.
1389 2615 1492 2647 Plura
1509 2614 1553 2645 si-

930 2659 1019 2694 milia
1042 2660 1271 2703 suppeditabit
1285 2659 1553 2694 desiderantibus
