1612 2872
212 82 450 130 CLXVIII
641 81 886 127 PROLEG
895 83 1118 126 OMENA

175 230 179 231 ν
211 198 418 255 gistratus
458 196 627 250 ipsique
667 193 775 235 adeo
817 194 956 246 cives,
1009 192 1360 248 quandoquidem
1397 206 1545 234 omues.

213 255 305 295 sine
343 254 431 294 ullo
471 248 717 292 discrimine
759 247 813 289 ad
854 263 998 304 parem
1038 264 1183 302 earum
1229 247 1545 291 observantiam

212 308 408 351 obstricti
437 310 650 347 tenentur.
710 303 867 358 Neque
909 304 1033 345 aliter
1061 303 1339 346 iudicandum
1369 303 1422 344 de
1452 303 1546 344 uni-

215 379 360 405 versae
379 361 564 404 civitatis
591 359 677 400 fine
700 365 779 412 est,
802 360 876 413 qui
896 360 938 400 in
963 375 1049 400 una
1071 360 1253 400 maxime
1275 360 1432 408 virtute
1457 373 1547 400 cer-

212 420 340 460 nitur.
380 417 494 459 Nam
514 416 641 456 sicuti
662 414 706 455 in
733 416 895 470 optima
924 416 1125 469 civitate,
1159 416 1280 456 cuius
1311 415 1476 470 species
1508 420 1549 456 et

210 475 348 515 forma
365 478 505 513 mente
525 478 568 511 et
587 470 850 526 cogitatione
870 471 1137 524 continetur,
1151 471 1195 512 in
1217 470 1396 528 singnjis
1413 470 1548 525 ipsius

209 529 405 584 partibus
420 527 614 582 singulae
635 526 817 568 virtutes
837 526 1174 582 conspiciuntur,
1196 541 1302 580 quas
1318 540 1464 567 omnes
1477 525 1550 566 de—

211 585 340 638 nique
370 598 457 624 una
484 582 650 624 iustitia.
679 582 803 635 quasi
833 583 1009 637 colligat
1039 589 1082 624 et
1112 581 1458 637 comprehendit,
1489 582 1550 622 ita

211 640 339 680 etiam
377 640 420 679 in
460 639 628 693 Legum
668 638 843 679 civitate
893 639 1028 679 virtus
1082 644 1237 693 regnat
1275 652 1353 693 per
1391 637 1547 678 omnia.

212 695 484 749 Quamquam
523 694 602 735 hac
633 693 676 734 in
717 700 837 748 parte
874 692 1037 748 duplici
1076 694 1246 734 nomine
1278 694 1332 734 ab
1362 693 1548 748 optimae

211 751 399 792 civitatis
436 750 603 790 ratione
634 764 684 790 ac
705 749 933 804 disciplina
953 749 1179 790 receditur.
1229 748 1343 790 Nam
1368 748 1548 803 primum

212 806 384 861 quidem
428 805 641 860 sapientia
675 810 938 860 temperatur
975 812 1019 846 et
1066 804 1298 846 remittitur
1351 804 1442 845 fere
1493 803 1578 855 ad=

210 862 365 904 mentis
409 862 626 914 animique
665 859 841 902 humani
870 860 1090 902 modulum
1120 875 1231 913 eum,
1265 859 1338 913 qui
1367 859 1548 901 homini-

210 919 291 960 bus
335 917 584 959 melioribus
634 930 784 957 revera
836 916 946 958 solet
985 916 1173 958 attribui.
1233 917 1408 957 Absunt
1436 916 1574 957 enim«

213 974 266 1015 ab
297 987 347 1014 ea
377 972 596 1027 sapientes
625 971 700 1023 illi,
733 971 806 1024 qui
844 971 956 1012 ultra
981 971 1201 1027 vulgarem
1229 971 1448 1012 hominum
1479 986 1549 1012 ca*

212 1035 334 1084 ptum
365 1028 553 1082 sapiunt.
614 1026 785 1068 Deinde
809 1027 934 1068 etiam
964 1027 1158 1082 singulae
1188 1027 1357 1068 virtutis
1382 1027 1549 1081 species

212 1092 254 1125 et
293 1085 454 1125 formae
493 1082 639 1138 paullo
681 1082 805 1124 aliter
837 1089 967 1136 atque
1008 1083 1051 1122 in
1083 1082 1245 1136 optima
1282 1083 1456 1123 civitate
1485 1083 1549 1124 in·-

210 1142 449 1182 formantur
493 1139 717 1194 magisque
775 1137 830 1179 ad
878 1139 992 1179 vitae
1049 1138 1285 1180 communis
1332 1152 1456 1179 usum
1506 1144 1550 1180 et

212 1195 568 1238 consuetudinem
605 1200 958 1248 attemperantur.
1037 1196 1098 1234 At
1147 1194 1260 1234 enim
1297 1208 1397 1235 vero
1465 1194 1550 1235 ista

213 1252 354 1294 omnia
391 1250 668 1292 nihilominus
706 1249 913 1291 eiusmodi
953 1256 1076 1302 sunt,
1115 1255 1165 1290 ut
1194 1249 1476 1304 philosophus
1505 1249 1550 1290 in

211 1309 263 1349 iis
301 1305 568 1362 explicandis
613 1320 830 1359 nunquam
872 1321 958 1347 non
997 1304 1211 1346 studuerit
1250 1305 1390 1346 omnia
1422 1319 1549 1358 quam

213 1365 407 1419 proxime
447 1360 504 1402 ad
545 1361 733 1416 optimae
764 1361 954 1403 civitatis
982 1360 1154 1402 laudem
1183 1366 1226 1401 et
1255 1360 1549 1402 excellentiam

212 1432 470 1474 componere
508 1422 551 1458 et
588 1416 830 1458 informare.
899 1417 990 1458 Iam
1028 1432 1133 1458 vero
1169 1415 1445 1471 disciplinam
1469 1432 1549 1472 pu-

211 1475 367 1517 blicam
405 1479 449 1515 et
496 1472 730 1528 privatam,
784 1487 893 1527 quae
939 1473 984 1513 in
1029 1472 1220 1528 Legibus
1259 1478 1431 1527 regnat,
1474 1472 1549 1514 ubi

211 1536 505 1585 respectamus
543 1535 586 1569 ct
627 1543 723 1570 cum
753 1528 961 1570 institutis
993 1528 1180 1570 civitatis
1211 1528 1256 1569 in
1286 1528 1445 1569 Politia
1475 1527 1550 1569 de·—

213 1588 398 1641 scriptae
430 1599 743 1639 comparamus,
774 1585 812 1626 si
841 1584 895 1626 ab
924 1584 978 1625 iis
998 1583 1336 1636 discesserimus,
1367 1598 1477 1638 quae
1504 1583 1549 1624 in

210 1642 370 1684 Politia
398 1640 676 1694 disputantur
704 1639 757 1690 de
787 1639 1057 1695 philosophis
1087 1640 1435 1695 magistratibus,
1475 1639 1550 1694 qui

211 1699 256 1739 in
300 1696 498 1752 Legibus
539 1695 647 1736 nulli
676 1701 801 1747 sunt,
841 1701 908 1736 est
943 1695 1016 1736 illa
1059 1696 1254 1749 proiecto
1293 1709 1370 1750 per
1407 1695 1550 1736 omnia

213 1751 437 1804 eiusmodi,
457 1758 508 1791 ut
527 1750 757 1804 utrobique
787 1750 912 1806 plane
932 1750 1168 1792 concordet
1190 1750 1377 1806 egregie,
1400 1765 1549 1804 quam·-

213 1823 341 1863 quam
378 1808 423 1848 in
461 1806 657 1861 Legibus
697 1806 831 1848 multa
868 1812 912 1848 et
954 1807 1170 1862 copiosius
1209 1806 1483 1861 explicantur>
1506 1813 1550 1847 et

213 1863 463 1918 diligentius
494 1862 548 1902 ad
579 1875 845 1904 communem
863 1862 978 1903 vitae
1008 1877 1131 1904 usum
1162 1861 1548 1904 accommodantur.

212 1921 325 1962 Nam
366 1917 632 1974 aymnastica
675 1917 847 1972 quidem
877 1924 921 1960 et
948 1918 1112 1960 musica
1139 1918 1355 1959 institutio
1385 1917 1454 1958 hio
1485 1923 1549 1958 at-

214 1991 298 2029 que
337 1954 423 2016 il'fio
461 1973 588 2029 plane
617 1973 767 2015 eadem
798 1979 876 2027 est,
907 1974 1126 2030 religionis
1157 1979 1299 2014 autem
1328 1988 1378 2014 ac
1408 1973 1544 2027 pieta-

212 2033 269 2073 tis
307 2030 557 2085 disciplina,
597 2029 681 2070 etsi
718 2030 764 2070 in
791 2030 982 2086 Legibus
1013 2030 1159 2083 paullo
1188 2028 1549 2070 accommodatior

214 2094 280 2129 est
320 2086 374 2127 ad
412 2084 562 2140 populi
600 2091 774 2139 captum
823 2092 868 2126 et
905 2085 1256 2141 intelligentiam,
1310 2090 1453 2125 tamen
1493 2083 1548 2125 ad

215 2157 308 2184 eam
338 2142 590 2183 doctrinam
629 2147 674 2182 et
701 2140 936 2194 rationem,
969 2155 1078 2194 quae
1108 2140 1153 2181 in
1183 2140 1342 2195 optima
1373 2140 1564 2190 civitate,

213 2197 466 2239 custodibus
514 2196 773 2251 reipublicae
828 2195 1111 2252 impertienda
1168 2209 1264 2237 csse
1313 2195 1544 2248 iudicatur,

213 2260 301 2294 tam
333 2267 468 2307 prope
498 2251 680 2304 accedit,
712 2257 762 2293 ut
789 2251 902 2293 inter
929 2258 1152 2306 utramque
1182 2266 1331 2305 parum
1357 2250 1547 2292 animad*

214 2315 407 2350 vertatur
436 2307 706 2349 discriminis.
764 2307 824 2348 Et
847 2307 950 2360 quid
981 2306 1117 2348 dicam
1149 2306 1202 2347 de
1229 2307 1438 2347 institutis
1467 2321 1547 2361 pua

216 2362 369 2406 blicis?
436 2356 668 2404 Enimveio
707 2377 818 2416 quae
856 2363 901 2405 in
932 2363 1091 2417 optima
1120 2362 1296 2403 civitate
1327 2361 1379 2402 de
1410 2362 1546 2404 bono-

214 2435 307 2461 rum
338 2418 655 2471 communione,
695 2417 749 2459 de
778 2433 859 2459 usu
887 2418 1110 2461 mulierum
1141 2430 1371 2471 earumque
1399 2417 1446 2458 in
1503 2432 1547 2458 e-

213 2474 359 2516 rendis
387 2472 634 2514 muneribus
664 2473 860 2515 civilibus
888 2473 1078 2515 sollertia
1095 2478 1138 2514 et
1167 2473 1438 2525 dexteritate,
1470 2432 1546 2514 ge-

213 2530 342 2584 nique
373 2528 426 2570 de
456 2527 550 2569 aliis
579 2527 625 2568 id
652 2543 789 2584 genus
817 2529 944 2571 rebus
969 2528 1290 2571 admirabilibus
1321 2528 1545 2583 disputan-

214 2591 308 2639 tur,
369 2598 420 2627 ea
472 2583 551 2626 etsi
595 2583 639 2624 in
688 2584 878 2638 Legibus
926 2585 1015 2626 fere
1076 2584 1245 2626 sublata
1294 2590 1419 2636 sunt,
1467 2589 1545 2637 fta-
