1612 2872
213 82 294 126 DE
327 72 602 122 LEGIBUS
635 70 752 115 LIB.
785 66 869 112 111.
905 65 950 108 P.
983 63 1079 106 689.
1110 59 1176 103 St.

1291 56 1375 99 305

33 205 168 250 τοῦτο
201 197 365 243 ἄνοιαν
399 189 722 253 προςαγορεύω,
761 182 925 235 πόλεώς
959 199 1017 232 τε,
1042 178 1155 225 ὅταν
1190 173 1376 249 ἄρχουσι

34 274 107 316 καὶ
134 266 289 323 νόμοις
330 261 391 319 μὴ
437 263 654 314 πείθηται
688 255 737 300 τὸ
774 254 976 306 πλῆθος,
1011 243 1178 292 ταύτὸν
1212 244 1286 288 καὶ
1321 242 1374 291 δη

34 341 107 383 καὶ
141 333 239 385 ἑνὸς
272 321 449 386 ἀνδρός,
469 326 643 373 ὁπόταν
665 326 794 368 καλοὶ
827 326 874 364 ἐν
903 319 1023 379 ψυχῇ
1055 313 1178 369 λόγοι
1207 309 1378 358 ἐνόντες

35 406 170 463 μηδὲν
204 402 364 445 ποιῶσι
415 400 568 447 πλέον,
603 389 718 437 ἀλλὰ
764 388 818 442 δὴ
853 386 1029 436 τούτοις
1063 385 1155 428 πᾶν
1190 378 1380 451 τούναν-

36 477 146 518 τίον.
191 466 358 518 ταύτας
400 463 549 514 πάσας
600 460 811 517 ἀμαθίας
862 453 943 506 τὰς
992 451 1381 507 πλημμελεστατας

38 538 151 595 ἔγωγ’
188 534 245 580 ἄν
283 537 417 586 θείην
452 527 617 580 πόλεώς
651 544 696 571 τε
731 527 806 569 καὶ
839 521 938 573 ἑνὸς
973 518 1158 565 ἑκάστου
1193 517 1282 558 τῶν
1305 530 1385 556 πο-

40 609 195 656 λιτῶν,
242 600 342 647 ἀλλ’
394 598 447 643 οὐ
493 596 574 649 τὰς
624 596 712 638 τῶν
756 590 1060 647 δημιουργῶν,
1096 590 1133 629 εὶ
1175 581 1265 639 ἄρα
1301 597 1387 638 μου

41 669 425 727 καταμανθάνετε,
464 659 496 709 ὦ
532 665 658 718 ξένοι,
693 659 716 705 ὃ
752 662 872 712 λέγω.

113 742 212 784 ΚΛ.
234 733 548 791 Μανθάνομέν
559 748 618 784 τε,
631 723 663 773 ὦ
677 730 788 789 φίλε,
802 727 875 770 καὶ
886 722 1192 779 συγχωροῦμεν
1203 716 1231 760 ἃ
1244 721 1391 772 λέγεις.

47 872 118 906 111.
141 881 176 913 p-
203 868 278 905 150.
302 866 356 899 ed.
384 864 498 897 Gaisf.

140 915 180 948 C.
229 913 268 947 εἰ
290 911 371 954 ἄρα
395 921 474 951 μου
500 908 666 950 aaran]
692 902 751 939 Sic
776 907 820 938 A.
848 907 882 936 et
904 911 1014 943 marg.
1034 897 1118 932 sta.
1135 907 1163 929 e.
1188 907 1265 928 cum
1289 896 1391 928 codd.

51 963 197 997 Eusebii
223 959 396 993 omnibus.
444 955 645 998 Legebatur
669 952 764 994 ἐμοῦ,
790 951 886 994 quod
908 950 946 981 in
970 949 1037 980 hac
1067 950 1101 978 et
1125 943 1299 975 similibus
1322 942 1394 974 for-

51 1010 155 1043 mulis
179 1009 295 1040 locum
320 1015 389 1037 non
412 1003 529 1036 habet.
577 1003 630 1034 De
653 1001 740 1042 Rep.
761 998 818 1032 ΙΙΙ.
833 995 958 1039 p.394.
985 994 1025 1026 C.
1051 993 1086 1025 εἴ
1103 1002 1170 1031 μου
1195 987 1396 1029 μανθάνεις.

52 1055 188 1091 Phileb.
214 1064 247 1096 p.
269 1051 324 1087 51.
341 1050 380 1083 C.
407 1050 444 1082 εἴ
460 1059 528 1089 μου
552 1045 752 1088 μανθάνεις.
767 1045 812 1077 al.
833 1043 928 1076 Dein
943 1040 1073 1074 Euseb.
1087 1035 1324 1077 Μανθάνομὲν
1348 1046 1398 1078 γε.

59 1164 207 1209 δοξάζον
232 1165 291 1207 τῆς
315 1165 436 1207 ψυχῆς.
461 1164 507 1196 al.
546 1161 617 1195 Sed
638 1161 696 1193 hie

55 1225 140 1248 usus
177 1211 347 1254 loquendi
383 1210 477 1253 apud
510 1209 694 1242 Platonem

58 1271 129 1295 non
154 1263 207 1292 est
229 1260 279 1290 ita
295 1267 406 1289 rarus.
432 1257 564 1297 Iungas
581 1258 697 1287 autem

60 1307 168 1340 verba
199 1306 235 1337 in
268 1304 362 1336 hune
386 1303 543 1336 modum:
567 1298 605 1333 τὸ
633 1296 698 1342 γὰρ

61 1350 278 1392 λυπούμενον
308 1350 362 1382 καὶ
395 1345 566 1391 ἡδόμενον
594 1343 701 1388 αὐτῆς

61 1398 152 1433 ἐστιν
178 1398 297 1434 τοῦτο,
329 1393 413 1437 ὅπερ
444 1393 564 1436 (ἐστὶν)
594 1389 703 1435 δῆμός

63 1457 97 1479 τε
121 1445 176 1477 καὶ
201 1442 338 1485 πλῆθος
361 1440 505 1474 πόλεως.

110 1492 154 1524 B.
201 1486 454 1531 ἐπιστήμαις
479 1484 500 1529 ἢ
530 1484 700 1527 δόξαις]

65 1539 112 1571 V.
138 1547 218 1571 ann.
243 1536 289 1569 ad
312 1546 347 1578 p.
371 1534 452 1570 688.
478 1534 520 1566 Β.

111 1601 283 1636 πόλεώς
314 1613 356 1636 τε
381 1621 426 1627 --
452 1597 607 1634 ταύτὸν
637 1598 704 1631 καὶ

66 1648 115 1693 δὴ
142 1650 281 1692 nal—J
301 1649 513 1682 civitatis
537 1646 707 1689 pariter

65 1702 204 1739 atque
239 1695 594 1736 uniuscuiusque
638 1692 707 1724 ho-

66 1744 212 1776 minis.
266 1741 322 1774 De
360 1738 487 1774 ταιῖτόν
525 1738 707 1772 adverbia-

67 1791 151 1831 liter
173 1793 354 1829 usurpato,
378 1794 416 1819 ut
440 1788 487 1819 sit
509 1786 708 1827 pariter,

70 1836 167 1877 pari
198 1834 344 1873 modo,
376 1844 410 1865 v.
442 1832 488 1865 ad
510 1831 631 1872 Remp.
660 1830 709 1862 X.

73 1892 107 1924 p.
133 1879 213 1915 605.
237 1879 280 1911 B.
307 1879 392 1911 vn.
417 1889 451 1920 p.
474 1876 554 1912 535.
569 1876 616 1908 D.
645 1875 711 1908 Le-

74 1927 224 1960 ctionem
241 1930 429 1967 receptam,
443 1933 506 1966 pro
522 1932 590 1965 qua
606 1922 713 1963 vulgo

75 1972 308 2006 scribebatur:
334 1989 376 1995 -
402 1967 439 2002 τὸ
466 1968 614 2011 πλῆθος,
636 1964 714 1999 ταύ-

78 2017 138 2051 τόν
164 2016 206 2059 δὴ
233 2017 286 2050 καὶ
310 2014 392 2049 ἑνὸς
417 2012 545 2058 ἀνδρὸς
570 2026 600 2046 κ.
627 2026 654 2046 τ.
677 2014 717 2051 L,

77 2069 216 2108 praeter
241 2064 343 2096 codd.
378 2063 531 2106 optimos
557 2061 718 2093 Platonis

78 2116 196 2144 tuetur
219 2111 324 2142 etiam
350 2108 567 2142 Stobaeus
591 2108 615 2139 l.
632 2118 661 2139 o.
685 2111 720 2139 et

78 2156 297 2190 Eusebius
336 2156 463 2198 Praep.
507 2155 644 2195 Evang.
684 2163 718 2196 p.

81 2202 161 2238 581.
185 2202 227 2234 Β.
251 2203 305 2235 ed.
329 2202 448 2244 Viget.

129 2267 258 2311 μηδὲν
292 2271 445 2303 ποιῶσι
479 2268 634 2313 πλέον]
677 2269 722 2300 Η.

84 2326 116 2349 e.
131 2316 220 2348 nihil
240 2316 437 2358 proficiunt,
452 2317 542 2350 nihil
563 2319 724 2359 prosunt,

85 2362 150 2396 sed
173 2363 292 2404 potius
315 2362 469 2396 efficiunt
497 2363 724 2396 contrarium.

86 2409 141 2442 De
189 2408 412 2451 loquutione,
459 2405 563 2441 οὐδὲν
622 2407 726 2440 πλέον

89 2457 217 2490 ποιεῖν,
241 2465 274 2487 v.
299 2465 380 2487 ann.
410 2454 455 2487 ad
479 2455 661 2488 Phaedon.
690 2465 725 2496 p.

90 2500 169 2536 115.
195 2499 237 2532 B.
276 2500 427 2534 l‘luralis
446 2499 583 2534 τούτοις
604 2511 726 2534 rursus

90 2548 138 2581 ad
160 2556 268 2579 uuum
293 2547 476 2589 quiddam,
497 2548 532 2580 h.
558 2559 588 2581 e.
618 2548 664 2580 ad
689 2544 728 2578 τὸ

92 2591 196 2626 πλέον
232 2596 342 2624 ποιεῖν
378 2593 559 2634 refer-tun>
578 2595 618 2628 in
659 2603 729 2635 quo

92 2650 138 2673 ue
183 2639 350 2681 haereas,
391 2641 552 2673 consulas
599 2649 731 2683 quaeso

95 2690 213 2720 annot.
232 2685 278 2723 ad
292 2684 402 2728 Gorg.
419 2685 548 2728 9447.
562 2686 611 2720 A.
624 2685 732 2728 Apol.

141 2752 231 2786 Plat.
258 2753 349 2796 opp.
377 2754 451 2789 Vol.
477 2754 520 2788 X.
547 2753 642 2788 Sect.
667 2753 691 2787 1.

760 1169 793 1201 p.
818 1156 874 1192 19.
899 1155 947 1190 D.
977 1155 1032 1188 De
1055 1154 1144 1196 Rep.
1171 1149 1234 1182 VI.
1259 1161 1293 1193 p.
1319 1149 1400 1184 504.

762 1205 808 1237 D.
833 1204 878 1236 al.

809 1249 849 1282 O.
898 1244 982 1280 ἀλλ’
1009 1243 1061 1279 οὐ
1087 1243 1158 1279 τὰς
1184 1243 1262 1275 ταῖν
1288 1242 1402 1285 δημι-

767 1307 785 1328 ο
797 1307 844 1339 υρ
854 1293 1010 1338 γῶν-]
1029 1292 1201 1334 Intelligit
1216 1300 1306 1333 quos
1320 1299 1404 1322 mox

765 1343 812 1375 D.
845 1346 950 1374 vocat
980 1337 1063 1372 τούς
1100 1335 1317 1381 λογιστικούε
1347 1336 1404 1368 καὶ

769 1389 892 1421 οἵτινες
915 1383 1025 1420 πάντα
1051 1384 1091 1419 τὰ
1114 1382 1229 1426 κομψὰ
1242 1383 1405 1416 διαπεπο-

770 1434 908 1478 νημένοι
942 1433 1038 1466 εἰσίν.
1098 1432 1272 1465 Nimirum
1312 1429 1409 1473 quod

770 1486 944 1515 nostrates
973 1480 1080 1513 hodie
1116 1479 1207 1521 proh
1231 1477 1335 1510 dolor
1359 1475 1411 1508 fa-

771 1539 850 1562 cere
874 1527 1000 1569 solent,
1014 1531 1052 1558 ut
1066 1526 1199 1558 artibus
1214 1525 1259 1557 ad
1276 1525 1412 1557 luorum

772 1581 807 1608 et
831 1579 1015 1616 quaestum
1044 1572 1244 1606 faciendum
1270 1579 1412 1612 compa-

772 1622 858 1655 ratis
870 1621 1062 1653 maximum
1077 1624 1234 1652 statuant
1249 1619 1413 1661 pretium,

772 1668 923 1709 ideoque
956 1677 1036 1706 eos,
1062 1667 1122 1707 qui
1156 1676 1275 1698 earum
1307 1663 1414 1707 periti

774 1715 862 1754 sint,
893 1713 1035 1746 summis
1064 1713 1102 1745 in
1130 1713 1314 1754 republica
1347 1714 1413 1746 ho·

773 1761 919 1794 notibus
936 1760 1064 1801 dignos
1083 1759 1309 1800 arbitrentur,
1322 1760 1415 1792 idem

775 1808 881 1839 etiam
911 1805 1070 1838 Platonis
1099 1806 1265 1847 aequales
1295 1816 1416 1848 saepe-

776 1862 920 1885 numero
936 1856 1132 1883 senserunt.
1170 1851 1328 1890 Quorum
1340 1853 1416 1894 qui-

780 1899 858 1930 dem
904 1898 1036 1929 iudicia
1081 1897 1314 1939 philosophus
1361 1899 1419 1930 hic

779 1945 903 1976 leniter
928 1943 1082 1983 deridet,
1106 1944 1235 1986 quippe
1267 1945 1323 1976 cui
1353 1944 1420 1976 fuit

781 1991 920 2032 penitus
974 1999 1179 2031 persuasum
1233 1991 1421 2023 maximam

784 2036 1097 2078 gravissimamque
1151 2036 1198 2068 ad
1244 2037 1424 2070 civitatem

783 2087 878 2116 recte
900 2081 1212 2114 administrandam
1242 2083 1424 2116 seientiam

787 2140 863 2162 esse
893 2129 1004 2169 hane,
1036 2132 1075 2159 ut
1106 2129 1185 2170 quis
1215 2130 1427 2171 cupiditates

786 2186 868 2208 suas
892 2175 1023 2207 rationi
1044 2177 1292 2208 convenienter
1302 2186 1425 2218 regere

788 2227 823 2254 et
846 2222 1021 2254 moderari
1050 2226 1171 2263 posset
1199 2222 1349 2265 ideoque
1373 2225 1425 2256 ni-

789 2269 839 2301 hil
868 2268 974 2303 vellet
999 2272 1060 2300 aut
1091 2269 1302 2311 susciperet,
1329 2271 1425 2312 quod

790 2325 866 2348 eum
907 2314 991 2346 boni
1034 2314 1241 2358 honestique
1288 2314 1426 2358 legibus

789 2361 863 2394 ullo
886 2361 992 2393 modo
1016 2365 1200 2402 pugnaret.

836 2405 879 2439 εἰ
915 2403 996 2449 ἄρα
1037 2417 1118 2447 μου
1157 2406 1427 2448 καταμανθά-

793 2463 887 2485 νετε
910 2452 974 2496 -]
999 2451 1055 2486 De
1079 2453 1145 2487 hae
1169 2456 1430 2488 constructione

795 2511 827 2531 v.
837 2510 942 2542 supra
951 2506 985 2532 et
995 2499 1169 2543 adRemp.
1186 2501 1429 2543 m.p.394.c.

797 2545 968 2580 Stohaeus
992 2546 1157 2588 seriptum
1182 2547 1288 2580 habet
1310 2547 1344 2580 εἰ
1364 2545 1430 2589 ἄρα

798 2602 878 2631 που,
902 2593 998 2635 qnod
1020 2593 1124 2626 etiam
1148 2594 1185 2625 in
1208 2605 1280 2627 uno
1303 2595 1432 2627 altero-

799 2649 867 2681 que
901 2639 1062 2672 Platonis
1101 2641 1221 2673 eodiee
1256 2644 1435 2682 repertum

800 2689 863 2719 est.
911 2684 982 2719 Sed
1006 2687 1108 2719 unice
1133 2696 1253 2719 verum
1270 2691 1438 2729 putamus

1113 2754 1169 2795 20
