1612 2872
277 112 354 154 CL
702 109 1126 152 PROLEGOMEN
1133 113 1173 152 A

277 224 343 263 nis
372 222 682 262 firmamentum
719 235 768 260 ae
799 221 1056 276 praesidium
1083 221 1127 262 in
1155 222 1413 275 civitatibus,
1445 223 1592 277 quales

277 278 406 334 vulgo
430 283 588 329 essent,
606 275 881 330 religionem,
904 277 1121 331 pietatem,
1153 277 1398 332 cultumque
1419 278 1593 321 deorum

279 348 398 386 esse,
437 331 552 386 quod
598 330 769 384 quidem
799 347 858 373 >eo
897 333 1054 374 certius
1092 333 1174 374 sibi
1202 335 1443 388 persuasit,
1478 335 1595 389 quod

277 389 434 430 nullam
466 402 645 441 usquam
674 388 976 442 rempublicam
995 395 1225 444 repererat,
1258 390 1378 432 cuius
1398 391 1596 432 instituta

276 459 361 486 non
381 444 617 485 arctissime
655 457 749 484 cum
780 444 1056 500 religionibus
1085 451 1214 498 atque
1244 446 1376 487 sacris
1405 447 1594 488 contine—

276 506 434 541 rentur.
492 499 708 551 Quocirca
736 515 814 541 nec
844 515 937 542 eam
966 501 1210 554 civitatem,
1242 516 1368 555 quam
1400 501 1455 542 ad
1482 502 1594 543 vitae

277 554 550 608 quotidianae
579 555 897 597 similitudinem
927 557 1180 612 composuit,
1209 572 1363 599 vacare
1390 557 1595 613 religione

276 617 319 652 et
355 611 513 666 pietate
554 611 640 653 ullo
670 611 796 653 modo
825 612 973 654 voluit.
1031 612 1157 654 Conf.
1191 613 1311 657 Libr.
1339 613 1397 657 V.
1426 628 1470 668 p.
1501 615 1594 655 747.

277 667 330 708 Ε.
370 666 450 708 IV.
488 669 584 710 712.
625 668 678 709 B.
718 667 802 709 IX.
845 684 886 723 p.
927 670 1009 710 854
1047 671 1101 710 A.
1132 676 1225 723 sqq.
1257 670 1352 710 927.
1383 671 1439 711 A.
1468 669 1522 711 al.
1553 676 1596 710 et

277 737 385 777 quae
415 723 736 772 accuratissime
766 724 818 765 de
850 724 984 766 saeris
1015 730 1059 765 et
1087 724 1338 766 sacerdotiis
1363 725 1483 766 Libr.
1514 725 1595 766 VI.

274 795 315 834 p.
357 780 450 820 759.
489 793 583 834 sqq.
624 779 955 835 praecipiuntur.
1025 780 1254 822 Enimvero
1285 795 1440 823 caussa
1467 781 1594 823 huius

274 833 422 876 iudicii
453 850 660 889 quaenam
689 837 830 888 fuerit,
862 836 989 878 facile,
1016 836 1117 877 licet
1138 837 1384 878 coniectura
1413 837 1596 891 assequi.

274 891 425 932 Virtus
454 891 566 932 enim
584 892 734 948 ¹civilis
764 898 806 934 et
834 892 1076 947 popularis,
1109 893 1277 946 qualem
1306 892 1351 933 in
1380 892 1460 935 hac
1491 894 1593 935 civi-

273 954 360 988 tate
390 962 467 988 sua
495 962 672 1002 regnare
702 947 855 990 debere
878 949 1042 999 statuit,
1072 963 1205 1002 quum
1228 949 1450 990 maximam
1481 955 1595 991 certe

274 1009 438 1058 partem
467 1010 607 1044 careat
634 1003 729 1044 luce
755 1004 959 1045 scientiae
987 1004 1102 1045 illius
1132 1002 1423 1058 (ἐπιστήμης),
1455 1019 1480 1046 a
1511 1020 1597 1059 qua

274 1059 472 1100 virtutem
511 1059 765 1115 sapientium
808 1059 1023 1115 proficisci
1043 1059 1245 1113 censuit,
1273 1059 1451 1101 eandem
1480 1059 1595 1102 illam

276 1129 361 1169 quo
393 1114 552 1168 aliquid
582 1115 748 1156 roboris
778 1122 908 1170 atque
944 1114 1147 1171 praesidii
1176 1115 1494 1158 nancisceretur
1522 1131 1595 1157 ex-

275 1171 510 1225 trinsecus,
548 1171 791 1213 necessario
830 1186 927 1213 cum
965 1172 1036 1227 pia
1074 1171 1312 1213 reverentia
1352 1185 1465 1227 erga
1493 1171 1594 1215 deos

275 1233 403 1281 atque
432 1241 500 1269 res
531 1226 696 1269 divinas
725 1227 998 1268 coniunctam
1027 1238 1134 1269 esse·
1151 1232 1347 1282 oportere
1376 1227 1594 1269 iudicavit.

275 1282 406 1335 Quod
435 1283 515 1324 etsi
545 1298 630 1324 non
659 1283 831 1324 disertis
859 1284 1001 1325 verbis
1030 1283 1288 1335 declaravit,
1319 1289 1460 1324 tamen
1491 1284 1595 1325 satis

275 1339 388 1381 clare
427 1339 686 1395 significavit
716 1339 769 1380 iis
809 1338 931 1392 locis,
962 1340 1007 1380 in
1044 1339 1208 1393 quibus·
1238 1339 1411 1394 pietatis
1452 1339 1596 1381 horta-

274 1401 417 1437 menta
454 1395 738 1450 reperiuntur·
759 1400 887 1449 atque
917 1395 1181 1438 detestabilis
1221 1395 1418 1449 impietas
1451 1410 1612 1442 eorum.

274 1457 459 1503 notatur,
491 1451 563 1505 qui
595 1451 780 1492 divinam
802 1457 996 1492 naturam
1027 1466 1076 1492 ac
1105 1450 1418 1505 providentiam
1446 1451 1595 1493 tollere

275 1513 482 1549 conentur
516 1513 605 1557 'aut
649 1507 754 1549 deos
822 1507 990 1549 recibus
1031 1522 1080 1549 ac
1109 1507 1353 1549 muneribus
1383 1508 1596 1562 corrumpi

277 1577 408 1619 posse
450 1563 732 1618 existiment..
787 1523 929 1615 &uam
966 1564 1010 1604 in
1050 1577 1149 1604 rem>
1173 1563 1289 1604 lectu
1328 1562 1458 1618 digna
1497 1571 1596 1605 sunt

275 1634 385 1673 quae
414 1618 683 1661 disseruntur
711 1619 830 1662 Libr.
859 1619 939 1661 IV.
978 1634 1019 1673 p.
1059 1621 1152 1662 713.
1192 1634 1287 1673 sqq.
1327 1619 1425 1661 coll.
1460 1619 1522 1660 II.
1554 1635 1595 1674 p.

275 1676 371 1716 653.
406 1673 456 1717 C.
487 1689 580 1729 sqq.
610 1677 704 1716 664.
736 1674 786 1716 C.
817 1700 871 1706 —
900 1677 996 1717 665.
1026 1675 1076 1716 Β.
1101 1674 1181 1716 111.
1213 1690 1253 1728 p.
1284 1677 1381 1717 691.
1413 1675 1470 1717 D.
1499 1690 1592 1729 sqq.

273 1730 353 1772 IV.
397 1746 439 1786 p.
485 1733 579 1774 718.
617 1731 668 1773 Β.
709 1730 838 1772 VIII.
885 1746 927 1785 p.
966 1732 1059 1772 835.
1099 1730 1156 1771 D.
1201 1730 1253 1771 E.
1293 1736 1335 1771 et
1373 1737 1465 1772 toto
1506 1732 1594 1772 sere

274 1786 398 1828 Libr.
428 1786 487 1830 X.
546 1786 721 1842 Quippe
750 1786 913 1828 nullum
941 1787 1135 1841 profecto
1174 1792 1242 1827 est
1272 1787 1429 1828 certius
1459 1787 1595 1829 muni-

274 1849 463 1884 mentum
492 1843 832 1897 reipublieaeac
861 1842 1011 1884 salutis
1042 1842 1278 1884 communis
1297 1874 1309 1895 ,
1343 1857 1470 1895 quam
1506 1857 1596 1883 ma·-

273 1898 392 1941 scula
419 1914 470 1940 ac
498 1913 699 1955 germana
725 1899 863 1954 pietas
887 1904 929 1939 et
957 1898 1123 1953 religio,
1156 1913 1283 1952 quam
1313 1899 1385 1952 qui
1414 1898 1595 1940 homini-

274 1955 355 1996 bus
386 1961 598 1997 conantur
627 1955 804 2009 eripere,
844 1954 1087 1996 substitutis
1123 1955 1165 1995 in
1207 1955 1299 1995 eius
1327 1954 1466 1996 locum
1493 1969 1592 2008 pro-

274 2011 378 2065 priis
409 2011 562 2053 mentis
592 2026 696 2053 suae
723 2011 970 2053 commentis
1010 2016 1086 2052 aut
1114 2025 1248 2052 vanae
1279 2024 1329 2052 su
1362 2010 1594 2052 erstitionis

273 2067 484 2120 ludibriis,
514 2067 545 2108 ii
573 2067 786 2123 piaculum
817 2067 898 2108 sibi
927 2066 1311 2120 contrahunt,⁴quo
1371 2066 1488 2107 nulla
1515 2081 1593 2108 un-

276 2137 403 2177 quam
433 2138 573 2178 poena
604 2124 710 2165 satis
740 2122 861 2179 gravi
890 2123 1003 2164 luere
1034 2137 1160 2177 posse
1189 2120 1427 2163 videantur.

386 2179 604 2221 Intellexit
633 2189 773 2220 autem
803 2178 941 2230 Plato,
972 2178 1152 2232 patriam
1181 2177 1430 2233 religionem
1459 2193 1593 2233 popu·

274 2233 425 2276 larium
455 2234 737 2278 miserandum
766 2236 810 2276 in
839 2234 1008 2276 modum
1041 2233 1315 2289 depravatam
1339 2248 1433 2276 esse
1463 2240 1593 2287 atque

275 2296 534 2345 corruptam.
592 2291 780 2348 Duplex?
797 2292 907 2332 enim
936 2290 1203 2346 potissimum
1234 2290 1307 2330 illa
1336 2296 1476 2331 aetate
1506 2305 1592 2330 ma-

273 2346 361 2386 lum
399 2347 644 2402 ingruerat,
684 2342 769 2402 quo
806 2347 874 2388 vel
911 2346 1089 2387 maxime
1132 2346 1316 2387 laborari
1351 2345 1590 2388 videbatur.

273 2401 385 2444 Nam
415 2417 545 2456 quum
574 2403 764 2459 vulgaris
796 2402 1042 2457 superstitio
1071 2401 1187 2457 *apud
1217 2416 1413 2457 magnam
1443 2401 1592 2456 populi

273 2457 590 2510 multitudinem
629 2460 822 2516 vigeret,
866 2471 974 2512 quae
1014 2457 1094 2498 diis
1124 2458 1369 2513 turpissima
1399 2470 1593 2511 quaeque

273 2513 508 2569 affingebat
536 2520 665 2568 atque
697 2530 775 2570 pro
816 2514 899 2570 piis
929 2514 1125 2566 ducebat,
1159 2529 1267 2568 quae
1296 2518 1445 2555 revera
1473 2520 1592 2554 erant

272 2568 496 2626 flagitiosa,
526 2576 616 2612 tum
645 2571 876 2614 extiterant
905 2570 1030 2611 etiam
1048 2570 1123 2624 qui
1157 2584 1324 2611 omnem
1343 2569 1591 2626 religionem

275 2631 318 2671 et
347 2626 548 2681 pietatem
580 2640 682 2682 erga
712 2626 815 2669 deos
846 2625 1037 2668 funditus
1061 2631 1247 2668 evertere
1281 2633 1409 2680 atque
1435 2639 1590 2668 numen
