1612 2872
261 110 554 154 LXXXVIII
673 109 919 152 PROLEG
925 110 1145 153 OMENA

262 229 400 264 veant.
469 222 551 264 His
590 235 690 262 vero
730 220 852 274 quasi
892 235 967 275 per
1007 223 1275 264 occasionem
1314 223 1576 278 interpositis

262 279 489 320 revertitur
518 276 753 330 disputatio
784 275 839 316 ad
867 278 1177 331 prooemiorum
1198 278 1463 333 quorundam
1490 278 1576 320 sin-

262 335 458 390 gulorum
503 332 840 387 explicationem.
924 331 1192 388 Praecipitur
1255 335 1365 376 enim
1424 334 1577 375 dehinc

292 404 437 431 rorsus
469 388 639 444 egregie
660 388 784 428 etiam
810 386 861 428 de
880 386 945 440 iis,
969 403 1078 442 quae
1101 395 1200 443 post
1221 390 1382 431 cultum
1404 389 1577 431 deorum

261 406 422 487 Remini
469 447 555 485 sint
590 444 714 499 longe
751 443 1016 499 gravissima.
1086 445 1145 486 Et
1186 446 1366 501 primum
1407 445 1577 498 quidem

264 501 404 556 agitur
434 499 486 540 de
515 499 677 554 pietate
707 514 809 555 erga
840 506 1050 553 parentes.
1111 500 1208 554 Quo
1235 501 1332 543 loco
1364 500 1576 543 illustrato

261 556 370 597 liber
398 562 574 609 quartus
606 555 765 597 finitur.
825 554 912 597 Sed
942 556 1133 611 pergitur
1162 556 1214 598 de
1245 557 1439 613 cognatis
1470 557 1576 599 locis

261 611 408 652 libro
448 611 658 666 quinto.
698 635 751 641 —-
808 611 948 652 Huius
992 612 1100 653 enim
1137 620 1263 668 parte
1287 613 1428 668 priore
1457 625 1578 667 prae-

262 667 374 710 clare
415 673 638 722 peroratur
676 666 729 708 de
767 681 883 720 cura,
926 682 1034 721 quae
1063 668 1203 710 animo
1233 675 1275 709 et
1306 669 1474 722 corpori
1505 667 1578 708 de-

261 722 433 776 beatur,
483 722 535 764 de
583 721 726 764 studio
762 722 971 764 honorum
1020 729 1149 778 atque
1198 724 1475 779 dignitatum,
1525 723 1578 764 de

262 778 494 834 cupiditate
532 783 575 819 et
612 792 753 820 amore
791 777 1055 831 divitiarum,
1096 780 1167 834 qui
1211 779 1415 833 imprimis
1454 779 1578 820 etiam

260 834 304 875 in
333 835 482 876 animis
512 849 740 888 puerorum
769 833 925 875 dicitur
953 835 1166 889 sapienter
1194 834 1485 890 reprimendus
1515 841 1579 876 at-

262 905 346 944 que
374 890 676 945 temperandus
708 903 825 941 esse,
866 889 918 931 de
949 891 1107 945 pietate
1140 898 1183 932 et
1211 891 1448 932 reverentia
1477 905 1579 945 erga

292 946 457 1000 entiles,
488 946 672 998 amicos,
711 944 904 998 sodales,
945 946 1151 1000 hospites,
1186 947 1424 1002 supplices,
1457 946 1577 999 alios,

260 962 446 1056 {cuique
486 1001 539 1042 de
578 1001 789 1053 veritatis,
837 1002 1047 1054 iustitiae,
1080 1004 1383 1058 temperantiae
1411 1002 1580 1043 univer-

263 1072 419 1112 saeque
466 1057 637 1098 virtutis
685 1056 888 1098 colendae
956 1057 1126 1111 officio,
1188 1057 1303 1112 quod
1351 1058 1580 1112 unicuique

261 1114 389 1169 longe
428 1113 724 1169 gravissimum
762 1118 972 1154 censetur.
1041 1113 1100 1154 Et
1140 1113 1245 1155 haec
1284 1113 1454 1166 quidem
1493 1113 1582 1154 dis-

261 1169 497 1225 putationis
535 1184 633 1224 pars
671 1168 966 1224 complectitur
1016 1169 1105 1210 fere
1142 1169 1342 1211 moralem
1393 1168 1580 1224 discipli-

262 1240 375 1279 nam,
408 1222 526 1279 quae‘
555 1226 598 1266 in
637 1239 748 1266 nova
778 1224 950 1265 civitate
980 1225 1020 1265 vi
1055 1240 1124 1266 ere
1154 1225 1321 1267 debeat.
1357 1224 1478 1277 ‘Qua
1508 1239 1580 1265 ex-

260 1282 419 1337 plicata
448 1280 548 1322 inde
578 1295 615 1322 a.
645 1296 686 1336 p.
717 1281 809 1321 736.
839 1240 1079 1334 edstStepffi.
1110 1281 1328 1323 acceditur
1358 1279 1413 1321 ad
1440 1280 1582 1336 legum

263 1337 531 1392 publicarum
571 1336 876 1392 scriptionem,
909 1336 970 1376 ita
998 1343 1164 1389 tamen,
1205 1343 1253 1378 ut
1282 1342 1410 1378 antea
1440 1335 1580 1378 denuo

263 1399 500 1449 exponatur
547 1392 598 1433 de
645 1392 851 1433 institutis
899 1391 1154 1445 quibusdam
1199 1407 1336 1434 novae
1383 1391 1580 1444 civitatis,

264 1463 373 1503 quae
413 1448 467 1490 ad
507 1449 662 1490 bonam
706 1454 748 1489 et
787 1446 1042 1489 laudabilem
1090 1448 1181 1489 eius
1235 1447 1582 1490 constitutionem

264 1505 502 1547 necessario
541 1505 824 1559 requirantur.
883 1503 1142 1558 Disputatur
1182 1503 1293 1545 enim
1337 1502 1389 1544 de
1426 1502 1582 1544 idoneo

264 1559 435 1602 delectu
463 1560 694 1602 incolarum
719 1567 762 1601 et
792 1559 1053 1612 colonorum,
1086 1559 1138 1601 de
1168 1575 1212 1601 re
1242 1559 1502 1614 pecuniaria,
1530 1558 1583 1600 de

264 1632 440 1658 numero
468 1616 645 1668 civium,
677 1615 729 1657 de
759 1630 958 1671 agrorum
987 1614 1212 1664 divisione,
1243 1615 1295 1657 de
1325 1615 1582 1668 aequalitate

220 1669 226 1676 ⁷
264 1673 472 1714 bonorum
510 1672 688 1726 eiusque
728 1677 934 1726 perpetua
972 1671 1320 1724 conservatione,
1369 1670 1421 1711 de
1465 1670 1582 1712 cultu

267 1728 550 1783 simplicitatis
590 1734 632 1768 et
669 1727 927 1782 frugalitatis
967 1725 1011 1767 in
1041 1727 1155 1767 omni
1183 1726 1271 1768 vita
1301 1726 1581 1779 observando,

266 1783 319 1824 de
358 1789 473 1825 recta
511 1783 718 1824 bonorum
757 1782 968 1823 variorum
1009 1782 1300 1823 aestimatione
1337 1780 1476 1835 deque
1515 1797 1582 1822 ra-

267 1839 402 1891 tione,
444 1854 551 1893 quae
581 1839 624 1879 in
653 1839 704 1879 iis
736 1837 981 1893 expetendis
1011 1838 1147 1878 teneri
1178 1837 1345 1888 debeat,
1377 1837 1430 1879 de
1460 1843 1582 1891 quat-

267 1903 364 1936 tuor
395 1895 550 1936 civium
581 1895 785 1936 classibus
816 1910 892 1948 pro
923 1908 1075 1935 census
1104 1893 1396 1949 magnitudine
1427 1892 1584 1934 consti-

267 1951 462 2004 tuendis,
505 1950 557 1992 de
596 1950 721 1991 modo
759 1964 808 1990 ac
847 1950 1026 1990 termino
1066 1964 1194 2003 opum
1234 1964 1283 1990 ac
1325 1949 1581 2001 divitiarum,

269 2022 376 2061 quas
414 2021 659 2062 comparare
702 2005 865 2047 civibus
892 2006 1042 2058 liceat;
1064 2005 1265 2060 'denique
1297 2005 1422 2046 etiam
1452 2019 1583 2058 expo-

268 2063 382 2103 nitur
411 2062 462 2103 de
492 2062 767 2115 necessitate,
808 2076 1052 2114 numerum,
1083 2075 1390 2112 mensurarum,
1421 2059 1583 2114 ponde-

267 2132 375 2171 rum,
406 2118 666 2173 aliarumque
694 2132 834 2158 rerum
875 2116 1059 2159 civilium
1089 2116 1271 2157 rationes
1303 2115 1357 2156 ad
1386 2129 1583 2157 numeros

268 2173 522 2226 revocandi,
564 2188 699 2227 eaque
751 2173 1065 2228 opportunitate
1114 2171 1378 2224 ostenditur,
1424 2177 1584 2225 quanta

269 2229 326 2271 sit
362 2229 651 2271 arithmeticae
689 2229 848 2270 utilitas
894 2227 948 2269 ad
987 2241 1130 2269 omnes
1170 2227 1404 2269 communis
1446 2227 1581 2268 socie-

268 2285 371 2326 tatis
426 2291 568 2339 partes
618 2284 938 2338 officiorumque
986 2283 1183 2325 rationes.
1260 2283 1319 2324 Et
1376 2282 1582 2324 hactenus

270 2339 442 2395 quidem
472 2340 580 2382 libro
611 2340 772 2394 quinto.
803 2364 857 2370 —
915 2339 1024 2380 Tum
1053 2353 1152 2381 vero
1184 2337 1283 2379 inde
1322 2338 1381 2380 ab
1416 2338 1582 2379 initio

269 2395 405 2438 libri
461 2396 605 2437 sexti
642 2411 778 2450 usque
817 2395 871 2437 ad
915 2411 955 2450 p.
997 2395 1089 2434 772.
1138 2395 1192 2435 A.
1245 2392 1480 2449 explicatur
1530 2392 1583 2434 de

270 2451 586 2507 magistratibus
646 2466 875 2505 eorumque
937 2449 1163 2492 creatione.
1250 2448 1583 2491 Constituuntur

270 2508 401 2565 igitur
444 2506 586 2563 legum
631 2506 859 2560 custodes,
908 2506 1039 2548 duces
1102 2505 1339 2558 exercitus,
1408 2511 1582 2547 senato-

271 2577 363 2616 res,
421 2561 667 2604 sacerdotes
726 2568 768 2603 et
818 2562 1070 2618 religionum
1128 2561 1404 2616 interpretes,
1454 2574 1582 2613 agro-

272 2634 387 2673 rum,
437 2623 748 2673 procuratores,
802 2617 964 2660 iudices
1001 2625 1043 2658 et
1089 2616 1263 2670 arbitri,
1322 2615 1481 2658 aediles
1541 2622 1584 2656 et

272 2675 354 2717 fori
417 2673 630 2725 custodes,
687 2673 747 2714 rei
804 2674 1024 2729 gymnicae
1082 2678 1125 2713 et
1176 2672 1359 2715 musicae
1414 2670 1581 2726 praefe-
