1612 2872
186 447 228 487 Ι)

265 68 344 108 306

744 64 1115 108 PLATONIS

364 184 461 225 ΑΘ.
537 183 677 223 Τοῦτο
707 183 785 234 μὲν
814 184 962 222 τοίνυν
989 179 1102 223 σῦτω
1137 183 1298 224 κείσθω
1335 183 1588 235 δεδογμένον

268 251 335 289 καὶ
372 247 614 300 λεηοίιενον,
651 243 709 295 ὡς
743 254 832 295 τοῖς
866 243 993 288 ταῦτ’
1030 245 1337 309 ἀμαθαίνουσι
1357 247 1444 288 τῶν
1465 247 1612 299 πολι-Α

270 315 355 355 τῶν
390 312 517 356 οὐδὲν
552 316 825 367 ἐπιτρεπτέον
867 311 1002 366 ἀρχῆς
1035 309 1240 365 ἐχόμενον
1275 329 1346 354 και
1382 309 1439 361 ὡς
1472 309 1588 363 ἀμα-

269 383 397 419 θεσιν
430 377 698 425 ὀνειδιστεον,
725 375 783 419 ἂν
817 380 887 419 καὶ
923 378 1040 419 πάνυ
1061 379 1292 431 λογιστικοί
1327 393 1369 420 τε
1404 371 1482 418 ὦσι
1515 381 1586 419 καὶ

268 442 416 486 πάντα
462 443 515 485 τά
562 456 715 500 κομψα
758 460 831 485 και
875 441 956 486 ὅσα
1001 442 1109 498 πρὸς
1158 443 1288 498 τάχος
1333 444 1408 495 τῆς
1444 444 1587 501 ψυχῆς

267 507 490 567 πεφυκότα
525 511 884 563 διαπεπονημένοι
914 507 1103 558 ἅπαντα,
1125 508 1225 558 τοὺς
1253 511 1296 551 δὲ
1328 508 1587 552 τούναντίον

267 578 447 630 ἔχοντας
492 574 657 617 τούτων
700 574 758 624 ὠς
801 591 969 632 σοφους
1015 592 1057 616 τε
1094 581 1380 629 προςρητέον,
1412 571 1468 616 ἂν
1502 578 1586 624 καί,

267 639 316 683 τὸ
352 640 602 695 λεγόμενον,
634 639 741 695 μήτε
774 641 1010 718 ροοέμματα
1043 640 1151 695 μήτε
1195 649 1283 683 νεῖν
1318 642 1585 688 ὲπιστῶνται,

266 709 337 749 καὶ
380 705 459 756 τὰς
499 706 638 762 άυχας
681 709 829 749 δοτέον
872 705 928 756 ὡς
961 710 1156 764 ἔμφροσι.
1193 724 1283 756 πως
1319 704 1401 761 ράρ
1437 706 1516 757 ἄν,
1552 700 1583 748 ὦ

266 775 406 831 φίλοι,
439 774 542 815 ἀνευ
572 774 819 830 ξυμφωνίας
860 771 1017 825 ;.ένοιτΙ
1058 772 1115 814 ἂν
1150 771 1394 829 φρονήσεως
1425 775 1497 815 και
1534 771 1582 815 τὸ

264 837 555 893 σμικρότατον
595 838 729 890 εἶδοςς
766 838 844 881 οὐκ
885 842 1019 888 ἔστιν,
1062 837 1156 879 ἀλλ’
1199 837 1224 889 ἡ
1270 840 1470 889 καλλίστη
1513 842 1585 881 καὶ

263 909 439 960 μεγίστη
479 907 563 946 τῶν
596 905 851 962 ξυμφωνιῶν
887 905 1061 958 μεγίστη
1081 902 1319 946 δικαιότατ’
1345 901 1402 945 ἂν
1420 906 1585 957 λέγοιτο

355 1041 473 1075 ταῦτ’
505 1043 818 1085 ἀμαθαίνουσι]
856 1043 957 1074 ταῦτα
985 1041 1201 1081 μανθάνουσι
1234 1045 1277 1075 A.
1314 1041 1351 1074 Ω.
1388 1043 1424 1077 Ξ.
1452 1054 1483 1074 v.
1509 1043 1532 1075 f.
1557 1053 1582 1075 r.

265 1099 294 1120 a..
321 1099 349 1120 c.
375 1088 403 1120 δ.
431 1100 462 1120 ο.
488 1100 541 1130 x.,
567 1091 625 1131 qui
651 1095 763 1122 tamen
788 1090 911 1130 partim
938 1098 1053 1120 veram
1078 1089 1260 1120 lectionem
1282 1090 1318 1120 in
1342 1098 1449 1130 marg.
1476 1099 1583 1120 anno-

265 1139 369 1167 tatam
395 1135 531 1167 habent.
559 1135 686 1167 Euseb.
714 1135 815 1167 ταῦτα
839 1131 1080 1174 ἀμαθαίνουσι.

353 1180 397 1211 D.
424 1193 443 1212 ν
452 1184 513 1212 εῖν
537 1178 553 1210 ἐ
562 1191 584 1211 π
595 1193 604 1212 ι
618 1190 638 1212 u
648 1180 723 1212 miv
736 1192 750 1212 ι
760 1181 819 1221 αι]
834 1181 947 1221 Vulgo
955 1178 1160 1217 ἐπίστωνται,
1168 1179 1260 1220 quod
1268 1179 1377 1210 tenuit
1384 1177 1582 1210 Schneider.

264 1301 357 1342 quod
380 1303 604 1342 retinuimus,
630 1303 799 1345 siquidem
825 1312 893 1332 που

264 1347 446 1379 manifesto
483 1349 652 1389 originem
701 1349 802 1380 duxit
851 1357 893 1378 ex

262 1393 354 1424 mala
369 1394 479 1424 critici
503 1394 648 1426 alicuius
667 1393 895 1426 correctione.

313 1459 448 1492 Τοῦτο
485 1459 559 1500 μὲν
598 1461 743 1493 τοίνυν
786 1456 894 1491 οὕτω

265 1505 425 1537 κείσθω
439 1506 504 1548 ·—]
527 1507 665 1540 Laudat
687 1507 773 1538 haec
788 1506 817 1536 T
829 1505 896 1537 he-

263 1552 426 1583 odoret.
452 1550 533 1583 Cur.
558 1553 630 1584 Aff.
656 1550 715 1582 Gr.
738 1562 771 1592 p.
788 1551 820 1591 9,
834 1550 889 1584 24.

262 1596 316 1627 ed.
342 1595 436 1637 Sylb.
460 1607 504 1628 z
517 1596 572 1630 23.
586 1599 640 1630 ed.
657 1595 765 1628 Gaisf.
781 1605 889 1636 usque

263 1641 308 1672 ad
323 1645 393 1672 τοῖς
418 1641 592 1682 ἔμφροσιν.
634 1642 748 1674 Habet
771 1641 890 1672 eadem

262 1687 365 1718 etiam
388 1686 558 1718 Euseb.v
577 1688 600 1719 1.
635 1697 660 1718 c.
690 1686 772 1717 XII.
796 1685 829 1719 8.
856 1691 889 1717 et

265 1730 477 1763 Stobaeus
511 1732 533 1763 l.
559 1742 587 1763 c.
636 1732 704 1763 Pro
731 1731 888 1762 κείσθω

263 1775 360 1808 Stob.
399 1777 596 1831 κεχωρίσθαι
634 1777 730 1818 legit.
792 1777 889 1808 Idem

262 1827 341 1854 ante
359 1819 454 1853 ταῦτ’
478 1818 708 1861 ἀμαθαίνουσι
725 1823 889 1853 insertam

262 1868 364 1898 habet
392 1868 681 1909 praepositionem
716 1865 773 1898 εἰς.
826 1866 888 1898 Ni-

261 1914 384 1944 mirum
400 1913 492 1945 infra
510 1923 662 1955 quoque:
689 1907 889 1951 α’μαθαίνων

261 1957 310 1989 είς
344 1959 446 1990 ταῦτα
473 1956 630 1990 ἑκάστοτε
653 1958 745 2001 apud
774 1958 887 1998 ipsum

265 2003 442 2035 Platonem
476 2004 632 2045 legimus.
696 2003 798 2034 Unde
833 2013 887 2035 sa-

259 2049 393 2089 pientes
417 2050 548 2081 scilioet
571 2050 680 2082 critici
706 2049 807 2080 etiam
831 2048 887 2080 hio

260 2093 308 2125 ειέ
331 2095 626 2138 interposuerunt,
638 2104 708 2126 non
732 2094 885 2125 animad-

259 2143 431 2172 vertentes
479 2140 547 2181 illi,
593 2140 687 2182 quod
732 2139 885 2170 animad-

258 2189 390 2216 vertere
437 2195 519 2217 sane
562 2186 629 2227 fuit
673 2184 884 2223 facillimum,

258 2227 354 2260 ταῦτ’
385 2231 451 2262 hoc
480 2231 558 2262 loeo
589 2241 653 2272 pro
685 2230 882 2262 accusativo

256 2275 415 2307 absoluto
442 2277 550 2317 accipi
573 2280 741 2318 oportere.
788 2270 882 2314 Ἀμα·

257 2318 390 2351 θαίνειν
417 2322 573 2353 absolute
604 2322 755 2363 positum
786 2330 882 2361 repe-

255 2366 343 2397 ritur
365 2366 466 2398 etiam
490 2367 596 2408 Legg.
621 2367 685 2398 IX.
706 2366 736 2400 7.
753 2376 785 2407 p.
802 2364 879 2399 863.

255 2410 295 2442 C.
320 2414 422 2452 atque
450 2411 636 2444 illustravit
664 2412 753 2444 hunc
772 2421 881 2450 ¹usum

253 2456 350 2487 verbi
376 2456 550 2496 Astius,
581 2459 641 2498 qui
670 2458 713 2490 de
743 2456 798 2488 his
822 2465 880 2488 ve-

252 2501 386 2533 rissime
410 2501 585 2533 iudicavit.

297 2565 428 2612 ἆρχῆἐ
480 2566 704 2611 ἐχόμενον]
767 2567 880 2609 quod

250 2625 342 2662 ‘.⁵¹¹.¹¹¹
384 2623 553 2648 munere
587 2614 880 2657 magistratus

959 1301 1232 1333 coniunctum
1270 1302 1339 1332 sit.
1394 1299 1484 1330 Dein
1519 1309 1582 1340 pro

959 1343 1006 1378 ὥς
1031 1342 1196 1385 ἀμαθέσιν
1210 1345 1511 1378 Theodoretus
1537 1340 1583 1376 ate

959 1388 1154 1434 ἀγνοοῦσιν.
1193 1391 1291 1423 Idem
1315 1390 1369 1422 καὶ
1391 1395 1470 1422 ante
1494 1387 1583 1422 πάνυ

960 1442 994 1468 et
1034 1447 1067 1468 τε
1107 1441 1187 1478 post
1224 1437 1408 1478 λογιστικοί
1444 1437 1581 1467 omittit.

959 1482 1033 1514 Nec
1058 1483 1160 1514 habet
1185 1480 1221 1513 τὰ
1246 1487 1325 1514 ante
1341 1479 1462 1520 κομψά.
1495 1480 1583 1513 Sunt

958 1534 1074 1559 autem
1100 1525 1137 1559 τὰ
1162 1524 1273 1565 κομψά
1283 1551 1290 1562 ,
1314 1536 1402 1568 quae
1431 1536 1494 1567 pro
1520 1536 1581 1558 ve·

956 1582 978 1603 n
991 1583 1036 1604 us
1051 1573 1107 1604 tis
1132 1576 1172 1604 et
1196 1573 1320 1603 scitis
1347 1572 1533 1610 habentur,
1556 1572 1578 1601 i.

957 1627 987 1648 e.
1026 1628 1045 1649 v
1057 1621 1219 1656 ersnta,
1265 1616 1433 1648 callida
1478 1620 1580 1657 atque

955 1663 1064 1694 adeo
1078 1662 1379 1699 fraudulenta;
1393 1660 1580 1702 πανοῦργα,

955 1712 993 1738 ut
1038 1708 1283 1748 interpretatur
1319 1706 1350 1737 H
1365 1716 1382 1737 e
1393 1716 1407 1736 s
1416 1716 1437 1747 y
1447 1706 1578 1737 chius.

955 1753 1125 1784 Vocabuli
1177 1762 1275 1783 usum
1332 1751 1581 1782 demonstravit

955 1798 1094 1838 egregie
1128 1797 1227 1828 Ruh
1243 1807 1263 1827 n
1278 1796 1301 1827 k
1316 1806 1333 1828 e
1347 1806 1380 1827 ιι.
1415 1797 1458 1828 ad
1488 1795 1578 1827 Tim.

956 1841 1071 1875 Gloss.
1089 1853 1121 1884 p.
1139 1842 1202 1876 161
1220 1852 1295 1882 sqq.
1310 1861 1349 1865 -
1369 1851 1450 1872 οσα
1473 1838 1581 1881 πρὸς

922 1886 1077 1928 .τάχοε
1101 1888 1172 1929 τῆς
1198 1887 1331 1928 ψυχης
1347 1896 1578 1926 πεφυκυῖα

956 1944 1058 1986 qnae
1082 1934 1132 1965 ad
1161 1933 1429 1965 celeritatem
1462 1933 1577 1972 inge-

953 1980 1014 2010 nii
1039 1978 1316 2011 efficiendam
1334 1981 1577 2018 compara-ta

954 2029 1064 2056 sunt.
1103 2024 1170 2055 Pro
1191 2021 1288 2063 τάχος
1312 2022 1573 2053 Theodoret.

952 2070 1055 2101 habet
1086 2066 1208 2109 αὔξην,
1241 2068 1333 2109 quod
1364 2067 1500 2099 videtur
1533 2077 1575 2099 ex

950 2115 1232 2156 interpretatione
1263 2122 1338 2144 voc.
1375 2109 1473 2152 τάχος
1510 2111 1573 2143 flu-

950 2161 1054 2192 xisse.
1092 2159 1248 2192 Ficinus:
1272 2167 1415 2198 „quae
1439 2159 1490 2189 ad
1514 2167 1574 2188 or-

949 2209 1190 2237 namentum
1228 2209 1271 2234 et
1306 2203 1573 2243 aeumenvin-

949 2251 1069 2290 genii
1107 2246 1348 2291 spectant.⁴‘
1407 2248 1463 2279 Ex
1505 2258 1574 2289 qna

948 2296 1231 2336 interpretatione
1241 2294 1420 2338 ingeniose
1428 2294 1574 2325 coniecit

947 2341 1123 2380 Aetius,
1153 2341 1276 2372 lectum
1310 2339 1458 2373 fortasse
1489 2339 1572 2370 olim

946 2395 1039 2418 esse:
1063 2384 1150 2427 πρὸς
1178 2382 1287 2426 αὔξην
1321 2395 1354 2416 τε
1383 2384 1436 2415 καὶ
1461 2381 1568 2424 τάχος.

989 2430 1036 2463 D.
1082 2427 1342 2462 τούναντίον
1394 2430 1571 2470 ἔχοντας

946 2474 1111 2508 τούτων
1136 2476 1447 2508 aTheodoretua
1467 2475 1571 2507 habet

946 2518 1098 2562 τούτους.
1126 2520 1207 2553 Non
1232 2521 1332 2553 male.
1359 2530 1392 2551 v.
1417 2520 1462 2552 ad
1478 2519 1568 2551 The-

944 2570 1043 2599 aetet.
1074 2577 1106 2608 p.
1142 2566 1218 2601 171.
1259 2567 1303 2599 D.
1346 2565 1423 2598 coll.
1461 2563 1568 2595 Mat-

943 2613 1058 2646 thiae
1083 2611 1142 2645 Gr.
1160 2611 1188 2654 §.
1203 2611 1279 2647 472.
1297 2611 1328 2646 2.
1373 2608 1442 2642 Sed
1466 2609 1567 2641 codd.
