1612 2872
478 65 558 109 DE
593 62 868 109 LEGIBUS
905 69 985 104 etc.
1286 58 1405 103 CLI.

49 188 93 224 et
132 180 450 238 providentiam
489 178 680 221 divinam
722 179 873 222 tollere
923 183 1201 222 conarentur.
1280 174 1405 228 Quae

51 239 225 294 quidem
271 252 434 294 genera
483 235 706 279 hominum
755 235 1034 278 acerbissime
1083 233 1128 275 in
1174 232 1285 274 libro
1330 230 1405 273 ‹le-

49 297 162 341 oimo
218 295 495 351 exagitantur
543 300 676 349 atque
725 293 1117 350 perstringuntur,
1160 297 1210 332 ut
1257 289 1317 331 X.
1375 304 1403 344 p

48 355 132 398 884
162 377 215 383 -—
246 354 342 394 887.
387 351 438 394 C.
480 351 556 393 ubi
596 368 637 393 v,
677 357 824 393 annot.
864 357 1001 392 nostr.
1071 347 1186 392 Ibid.
1228 363 1268 403 p.
1308 347 1402 391 888.

48 413 91 453 A
122 435 176 441 ——
210 409 281 452 D-
335 408 450 452 Ibid.
498 409 594 450 890.
635 411 690 450 A.
730 432 786 438 ——
828 409 925 451 891.
960 407 1020 449 E.
1063 404 1162 448 coll.
1202 403 1314 447 XII.
1359 420 1402 460 p.

48 469 144 511 967.
187 467 242 509 Β.
281 465 333 510 C.
407 466 531 508 Haec
568 465 702 522 igitur
731 465 844 507 mala
884 464 1013 506 Plato
1046 479 1180 518 quum
1209 460 1403 504 animad-

47 524 275 579 vertisset,
306 524 559 577 neutiquam
587 523 773 578 patriam
813 521 1096 578 religionem,
1139 520 1281 576 qualis
1313 525 1403 561 tum

47 582 247 639 vigebat,
277 581 323 622 in
363 581 582 623 civitatem
622 594 746 621 suam
777 577 1144 621 introducendam
1175 576 1403 630 iudicavit,

47 639 126 683 sed
155 638 303 695 potius
333 653 451 691 eam,
483 652 618 692 quae,
659 636 762 678 licet
804 635 1127 691 quodammodo
1159 635 1275 677 illius
1305 635 1403 676 fun-

46 695 260 740 damentis
303 695 542 747 niteretur,
593 700 740 745 tamen
778 703 822 735 et
868 693 1182 749 superstitione
1223 691 1286 734 illi
1326 690 1426 732 adss

46 754 329 796 haerescente
371 757 414 794 et
455 751 678 808 impietate
707 751 840 808 longe
872 750 1048 806 lateque
1078 749 1238 792 diffusa
1266 748 1404 790 libera

47 817 92 854 et
129 809 185 853 ad
224 808 528 866 philosophiae
578 809 769 853 rationes
810 809 993 864 propius
1032 807 1226 850 adducta
1271 813 1400 848 esset.

45 868 263 912 Nimirum
293 867 356 909 ita
385 865 673 923 philosophus
705 865 832 908 simul
862 865 1036 908 videtur
1065 863 1295 908 ostendere
1325 878 1402 906 vo-

45 926 179 968 luisse
228 930 361 979 atque
401 923 586 978 docere,
637 938 724 978 qua
763 922 932 965 ratione
972 922 1197 980 popularis
1247 920 1402 977 religio

45 981 266 1026 emendari
294 988 338 1024 et
368 982 414 1024 in
444 981 598 1023 melius
629 980 790 1022 mutari
821 987 997 1037 posset,
1029 981 1091 1022 ita
1121 979 1322 1035 quidem,
1354 983 1405 1019 ut

46 1055 127 1084 nee
155 1038 319 1096 populo
351 1038 616 1095 eriperetur,
657 1036 776 1093 quod
807 1038 891 1094 ipsi
921 1038 1104 1082 deberet
1134 1052 1274 1092 usque
1305 1049 1403 1078 esse

45 1097 380 1140 sanctissimum.
448 1096 686 1138 Praeterea
725 1110 828 1137 vero
868 1096 1000 1138 etiam
1042 1095 1139 1151 pios
1172 1102 1303 1149 atque
1335 1108 1402 1134 re-

44 1155 226 1212 ligiosos
266 1166 420 1196 sensus
460 1152 573 1195 inter
615 1152 826 1208 populum
867 1159 1082 1209 perpetuo
1122 1152 1302 1194 alendos
1351 1165 1402 1192 ae

46 1210 261 1254 fovendos
289 1208 483 1264 censuit,
527 1210 656 1252 sicuti
697 1224 830 1264 quum
869 1225 923 1252 ex
962 1210 1107 1267 legum
1146 1208 1422 1266 prooemiis,-

46 1276 139 1311 tum
168 1283 222 1311 ex
251 1282 497 1321 sacrorum,
528 1282 640 1321 quae
671 1267 926 1321 constituit,
957 1267 1244 1324 religionibus
1274 1265 1401 1307 intel-

46 1326 208 1383 ligitur.
266 1324 431 1367 Verum
450 1323 569 1367 istud
596 1323 775 1380 quidem
803 1325 1023 1384 quomodo
1045 1324 1254 1376 effecerit,
1284 1338 1400 1364 nunc

14 1435 18 1439 ι
46 1384 277 1433 mittimus;
309 1387 465 1438 sponte
496 1381 610 1423 enim
639 1382 911 1438 intelligetur
941 1383 994 1425 ab
1026 1382 1105 1435 iis,
1140 1382 1213 1438 qui
1242 1380 1400 1423 librum

0 1449 6 1454 '
45 1440 130 1486 IX.
170 1439 229 1482 X.
272 1444 316 1480 et
343 1438 454 1480 XII.
493 1445 658 1481 attente
699 1439 899 1496 legerint.
968 1440 1225 1483 Doctrinain
1256 1445 1400 1481 autem

47 1497 100 1540 de
144 1496 229 1539 diis
272 1511 511 1550 eorumque
551 1496 672 1538 cultu
703 1505 747 1538 et
776 1497 1081 1552 veneratione,
1126 1513 1254 1552 quam
1286 1496 1398 1537 libro

10 1577 12 1579 ·
45 1554 215 1598 decimo
255 1552 404 1595 dedita
442 1568 577 1609 opera
606 1554 870 1609 explicavit,
910 1555 1063 1610 paucis
1095 1553 1400 1597 considerasse

47 1628 135 1655 non
175 1611 258 1653 erit
299 1625 696 1666 supervacaneum,
728 1612 980 1668 praesertim
1013 1628 1148 1667 quum
1180 1626 1230 1653 ea
1263 1626 1398 1666 quae-

47 1669 146 1712 dam
181 1668 366 1722 habeat,
406 1683 517 1723 quae
557 1668 761 1723 quoniam
801 1684 899 1711 eum
938 1668 1133 1712 Platonis
1183 1668 1400 1712 sententia

46 1726 150 1769 alibi
177 1725 396 1782 patefacta
425 1725 621 1768 nonnihil
649 1726 923 1783 discrepant,
956 1727 1083 1769 facile
1113 1726 1245 1770 alicui
1274 1741 1395 1768 scru-

46 1783 196 1840 pulum
225 1782 435 1825 iniiciant.

165 1839 279 1882 Sunt
315 1853 419 1880 vero
460 1840 636 1881 omuino
675 1846 764 1882 tres
803 1839 912 1894 loci,
956 1856 1066 1896 quos
1108 1839 1396 1898 philosophus

50 1896 125 1938 illo
163 1896 272 1938 libro
312 1895 491 1950 copiose
533 1895 808 1951 graviterque
849 1899 1137 1953 persequitur.
1205 1897 1397 1938 Primum

50 1953 163 1995 enim
202 1951 302 1995 inde
347 1966 440 2007 ap.
473 1952 568 1993 891.
602 1952 654 1994 C.
686 1968 823 2007 usque
865 1953 919 1996 ad
951 1972 991 2011 p.
1026 1957 1121 1997 895).
1156 1955 1211 1995 D.
1242 1953 1397 1996 adver-

48 2025 124 2053 sus
153 2025 253 2064 eos,
295 2009 370 2064 qui
401 2009 486 2050 vim
516 2015 801 2065 naturamque
832 2010 1020 2056 divinam
1053 2012 1181 2067 plane
1222 2011 1396 2063 tollant,

30 2068 111 2109 .ita
156 2066 373 2124 disputat,
411 2072 460 2107 ut
499 2066 627 2109 simul
666 2066 822 2108 doceat
862 2083 956 2110 esse
999 2070 1195 2125 profecto
1237 2083 1396 2112 numen

51 2123 257 2166 divinum.
315 2121 489 2166 Deinde
520 2125 720 2166 confutat
749 2140 847 2179 eos,
881 2126 971 2180 qui»,
1003 2141 1137 2181 quum
1167 2125 1272 2169 deos
1305 2132 1393 2168 sta-

52 2187 193 2238 tuant,
222 2187 366 2224 tamen
397 2195 472 2222 eos
502 2196 572 2223 res
590 2181 801 2223 humanas
834 2198 984 2225 curare
1016 2183 1188 2226 omnino
1218 2189 1393 2236 nee-ent,

51 2254 94 2294 p.
136 2239 231 2303 599.
277 2237 328 2280 E.
367 2252 506 2302 usque
547 2237 603 2280 ad
632 2255 675 2295 p.
706 2240 801 2282 905.
833 2239 881 2282 C.
942 2240 1144 2296 Denique
1175 2238 1273 2283 illos
1303 2246 1394 2283 tur·

53 2296 254 2351 pisfflmae
294 2301 439 2351 arguit
478 2296 825 2352 superstitionis,
865 2297 941 2352 qui
980 2297 1083 2341 deos
1114 2311 1263 2356 gerere
1298 2299 1393 2353 qui-

52 2352 150 2395 dem
180 2365 324 2394 rerum
350 2352 632 2395 humanarum
672 2369 818 2395 curam
848 2355 930 2397 sibi
958 2357 1275 2410 persuaserint,
1305 2355 1394 2399 ‘sed

52 2409 226 2468 eosdem
255 2408 380 2453 donis
409 2424 460 2451 ac
490 2411 740 2454 muneribus
770 2413 989 2467 corrumpi
1018 2428 1069 2455 ac
1097 2414 1265 2457 miseris
1296 2430 1394 2469 pre-

53 2467 178 2510 cibus
217 2465 335 2509 flecti
372 2472 415 2510 et
447 2469 613 2510 moveri
652 2483 780 2524 posse
821 2467 1107 2524 arbitrentur,
1148 2471 1202 2514 de
1234 2488 1319 2528 qua
1348 2487 1393 2513 re

55 2524 197 2589 agitur
223 2539 267 2580 p.
299 2525 395 2574 905.
437 2525 486 2569 C.
522 2542 662 2581 usque
701 2525 756 2568 ad
801 2542 840 2582 p.
880 2528 975 2569 907.
1006 2527 1056 2573 B.
1128 2529 1195 2571 Ex
1233 2529 1393 2584 quibus

53 2582 253 2624 omnibus
291 2596 410 2636 quae·
441 2584 569 2626 tertio
609 2584 708 2626 loco
748 2583 970 2640 disputata
1007 2590 1110 2634 sunt
1150 2602 1202 2629 ea
1231 2586 1391 2628 nullam

47 2637 181 2692 pla-ne
222 2638 377 2681 habent
417 2641 744 2684 dubitationem.
802 2640 1092 2685 Consentiunt
1125 2645 1236 2688 enim
1270 2659 1391 2699 ogre·
