1612 2872
204 98 287 140 DE
320 96 597 140 LEGIBUS
630 96 749 140 LIB.
786 95 864 139 IV.
896 95 943 137 P.

979 97 1072 139 709.
1106 94 1170 138 St.
1325 96 1407 135 399

145 218 244 259 ΛΘ.
285 214 363 265 ζΩς
413 214 527 265 θεὸς
568 217 649 270 μὲν
683 214 833 256 πάντα
882 217 954 256 καὶ
988 212 1099 269 μετὰ
1137 214 1254 256 θεοῦ
1299 210 1407 267 τύχη

46 286 119 326 καὶ
155 282 310 339 καιρὸς
347 280 647 338 τάνθρώπινα
682 283 1002 337 διακυβερνῶσι
1033 281 1284 336 ξύμπαντα.
1306 278 1410 334 ἡμε-

46 349 243 406 οαίτερον
278 347 370 405 μὴν
405 354 558 405 τρίτον
593 349 865 404 ξιυχωρῆσαι
902 347 1076 399 τούτοις
1109 350 1197 392 δεῖν
1216 349 1406 390 ἕπεσθαι

47 422 222 474 τέχνην·
259 418 397 472 καιρῷ
443 414 529 471 γὰρ
562 414 776 472 χειμῶιος
810 416 1112 472 §vaaafi'e'm‘l-cn
1153 416 1405 471 κυβερνητι·

43 501 125 537 κην
162 482 187 537 ἣ
226 483 299 538 κη’,
337 487 446 537 μὲμκ
483 483 755 538 πλεονέκτημ’
798 481 914 538 ἔγωγ’
954 481 1014 526 ἂν
1050 486 1198 535 θείην.
1234 479 1262 534 ἢ
1294 497 1408 532 πως·

148 553 252 595 ΚΛ.
296 549 458 601 01}er-

43 683 188 727 sopl·i‚
217 683 289 725 qui
323 688 423 715 ante
456 682 688 715 Socratem

45 734 85 763 et
110 730 350 762 Platonem
384 728 588 768 fuerunt,
631 727 690 759 di—

44 777 170 808 vinae
198 780 378 808 naturae
395 776 436 806 et
463 773 688 816 providen-

43 823 135 854 tiae
155 821 345 854 Deorum
374 822 598 853 notionem
625 819 691 851 ad-

45 867 265 900 lnibuerint
291 872 354 899 ctr.
395 866 589 909 Lugdun.
613 865 691 897 Ba·

43 920 83 946 ta
95 925 124 946 v.
153 913 253 948 1824.
271 912 305 947 4.
335 914 499 945 Ceterum
520 911 693 953 haecipsa

45 960 203 992 Platonis
243 960 360 991 verba:
416 958 459 994 ὥς
504 958 592 992 θεὸς
632 958 692 997 μὲν

43 1004 157 1038 πάντα
182 1006 255 1038 κτλ.
291 1005 333 1037 ad
371 1015 443 1036 rem
470 1015 568 1037 suam
595 1002 691 1035 adhi-

46 1052 192 1084 buerunt
225 1051 322 1083 multi
354 1051 563 1092 posterioris
595 1053 692 1082 aeta-

45 1098 89 1130 tis
120 1099 328 1139 scriptores,
369 1101 491 1137 utpote
530 1097 561 1128 in
599 1095 692 1128 eius-

45 1143 137 1177 modi
162 1144 265 1176 dictis
291 1142 494 1184 colligendis
511 1146 618 1184 atque,
634 1151 692 1173 ce.-

45 1190 220 1222 lebrandis
246 1189 370 1221 sedulo
396 1189 570 1230 occupati.
595 1187 690 1221 Nou-

44 1237 160 1268 nullos
186 1245 308 1268 eorum
332 1235 693 1267 nominavitAstius

45 1293 77 1322 p.
106 1281 186 1316 207.
210 1283 299 1314 alios
313 1281 369 1313 alii
384 1281 590 1318 indicarunt,
606 1280 693 1312 alios

43 1327 134 1360 sacili
168 1327 310 1370 negotio
341 1327 407 1368 ipsi
440 1326 633 1369 reperient,
666 1327 695 1358 si

44 1374 119 1416 quis
178 1383 385 1416 percurrere
433 1373 695 1406 Platonicorum

42 1421 173 1461 scripta
197 1420 292 1455 velit,

91 1463 368 1507 ημὲρωῖἔυθν
415 1474 497 1515 μην
544 1473 695 1504 ’1ρί1οΥ

46 1510 158 1552 §nyx-
175 1511 190 1554 ]
225 1510 353 1552 lunge·
381 1507 600 1551 ημερωτευον
623 1506 695 1548 μὴι·

45 1556 154 1599 (ἐστὶ)
190 1537 416 1610 Snuyquffom
444 1552 512 1585 δεῖν
545 1552 696 1584 ἕπεσθαι

45 1601 189 1639 τούτοις
218 1604 336 1656 Τρίτον
367 1598 434 1642 (ως
460 1599 603 1640 τρίπον)
641 1602 693 1630 τέ-

42 1659 148 1689 χνηνς
173 1648 343 1681 mitius
346 1652 494 1678 tamen
515 1649 694 1677 estcon—

45 1693 229 1732 cedere,
270 1692 335 1725 his
372 1697 571 1733 tanquam
608 1696 694 1723 ter-

45 1740 151 1773 tium
177 1738 382 1780 quiddam
409 1743 544 1770 artem
570 1747 693 1770 acee-

46 1784 149 1818 dere
181 1789 414 1826 oportere;
457 1782 488 1815 h.
520 1793 550 1816 e.
582 1783 696 1815 minus

45 1830 156 1871 rigide
195 1840 235 1862 ae
273 1839 396 1862 severe
438 1829 623 1868 statueris,
668 1829 696 1860 si

46 1877 148 1908 etiam
186 1874 325 1908 hnmani
356 1874 481 1917 ingenii
514 1874 698 1906 sollertiae

45 1920 178 1963 aliquid
206 1921 381 1954 tribueris.
409 1920 544 1952 Etenim
573 1919 695 1952 durum

48 1968 211 2009 profecto
260 1971 356 2000 esset
406 1966 620 1998 contendere
662 1969 698 1997 et

46 2013 240 2054 affirmare,
280 2023 336 2045 res
373 2013 538 2045 humanas
575 2021 697 2044 omnes

47 2069 89 2091 ex
129 2059 249 2091 divino
293 2058 432 2090 numine
478 2061 583 2098 atque
624 2056 696 2089 fato

45 2108 178 2137 tantum
215 2104 390 2146 pendere,
429 2113 542 2145 neque
583 2102 694 2136 homi-

47 2159 126 2183 num
160 2151 192 2182 in
225 2151 267 2182 iis
300 2149 462 2182 curandis
498 2150 584 2181 ullas
617 2159 696 2181 esse.

47 2200 176 2237 partes.
223 2197 273 2228 De
298 2205 336 2229 re
365 2196 441 2238 ipsa
459 2206 500 2236 y.
530 2195 623 2228 Libr.
650 2194 694 2227 X.

48 2253 80 2283 p.
106 2241 187 2277 888.
213 2242 257 2274 Ε.

93 2288 134 2320 C.
151 2288 281 2331 καιρῷ
304 2286 379 2329 γὰρ
396 2285 696 2330 χειμῶνος-]

49 2332 230 2366 Sententia
269 2333 335 2365 loci
369 2332 455 2366 haec
493 2337 567 2365 est:
601 2341 695 2363 nam

49 2380 227 2412 multum
283 2378 461 2411 referre
518 2381 695 2420 putave-

48 2425 148 2464 rim,
174 2424 245 2456 ubi
271 2429 422 2456 coorta
448 2427 696 2464 tempestas

50 2474 133 2507 est
162 2474 303 2502 utrum
329 2480 399 2503 ars
424 2469 694 2511 gubernato·

49 2516 111 2547 ria
138 2515 340 2548 adiutrix
374 2515 513 2554 adsit,
546 2524 694 2549 necne.

50 2561 90 2592 In
130 2560 180 2593 luis
212 2565 320 2606 καιρῶ
353 2564 523 2604 χειμῶνος
564 2561 694 2593 dietum

49 2617 129 2639 esse
153 2595 366 2640 arbitrantur
396 2616 458 2648 pro
480 2604 597 2648 χρόνῳ
621 2617 695 2646 χει·

48 2655 169 2691 amoc.
221 2653 324 2686 Quod
362 2652 408 2684 ab
438 2662 505 2685 usn
530 2651 693 2693 loquendi

50 2707 189 2739 prorsus
227 2698 402 2731 abhorret.
453 2697 537 2730 Nam
571 2697 693 2737 καιρός

760 691 824 723 pro
854 677 984 724 χρόνος
1021 690 1090 713 non
1129 680 1196 713 dici
1229 679 1411 712 consuevit

760 727 822 759 nisi
860 737 878 758 a
923 726 1156 767 scriptoribus
1198 725 1411 759 Graecitatis

760 773 944 805 citerioris.
995 772 1122 814 Itaque
1154 773 1276 814 aliquis
1311 776 1411 814 puta-

761 819 847 851 verit
871 821 975 862 καιρῷ
1011 828 1074 860 pro
1109 819 1145 849 ev
1178 820 1288 861 καιρῷ
1321 817 1411 850 aeci-

762 864 921 908 piendum
938 875 1016 896 esse
1032 869 1136 906 atque
1146 868 1315 905 χειμῶνος
1333 873 1412 896 esse

762 911 955 951 genitivum
982 909 1166 951 t‘emporis.
1193 910 1262 942 Sed
1284 920 1329 942 ne
1347 908 1412 942 hoc

761 957 900 998 quidem
936 966 998 998 per
1030 966 1131 989 usum
1167 955 1327 997 loquendi
1359 957 1410 988 vi-

763 1004 864 1034 detur
879 1003 982 1034 statui
993 1013 1109 1043 posse.
1126 1001 1211 1035 Nam
1224 1001 1329 1036 etsiT
1340 1001 1358 1034 h
1370 1012 1411 1034 u-

763 1048 856 1090 cyd.
885 1048 948 1080 lv.
983 1049 1041 1083 59.
1074 1050 1106 1081 in
1138 1049 1282 1091 optimis
1311 1049 1412 1080 libris

764 1095 908 1136 legitur:
948 1092 1040 1126 αὐτὰ
1086 1095 1119 1126 δὲ
1158 1098 1275 1127 ταῦτα
1305 1095 1335 1126 εἰ
1366 1093 1408 1135 μὴ

762 1143 867 1184 καιρῷ
891 1138 1031 1181 τύχοιεν
1055 1138 1207 1182 ἑκάτεροι
1241 1139 1412 1182 πράσσον-

762 1198 829 1225 τες,
857 1191 970 1218 tamen
996 1187 1090 1218 aliud
1124 1185 1223 1219 liuius
1249 1186 1412 1219 dictionis

764 1234 963 1275 exemplum
997 1242 1164 1273 nusquam
1198 1237 1334 1271 exstat,
1376 1235 1414 1263 ut

765 1278 866 1310 facile
914 1279 1087 1310 assentiar
1131 1278 1331 1321 Ρορροηί
1381 1278 1415 1308 ἓν

763 1324 885 1367 καιρῷ.
909 1330 1062 1357 veterem
1083 1325 1285 1364 lectionem
1312 1328 1413 1356 tuen-

762 1371 799 1404 ti
826 1368 917 1402 conf.
936 1370 1086 1403 etiami
1097 1371 1247 1404 obeck.
1273 1370 1316 1402 ad
1335 1370 1412 1402 So·

762 1415 902 1458 phocl.
930 1417 1035 1448 Aiac.
1063 1427 1095 1457 p.
1123 1417 1178 1451 85.
1204 1418 1259 1449 ed.
1285 1417 1317 1450 2.
1340 1415 1413 1448 Ita-

761 1472 830 1504 que
859 1462 923 1494 alia
951 1462 1136 1495 verborum
1171 1463 1414 1505 interpretatio

763 1507 973 1549 anquirenda
1002 1508 1146 1541 videtur.
1196 1508 1245 1541 Ea
1273 1519 1356 1541 vero
1380 1507 1413 1539 in

764 1558 904 1595 promtu
931 1558 994 1588 est.
1044 1553 1130 1587 Nam
1159 1558 1265 1599 καιρῷ
1289 1556 1412 1595 χειμῶ-

762 1601 1414 1643 vocestzqnumtempestasexi-

763 1646 827 1687 git
852 1650 985 1687 atque
1011 1647 1221 1688 postulat.
1270 1647 1411 1679 Etenim

765 1690 886 1733 καιρός
911 1701 978 1723 non
1004 1697 1136 1724 tantum
1164 1697 1218 1725 est
1243 1697 1415 1735 tempus

765 1741 1084 1780 opportunum,
1126 1748 1253 1772 'verum
1301 1739 1414 1772 ‘etiam

765 1788 962 1826 temporum
990 1784 1147 1816 condicio
1169 1790 1272 1827 atque
1290 1789 1414 1821 status,

766 1839 836 1870 qno
863 1829 930 1861 boe
955 1830 1009 1861 vel
1036 1829 1118 1862 illud
1143 1831 1218 1863 fieri
1233 1841 1321 1873 opus
1348 1832 1436 1862 ests

766 1874 859 1906 Hinc
903 1876 1018 1916 καιροὶ
1053 1875 1215 1916 μέγιστοι
1250 1880 1416 1915 vocantur

766 1919 856 1962 apud
876 1919 1096 1953 Demostli.
1125 1920 1186 1956 Or.
1206 1921 1288 1956 adv.
1305 1921 1412 1963 Lept.

765 1977 798 2008 p.
830 1965 910 2001 470.
952 1966 1006 1998 ed.
1045 1967 1168 2000 Reisk.
1214 1971 1414 2010 tempora

766 2012 872 2054 reip.
899 2013 1183 2054 periculosa,
1203 2023 1293 2054 qnae
1308 2013 1412 2046 etiam

766 2068 785 2090 a
803 2057 934 2090 Latinis
957 2058 1116 2091 dicuntur
1136 2059 1285 2091 subinde
1310 2065 1413 2092 tem—

766 2113 868 2146 pora
887 2105 1093 2144 maxima,
1111 2115 1283 2138 summa.
1300 2107 1413 2147 v.Ap-

764 2153 829 2181 rat.
878 2148 1068 2183 Scliaefe
1080 2161 1107 2183 r.
1154 2151 1230 2184 Vol.
1266 2152 1336 2187 111.
1379 2162 1412 2194 p.

765 2194 844 2229 132.
884 2198 995 2236 Atque
1019 2197 1136 2239 καιροὶ
1162 2198 1335 2239 αἴσχιστοι
1358 2196 1416 2230 καὶ

765 2240 1051 2282 δυςποτμότατοι
1082 2246 1165 2276 sunt
1195 2243 1288 2286 apud
1319 2245 1412 2277 Plu—

766 2287 907 2320 tarch.
934 2287 966 2318 in
992 2297 1146 2329 compar.
1167 2288 1263 2323 Fabii
1290 2294 1326 2323 et
1343 2290 1412 2323 Pe-

765 2332 861 2364 riclis
886 2343 915 2365 c.
942 2333 974 2367 1.
1001 2338 1036 2366 et
1060 2336 1202 2376 {oxa-mc
1219 2334 1340 2379 καιρός
1358 2347 1413 2378 ap

767 2378 915 2410 eundem
941 2380 1028 2412 Sull.
1054 2379 1110 2414 12.
1142 2382 1187 2414 ai.
1211 2381 1338 2424 Itaque
1359 2393 1413 2415 er-

766 2434 824 2456 rm
829 2425 904 2462 erit,
929 2425 958 2456 si
982 2425 1058 2468 quis
1083 2426 1160 2459 hine
1173 2428 1415 2460 demonstrare

765 2471 936 2510 voluerit,
970 2472 1151 2514 vestigium
1188 2474 1330 2516 aliquod
1366 2475 1413 2506 ci-

764 2517 904 2548 terioris
930 2517 1146 2551 Graecitatis
1167 2520 1212 2551 'in
1239 2520 1291 2552 his
1316 2521 1414 2553 libris

764 2571 966 2603 expressum
990 2564 1122 2597 extare.
1175 2565 1261 2598 Dein
1291 2565 1412 2602 ξυλλα-

761 2609 892 2648 βέσθαι
919 2612 990 2644 est:
1023 2609 1258 2651 adiuvare,
1296 2611 1409 2643 adiu-

762 2658 894 2687 torem
913 2665 980 2688 ess
991 2666 1094 2697 e2quo
1104 2667 1208 2690 sensu
1219 2658 1321 2689 etiam
1334 2667 1408 2689 ver-

761 2699 839 2732 bum
858 2701 1008 2734 activum
1033 2702 1285 2745 Ξιιλλαμβᾰνειν
1310 2713 1410 2735 usur-
