1612 2872
102 62 111 81 ¹
493 67 575 108 DE
613 64 888 108 LEGIBUS
919 71 999 106 otc.
1171 64 1422 106 CLXXIII

0 223 2 240 ,
61 180 236 222 minime
269 188 438 236 turpem
471 178 724 233 lubidinem,
753 193 865 234 quae
888 177 962 219 uni
993 178 1188 231 corporis
1209 177 1423 233 voluptati

0 241 2 275 l
60 235 300 292 indulgeat,
336 237 552 290 excusari,
584 236 661 279 sed
691 250 831 291 genus
861 234 1042 288 amoris,
1075 233 1195 287 quod
1225 234 1423 290 proxime

57 293 173 335 absit
203 309 230 335 a
258 295 454 350 perfecto
486 309 630 335 amore
661 292 1040 348 philosophorum,
1070 289 1158 332 tale
1188 305 1285 333 esse
1310 290 1424 332 iudi-

57 350 176 403 cari,
211 350 331 405 quod
363 357 519 406 peccet
547 350 814 404 excusatius,
848 364 982 404 quum
1002 362 1090 390 non
1109 347 1194 389 iam
1217 354 1261 389 et
1280 348 1423 404 ipsum

58 406 112 448 ad
134 407 340 449 virtutem
367 414 411 449 et
436 407 553 448 vitae
573 406 846 449 honestatem
867 405 1128 448 connitatur.
1158 403 1292 448 Unde
1324 405 1422 460 quis

58 470 222 505 tantem
266 471 383 507 recte
415 464 664 519 collegerit,
704 461 1017 518 philosophum
1054 461 1182 503 etiam
1213 461 1268 503 de
1296 462 1423 518 igno·-

57 521 243 563 minioso
279 536 423 562 amore
454 521 601 562 mitius
632 520 835 573 sensisse,
867 518 1121 574 praesertim
1143 533 1276 573 quum
1307 519 1424 561 hunc

57 579 102 619 in
134 577 293 619 eodem
320 577 431 619 libi-0
454 584 497 619 et
516 578 655 618 facete
689 576 930 631 exploserit
957 582 1002 617 et
1031 576 1307 631 turpissimae
1340 576 1422 618 hu-

57 634 253 676 militatis
295 633 518 690 arguerit?
588 633 642 674 In
682 632 928 689 Republica
959 644 1104 674 autem
1135 632 1259 674 Libr.
1292 633 1348 676 V.
1378 649 1422 690 p.

57 693 156 734 468.
195 691 275 745 B.,
314 691 389 734 ubi
427 689 717 747 philosophus
755 705 854 744 eos,
897 689 972 744 qui
1011 689 1286 731 fortitudinis
1318 705 1423 732 suae

57 747 245 791 illustria
275 747 539 790 documenta
572 746 812 800 ediderint,
854 761 880 787 a
909 746 1143 788 iuvenibus
1175 753 1220 787 et
1266 746 1418 789 adole-

58 804 285 847 scentibus
326 820 416 847 una
452 804 741 846 militantibus
773 802 1036 858 testificandi
1066 803 1248 846 honoris
1281 804 1424 860 gratia

56 862 280 915 coronari,
322 861 435 904 datis
467 861 658 903 dexteris
689 860 900 915 salutari,
942 866 1074 916 atque
1105 860 1236 902 etiam
1266 861 1423 903 frater·

56 919 124 962 nis
165 919 330 961 osculis
367 918 549 961 mactari
590 918 744 972 iussit,
791 917 889 972 quis
931 923 1000 959 est
1030 917 1226 972 quinon
1258 916 1422 972 videat,

57 974 164 1031 quid
193 976 256 1018 rei
285 975 542 1032 spectetur?
602 975 838 1017 Enimvero
857 975 1079 1030 pertinent
1109 974 1308 1031 profecto
1337 975 1423 1018 ista

55 1033 206 1076 oscula
244 1048 334 1075 non
365 1032 421 1074 ad
462 1032 799 1088 impertiendam
828 1031 1053 1073 inhonesti
1084 1031 1242 1074 amoris
1283 1032 1421 1074 licen-

55 1090 184 1144 tiam,
225 1089 304 1132 sed
343 1090 492 1141 valent
530 1089 677 1145 potius
716 1088 771 1131 ad
811 1089 1107 1143 reverentiae,
1141 1089 1339 1131 caritatis
1378 1094 1424 1131 et

54 1146 192 1189 debiti
220 1146 398 1189 honoris
429 1146 807 1199 testificationem,
839 1161 953 1201 quae
982 1145 1217 1188 laudabilis
1245 1146 1423 1188 fortitu-

57 1204 171 1246 dinis
204 1203 400 1246 studium
424 1203 555 1246 etiam
574 1202 874 1246 vehementius
904 1202 1144 1245 accendere
1177 1210 1220 1244 et
1249 1202 1421 1245 inflam-

0 1297 7 1303 .
55 1276 172 1313 mare
214 1260 370 1317 possit.
439 1259 564 1314 Quae
603 1260 803 1317 profecto
842 1260 996 1301 mirum
1029 1266 1096 1302 est
1125 1275 1151 1302 a
1184 1260 1420 1303 Zellero

57 1319 102 1360 in
147 1318 280 1360 alium
321 1332 502 1372 prorsus
540 1332 714 1360 sensum
759 1316 1011 1372 detorqueri
1038 1317 1262 1373 potuisse,
1293 1332 1421 1373 prae·

0 1414 14 1422 ,
57 1375 205 1418 sertim
247 1390 381 1430 quum
420 1390 500 1417 nec
541 1375 635 1417 sine
666 1373 814 1430 lepida
842 1374 1071 1416 Adimanti
1099 1380 1145 1416 et
1175 1372 1421 1418 Glauconis

56 1432 332 1474 cavillatione
353 1431 470 1474 dicta
498 1430 744 1474 videantur.
805 1430 896 1474 Sed
925 1437 1152 1489 praeterea
1170 1432 1304 1474 etiam
1333 1438 1421 1474 ter-

55 1489 146 1531 tius
190 1489 314 1532 locus
353 1488 425 1530 hic
464 1487 771 1531 memorandus
802 1494 886 1531 est.
948 1487 1093 1541 Quam
1123 1503 1274 1531 severe
1305 1489 1421 1531 enim

54 1546 342 1603 philosophus
381 1546 510 1588 etiam
542 1545 586 1587 in
624 1545 869 1602 Republica
897 1545 1090 1601 vulgaris
1118 1546 1278 1589 amoris
1307 1546 1420 1588 lubi-

57 1602 201 1646 dstiem
242 1620 267 1645 a
298 1610 449 1646 sancto
479 1603 554 1644 illo
591 1608 724 1657 atque
755 1601 903 1644 divino
935 1617 1083 1645 amore
1113 1602 1347 1645 arcendam
1377 1609 1421 1645 et

56 1660 208 1715 procul
247 1659 491 1702 habendam
546 1658 834 1713 iudicaverit,
883 1664 1240 1715 unumquemque
1290 1660 1419 1703 facile

57 1717 270 1759 edoceant
291 1717 366 1759 illa
386 1717 507 1762 Libr.
533 1716 623 1758 ΙΙΙ.
667 1716 875 1772 Reipubl.
899 1732 941 1772 p.
962 1719 1062 1760 403.
1093 1716 1146 1759 B.
1179 1731 1275 1772 sqq.
1308 1732 1419 1772 quo-

55 1789 150 1816 rum
180 1774 266 1816 iam
297 1780 425 1816 antea
454 1773 717 1816 mentionem
745 1773 989 1816 iniecimus.
1050 1775 1115 1815 At
1143 1774 1260 1815 enim
1290 1774 1418 1816 Zel-

57 1831 209 1872 lerus
249 1830 310 1872 ibi
349 1829 583 1873 arbitratur
620 1829 862 1872 lubidinem
899 1830 1172 1872 humiliorem
1212 1831 1336 1873 reiici
1375 1838 1419 1873 et

58 1886 294 1942 improbari
323 1886 506 1928 maxime
545 1892 801 1942 propterea,
841 1886 962 1941 quod
1002 1886 1110 1928 rude
1141 1887 1345 1929 videatur
1373 1894 1419 1930 et

57 1949 227 2000 agreste
267 1942 473 1998 quiddam
517 1957 617 1985 cum
655 1957 801 1984 rerum
837 1943 1100 1985 diviniorum
1144 1943 1291 1986 studio
1321 1959 1419 1987 cor·

57 2015 214 2056 porum
270 1999 520 2056 voluptates
581 1999 835 2054 consociare
885 1999 1010 2041 velle.
1087 1999 1142 2041 In
1191 2016 1278 2056 quo
1343 2001 1417 2045 ille

56 2071 207 2100 rursus
256 2056 452 2099 Platonis
513 2056 773 2099 sententiam
831 2055 1120 2099 calumniatus
1170 2063 1237 2100 est
1283 2057 1416 2116 longe

57 2113 320 2170 turpissime.
379 2112 538 2169 Neque
561 2113 674 2155 enim
704 2112 992 2169 philosophus
1023 2113 1163 2155 bonae
1194 2115 1415 2157 existima-

56 2171 187 2213 tionis
228 2176 304 2212 aut
341 2170 510 2212 externi
548 2169 718 2212 decoris
754 2170 937 2212 alicuius
970 2170 1111 2226 gratia
1139 2170 1268 2214 istam
1292 2172 1414 2215 lubi-

58 2226 172 2270 dinis
213 2227 481 2283 voluptatem
520 2226 774 2283 fugiendam
814 2235 989 2280 censet,
1043 2227 1121 2270 sed
1162 2229 1267 2282 quia
1308 2244 1413 2272 con-—

58 2284 207 2326 iuncta
246 2284 304 2325 sit
342 2299 440 2326 cum
479 2283 733 2339 intemperie
774 2292 816 2325 et
847 2283 1104 2340 petulantia,
1137 2299 1248 2340 quae
1281 2287 1413 2328 animi

57 2341 345 2383 constantiam
389 2347 434 2383 et
470 2340 826 2395 aequabilitatem
866 2341 1045 2383 auferat.
1106 2340 1270 2384 Censet
1298 2344 1413 2385 enim

57 2398 149 2440 veri
176 2398 332 2440 amoris
360 2404 558 2439 naturam
596 2397 643 2438 in
674 2413 725 2439 eo
754 2412 851 2439 esse
880 2398 1089 2454 positam,
1126 2405 1176 2441 ut
1205 2400 1303 2454 quis
1334 2400 1413 2443 ho-

56 2455 226 2496 nestum
259 2460 304 2496 et
331 2454 532 2510 pulcrum
561 2460 740 2510 appetat
769 2469 867 2497 cum
891 2456 1187 2512 temperantia.
1240 2456 1412 2499 Verum

57 2509 165 2553 haec
195 2511 371 2566 quidem
401 2510 455 2552 de
488 2510 720 2566 disciplina
748 2513 958 2554 amatoria
987 2513 1034 2554 in
1055 2513 1254 2570 Legibus
1286 2529 1412 2570 prae-

59 2567 246 2621 scripta,
289 2583 419 2623 quam
445 2582 525 2610 nos
555 2567 730 2622 quidem
759 2583 814 2611 ne
841 2569 1060 2612 tantillum
1100 2569 1276 2625 quidem
1307 2571 1412 2612 con-

59 2622 276 2666 tendimus
314 2624 368 2666 ab
407 2624 460 2667 iis
499 2623 770 2681 discrepare.
830 2641 942 2681 quae.
982 2625 1108 2668 Plato
1159 2627 1204 2668 in
1253 2628 1411 2669 ceteris
