<?xml version="1.0" encoding="UTF-8"?>
<!DOCTYPE html PUBLIC "-//W3C//DTD XHTML 1.0 Transitional//EN"
    "http://www.w3.org/TR/xhtml1/DTD/xhtml1-transitional.dtd">
<html xmlns="http://www.w3.org/1999/xhtml" xml:lang="en" lang="en">
 <head>
  <title>
</title>
<meta http-equiv="Content-Type" content="text/html;charset=utf-8" />
  <meta name='ocr-system' content='tesseract 3.04.00' />
  <meta name='ocr-capabilities' content='ocr_page ocr_carea ocr_par ocr_line ocrx_word'/>
</head>
<body>
  <div class='ocr_page' id='page_1' title='image "./s1operaomniarece10platuoft_0388.png"; bbox 0 0 1612 2872; ppageno 0'>
   <div class='ocr_carea' id='block_1_1' title="bbox 132 991 213 1032">
    <p class='ocr_par' dir='ltr' id='par_1_1' title="bbox 132 991 213 1032">
     <span class='ocr_line' id='line_1_1' title="bbox 132 991 213 1032; baseline 0 -1"><span class='ocrx_word' id='word_1_1' title='bbox 132 991 213 1032; x_wconf 80' lang='lat'>668</span> 
     </span>
    </p>
   </div>
   <div class='ocr_carea' id='block_1_2' title="bbox 257 95 1119 140">
    <p class='ocr_par' dir='ltr' id='par_1_2' title="bbox 257 95 1119 140">
     <span class='ocr_line' id='line_1_2' title="bbox 257 95 1119 140; baseline 0.002 -2"><span class='ocrx_word' id='word_1_2' title='bbox 257 97 337 139; x_wconf 78' lang='lat'>208</span> <span class='ocrx_word' id='word_1_3' title='bbox 740 95 1119 140; x_wconf 86' lang='lat' dir='ltr'>PLATONIS</span> 
     </span>
    </p>
   </div>
   <div class='ocr_carea' id='block_1_3' title="bbox 242 206 1578 1330">
    <p class='ocr_par' dir='ltr' id='par_1_3' title="bbox 251 206 1578 327">
     <span class='ocr_line' id='line_1_3' title="bbox 252 206 1578 272; baseline 0.004 -22"><span class='ocrx_word' id='word_1_4' title='bbox 252 224 332 261; x_wconf 82' lang='grc' dir='ltr'>την</span> <span class='ocrx_word' id='word_1_5' title='bbox 375 212 478 263; x_wconf 70' lang='grc' dir='ltr'>λέμυ</span> <span class='ocrx_word' id='word_1_6' title='bbox 523 208 641 259; x_wconf 82' lang='grc' dir='ltr'><em>τότε,</em></span> <span class='ocrx_word' id='word_1_7' title='bbox 685 206 796 251; x_wconf 81' lang='grc' dir='ltr'><em>ὅταν</em></span> <span class='ocrx_word' id='word_1_8' title='bbox 839 207 947 263; x_wconf 80' lang='grc' dir='ltr'>μήτε</span> <span class='ocrx_word' id='word_1_9' title='bbox 989 226 1030 252; x_wconf 86' lang='grc' dir='ltr'>τι</span> <span class='ocrx_word' id='word_1_10' title='bbox 1073 209 1247 270; x_wconf 76' lang='grc' dir='ltr'><em>βλάπτῃ</em></span> <span class='ocrx_word' id='word_1_11' title='bbox 1280 208 1389 267; x_wconf 81' lang='grc' dir='ltr'><em>μήτε</em></span> <span class='ocrx_word' id='word_1_12' title='bbox 1434 210 1578 272; x_wconf 73' lang='grc' dir='ltr'><em>ὠφελῇ</em></span> 
     </span>
     <span class='ocr_line' id='line_1_4' title="bbox 251 271 850 327; baseline 0 -11"><span class='ocrx_word' id='word_1_13' title='bbox 251 274 504 326; x_wconf 81' lang='grc' dir='ltr'><em>σπουδῆςὴ</em></span> <span class='ocrx_word' id='word_1_14' title='bbox 496 271 673 327; x_wconf 78' lang='grc' dir='ltr'><em>λόγου</em></span> <span class='ocrx_word' id='word_1_15' title='bbox 709 273 850 326; x_wconf 78' lang='grc' dir='ltr'><em>ἄξιον.</em></span> 
     </span>
    </p>

    <p class='ocr_par' dir='ltr' id='par_1_4' title="bbox 350 339 969 393">
     <span class='ocr_line' id='line_1_5' title="bbox 350 339 969 393; baseline 0.002 -13"><span class='ocrx_word' id='word_1_16' title='bbox 350 340 451 381; x_wconf 88' lang='grc' dir='ltr'>ΚΛ.</span> <span class='ocrx_word' id='word_1_17' title='bbox 485 339 790 391; x_wconf 76' lang='grc' dir='ltr'><em>Α)ηθ·ἑστατα</em></span> <span class='ocrx_word' id='word_1_18' title='bbox 826 342 969 393; x_wconf 76' lang='grc' dir='ltr'><strong><em>λέγεις.</em></strong></span> 
     </span>
    </p>

    <p class='ocr_par' dir='ltr' id='par_1_5' title="bbox 243 397 1578 850">
     <span class='ocr_line' id='line_1_6' title="bbox 345 397 1577 462; baseline 0.002 -17"><span class='ocrx_word' id='word_1_19' title='bbox 345 397 565 458; x_wconf 73' lang='grc' dir='ltr'><em>ΛΘ.Ἀρ’</em></span> <span class='ocrx_word' id='word_1_20' title='bbox 619 398 698 447; x_wconf 83' lang='grc' dir='ltr'>οὖν</span> <span class='ocrx_word' id='word_1_21' title='bbox 738 404 790 448; x_wconf 78' lang='grc' dir='ltr'>οὐ</span> <span class='ocrx_word' id='word_1_22' title='bbox 835 407 985 447; x_wconf 80' lang='grc' dir='ltr'><strong><em>πᾶσαν</em></strong></span> <span class='ocrx_word' id='word_1_23' title='bbox 1028 407 1205 459; x_wconf 83' lang='grc' dir='ltr'><em>μίμησιν</em></span> <span class='ocrx_word' id='word_1_24' title='bbox 1247 412 1408 462; x_wconf 81' lang='grc' dir='ltr'><em>φαῖμεν</em></span> <span class='ocrx_word' id='word_1_25' title='bbox 1442 403 1500 448; x_wconf 77' lang='grc' dir='ltr'>ἂν</span> <span class='ocrx_word' id='word_1_26' title='bbox 1534 411 1577 448; x_wconf 83' lang='grc' dir='ltr'>ὲκ</span> 
     </span>
     <span class='ocr_line' id='line_1_7' title="bbox 244 469 1578 530; baseline 0.003 -20"><span class='ocrx_word' id='word_1_27' title='bbox 244 470 331 510; x_wconf 82' lang='grc' dir='ltr'>τῶν</span> <span class='ocrx_word' id='word_1_28' title='bbox 365 470 446 511; x_wconf 83' lang='grc' dir='ltr'>νῦν</span> <span class='ocrx_word' id='word_1_29' title='bbox 480 472 719 524; x_wconf 75' lang='grc' dir='ltr'><em>λεγομένων</em></span> <span class='ocrx_word' id='word_1_30' title='bbox 754 470 907 523; x_wconf 77' lang='grc' dir='ltr'><strong><em>ἣκιστα</em></strong></span> <span class='ocrx_word' id='word_1_31' title='bbox 936 469 1069 530; x_wconf 75' lang='grc' dir='ltr'><strong><em>ἡδονῇ</em></strong></span> <span class='ocrx_word' id='word_1_32' title='bbox 1093 469 1323 526; x_wconf 79' lang='grc' dir='ltr'><strong><em>προςήκειν</em></strong></span> <span class='ocrx_word' id='word_1_33' title='bbox 1346 474 1578 525; x_wconf 78' lang='grc' dir='ltr'><strong><em>κρίνεσθαι</em></strong></span> 
     </span>
     <span class='ocr_line' id='line_1_8' title="bbox 243 533 1577 594; baseline 0.002 -19"><span class='ocrx_word' id='word_1_34' title='bbox 243 536 316 576; x_wconf 81' lang='grc' dir='ltr'>καὶ</span> <span class='ocrx_word' id='word_1_35' title='bbox 350 535 450 594; x_wconf 76' lang='grc' dir='ltr'><em>δόξῃ</em></span> <span class='ocrx_word' id='word_1_36' title='bbox 485 534 544 588; x_wconf 78' lang='grc' dir='ltr'>μὴ</span> <span class='ocrx_word' id='word_1_37' title='bbox 580 536 747 587; x_wconf 72' lang='grc' dir='ltr'><em>ἀληθεῖ</em></span> <span class='ocrx_word' id='word_1_38' title='bbox 767 561 850 587; x_wconf 86' lang='lat'>—,</span> <span class='ocrx_word' id='word_1_39' title='bbox 880 539 950 578; x_wconf 76' lang='grc' dir='ltr'>καὶ</span> <span class='ocrx_word' id='word_1_40' title='bbox 979 533 1028 587; x_wconf 79' lang='grc' dir='ltr'>δὴ</span> <span class='ocrx_word' id='word_1_41' title='bbox 1048 538 1120 577; x_wconf 84' lang='grc' dir='ltr'>καὶ</span> <span class='ocrx_word' id='word_1_42' title='bbox 1140 537 1290 577; x_wconf 82' lang='grc' dir='ltr'><strong><em>πᾶσαν</em></strong></span> <span class='ocrx_word' id='word_1_43' title='bbox 1313 536 1495 588; x_wconf 73' lang='grc' dir='ltr'><em>ἰσότητα</em></span> <span class='ocrx_word' id='word_1_44' title='bbox 1516 561 1577 568; x_wconf 84' lang='lat'>--</span> 
     </span>
     <span class='ocr_line' id='line_1_9' title="bbox 246 598 1578 656; baseline 0.002 -14"><span class='ocrx_word' id='word_1_45' title='bbox 246 598 300 642; x_wconf 82' lang='grc' dir='ltr'>οὐ</span> <span class='ocrx_word' id='word_1_46' title='bbox 331 599 415 655; x_wconf 71' lang='grc' dir='ltr'>γάρ</span> <span class='ocrx_word' id='word_1_47' title='bbox 452 600 490 642; x_wconf 78' lang='grc' dir='ltr'>εἴ</span> <span class='ocrx_word' id='word_1_48' title='bbox 524 617 582 654; x_wconf 85' lang='grc' dir='ltr'>τῳ</span> <span class='ocrx_word' id='word_1_49' title='bbox 620 606 735 644; x_wconf 75' lang='grc' dir='ltr'><em>δοκεῖ</em></span> <span class='ocrx_word' id='word_1_50' title='bbox 770 600 795 654; x_wconf 77' lang='grc' dir='ltr'>ἢ</span> <span class='ocrx_word' id='word_1_51' title='bbox 833 602 870 644; x_wconf 77' lang='grc' dir='ltr'>εἴ</span> <span class='ocrx_word' id='word_1_52' title='bbox 903 618 967 651; x_wconf 81' lang='grc' dir='ltr'>τις</span> <span class='ocrx_word' id='word_1_53' title='bbox 995 605 1136 656; x_wconf 80' lang='grc' dir='ltr'><em>χαίρει</em></span> <span class='ocrx_word' id='word_1_54' title='bbox 1172 617 1253 654; x_wconf 84' lang='grc' dir='ltr'>τῳ,</span> <span class='ocrx_word' id='word_1_55' title='bbox 1300 601 1348 644; x_wconf 87' lang='grc' dir='ltr'>τό</span> <span class='ocrx_word' id='word_1_56' title='bbox 1391 619 1436 654; x_wconf 81' lang='grc' dir='ltr'>γε</span> <span class='ocrx_word' id='word_1_57' title='bbox 1480 602 1578 645; x_wconf 77' lang='grc' dir='ltr'><em>ἴσον</em></span> 
     </span>
     <span class='ocr_line' id='line_1_10' title="bbox 245 664 1578 722; baseline 0.002 -16"><span class='ocrx_word' id='word_1_58' title='bbox 245 665 341 707; x_wconf 72' lang='grc' dir='ltr'><em>ἴσον</em></span> <span class='ocrx_word' id='word_1_59' title='bbox 377 665 477 708; x_wconf 78' lang='grc' dir='ltr'><em>οὐδὲ</em></span> <span class='ocrx_word' id='word_1_60' title='bbox 526 666 574 709; x_wconf 85' lang='grc' dir='ltr'>τὸ</span> <span class='ocrx_word' id='word_1_61' title='bbox 610 668 854 722; x_wconf 80' lang='grc' dir='ltr'><em>σύμμετρον</em></span> <span class='ocrx_word' id='word_1_62' title='bbox 890 665 948 709; x_wconf 72' lang='grc' dir='ltr'>ἄν</span> <span class='ocrx_word' id='word_1_63' title='bbox 989 667 1052 718; x_wconf 77' lang='grc' dir='ltr'>εἴη</span> <span class='ocrx_word' id='word_1_64' title='bbox 1087 664 1334 722; x_wconf 81' lang='grc' dir='ltr'><em>σύμμετρον</em></span> <span class='ocrx_word' id='word_1_65' title='bbox 1370 665 1480 717; x_wconf 85' lang='grc' dir='ltr'><em>ὅλως</em></span> <span class='ocrx_word' id='word_1_66' title='bbox 1512 692 1578 698; x_wconf 90' lang='grc'>-</span> 
     </span>
     <span class='ocr_line' id='line_1_11' title="bbox 243 729 1577 787; baseline 0.003 -16"><span class='ocrx_word' id='word_1_67' title='bbox 243 729 356 772; x_wconf 72' lang='grc' dir='ltr'><em>ἀλλὰ</em></span> <span class='ocrx_word' id='word_1_68' title='bbox 393 733 453 786; x_wconf 75' lang='grc' dir='ltr'>τῷ</span> <span class='ocrx_word' id='word_1_69' title='bbox 488 730 656 784; x_wconf 75' lang='grc' dir='ltr'><em>ἀληθεῖ</em></span> <span class='ocrx_word' id='word_1_70' title='bbox 690 733 868 775; x_wconf 79' lang='grc' dir='ltr'><em>πάντων</em></span> <span class='ocrx_word' id='word_1_71' title='bbox 901 731 1104 787; x_wconf 77' lang='grc' dir='ltr'><strong><em>μᾴλιστα,</em></strong></span> <span class='ocrx_word' id='word_1_72' title='bbox 1139 731 1294 783; x_wconf 85' lang='grc' dir='ltr'><em>ἥκιστα</em></span> <span class='ocrx_word' id='word_1_73' title='bbox 1328 734 1371 774; x_wconf 84' lang='grc' dir='ltr'>δὲ</span> <span class='ocrx_word' id='word_1_74' title='bbox 1407 731 1577 787; x_wconf 82' lang='grc' dir='ltr'><strong><em>ὁτῳοῦν</em></strong></span> 
     </span>
     <span class='ocr_line' id='line_1_12' title="bbox 243 794 388 850; baseline 0 -13"><span class='ocrx_word' id='word_1_75' title='bbox 243 794 388 850; x_wconf 82' lang='grc' dir='ltr'><em>ἄλλῳ,·</em></span> 
     </span>
    </p>

    <p class='ocr_par' dir='ltr' id='par_1_6' title="bbox 346 855 1004 917">
     <span class='ocr_line' id='line_1_13' title="bbox 346 855 1004 917; baseline 0.002 -13"><span class='ocrx_word' id='word_1_76' title='bbox 346 864 449 904; x_wconf 86' lang='grc' dir='ltr'>ΚΛ.</span> <span class='ocrx_word' id='word_1_77' title='bbox 491 861 762 905; x_wconf 74' lang='grc' dir='ltr'><em>Παντάπασι</em></span> <span class='ocrx_word' id='word_1_78' title='bbox 795 866 874 917; x_wconf 83' lang='grc' dir='ltr'>μὲν</span> <span class='ocrx_word' id='word_1_79' title='bbox 911 855 1004 905; x_wconf 82' lang='grc' dir='ltr'><em>οὖν.</em></span> 
     </span>
    </p>

    <p class='ocr_par' dir='ltr' id='par_1_7' title="bbox 245 926 1576 1049">
     <span class='ocr_line' id='line_1_14' title="bbox 349 926 1576 985; baseline -0.001 -15"><span class='ocrx_word' id='word_1_80' title='bbox 349 930 442 971; x_wconf 80' lang='grc' dir='ltr'>ΑΘ.</span> <span class='ocrx_word' id='word_1_81' title='bbox 485 927 656 970; x_wconf 78' lang='grc' dir='ltr'><em>Οὐκοῦν</em></span> <span class='ocrx_word' id='word_1_82' title='bbox 689 928 905 982; x_wconf 78' lang='grc' dir='ltr'><em>μουσικήν</em></span> <span class='ocrx_word' id='word_1_83' title='bbox 950 944 996 981; x_wconf 68' lang='grc' dir='ltr'>γε</span> <span class='ocrx_word' id='word_1_84' title='bbox 1032 926 1180 971; x_wconf 75' lang='grc' dir='ltr'><em>πᾶσάν</em></span> <span class='ocrx_word' id='word_1_85' title='bbox 1214 943 1360 985; x_wconf 74' lang='grc' dir='ltr'><em>φαμεν</em></span> <span class='ocrx_word' id='word_1_86' title='bbox 1394 932 1576 971; x_wconf 80' lang='grc' dir='ltr'><strong><em>εἰκαστι-</em></strong></span> 
     </span>
     <span class='ocr_line' id='line_1_15' title="bbox 245 991 945 1049; baseline -0.003 -12"><span class='ocrx_word' id='word_1_87' title='bbox 245 992 326 1046; x_wconf 87' lang='grc' dir='ltr'>κήν</span> <span class='ocrx_word' id='word_1_88' title='bbox 362 1010 406 1035; x_wconf 79' lang='grc' dir='ltr'>τε</span> <span class='ocrx_word' id='word_1_89' title='bbox 435 991 546 1035; x_wconf 83' lang='grc' dir='ltr'><strong><em>εἶναι</em></strong></span> <span class='ocrx_word' id='word_1_90' title='bbox 581 996 651 1036; x_wconf 80' lang='grc' dir='ltr'>καὶ</span> <span class='ocrx_word' id='word_1_91' title='bbox 685 993 945 1049; x_wconf 70' lang='grc' dir='ltr'><em>μιμητικήνς</em></span> 
     </span>
    </p>

    <p class='ocr_par' dir='ltr' id='par_1_8' title="bbox 350 1058 682 1114">
     <span class='ocr_line' id='line_1_16' title="bbox 350 1058 682 1114; baseline 0.003 -14"><span class='ocrx_word' id='word_1_92' title='bbox 350 1061 448 1101; x_wconf 89' lang='grc' dir='ltr'>ΚΛ.</span> <span class='ocrx_word' id='word_1_93' title='bbox 489 1061 540 1101; x_wconf 85' lang='grc' dir='ltr'>Τι’</span> <span class='ocrx_word' id='word_1_94' title='bbox 570 1058 682 1114; x_wconf 83' lang='grc' dir='ltr'><em>μήν,·</em></span> 
     </span>
    </p>

    <p class='ocr_par' dir='ltr' id='par_1_9' title="bbox 242 1149 1576 1330">
     <span class='ocr_line' id='line_1_17' title="bbox 334 1149 1576 1205; baseline -0.002 -18"><span class='ocrx_word' id='word_1_95' title='bbox 334 1155 374 1187; x_wconf 88' lang='lat' dir='ltr'>P.</span> <span class='ocrx_word' id='word_1_96' title='bbox 399 1154 476 1189; x_wconf 89' lang='grc'>668.</span> <span class='ocrx_word' id='word_1_97' title='bbox 504 1151 523 1194; x_wconf 79' lang='grc' dir='ltr'><em>ἢ</em></span> <span class='ocrx_word' id='word_1_98' title='bbox 548 1154 585 1185; x_wconf 69' lang='grc' dir='ltr'>εἴ</span> <span class='ocrx_word' id='word_1_99' title='bbox 606 1166 667 1190; x_wconf 86' lang='grc' dir='ltr'>τις</span> <span class='ocrx_word' id='word_1_100' title='bbox 690 1155 839 1196; x_wconf 80' lang='grc' dir='ltr'><strong><em>χαίρει</em></strong></span> <span class='ocrx_word' id='word_1_101' title='bbox 863 1152 931 1205; x_wconf 75' lang='grc' dir='ltr'>τῳ]</span> <span class='ocrx_word' id='word_1_102' title='bbox 954 1153 1060 1185; x_wconf 73' lang='grc' dir='ltr'><strong>Εόίῑῑ.</strong></span> <span class='ocrx_word' id='word_1_103' title='bbox 1082 1153 1202 1193; x_wconf 85' lang='lat' dir='ltr'>vulgo.</span> <span class='ocrx_word' id='word_1_104' title='bbox 1223 1149 1307 1195; x_wconf 75' lang='grc' dir='ltr'>ἢμῆ</span> <span class='ocrx_word' id='word_1_105' title='bbox 1322 1164 1421 1193; x_wconf 69' lang='lat' dir='ltr'>nex.</span> <span class='ocrx_word' id='word_1_106' title='bbox 1441 1153 1576 1185; x_wconf 85' lang='lat' dir='ltr'>Boeck-</span> 
     </span>
     <span class='ocr_line' id='line_1_18' title="bbox 243 1197 1575 1241; baseline -0.002 -10"><span class='ocrx_word' id='word_1_107' title='bbox 243 1200 318 1232; x_wconf 87' lang='lat' dir='ltr'>hius</span> <span class='ocrx_word' id='word_1_108' title='bbox 334 1202 420 1232; x_wconf 88' lang='lat' dir='ltr'>coni.</span> <span class='ocrx_word' id='word_1_109' title='bbox 435 1197 453 1240; x_wconf 79' lang='grc' dir='ltr'>η’</span> <span class='ocrx_word' id='word_1_110' title='bbox 475 1200 530 1230; x_wconf 79' lang='grc' dir='ltr'>καί</span> <span class='ocrx_word' id='word_1_111' title='bbox 553 1211 613 1236; x_wconf 77' lang='grc' dir='ltr'><strong><em>τις.</em></strong></span> <span class='ocrx_word' id='word_1_112' title='bbox 635 1200 673 1231; x_wconf 88' lang='lat' dir='ltr'>C.</span> <span class='ocrx_word' id='word_1_113' title='bbox 691 1199 747 1231; x_wconf 84' lang='lat' dir='ltr'>Fr.</span> <span class='ocrx_word' id='word_1_114' title='bbox 768 1199 886 1230; x_wconf 82' lang='lat' dir='ltr'>Herm.</span> <span class='ocrx_word' id='word_1_115' title='bbox 913 1199 947 1230; x_wconf 91' lang='lat' dir='ltr'>iu</span> <span class='ocrx_word' id='word_1_116' title='bbox 965 1199 1018 1230; x_wconf 88' lang='lat' dir='ltr'>ed.</span> <span class='ocrx_word' id='word_1_117' title='bbox 1038 1198 1171 1229; x_wconf 87' lang='lat' dir='ltr'><strong>Teubu.</strong></span> <span class='ocrx_word' id='word_1_118' title='bbox 1196 1198 1238 1229; x_wconf 84' lang='lat' dir='ltr'>de</span> <span class='ocrx_word' id='word_1_119' title='bbox 1261 1208 1325 1230; x_wconf 77' lang='lat' dir='ltr'>suo</span> <span class='ocrx_word' id='word_1_120' title='bbox 1346 1199 1455 1230; x_wconf 84' lang='lat' dir='ltr'>dedit.</span> <span class='ocrx_word' id='word_1_121' title='bbox 1477 1200 1506 1230; x_wconf 75' lang='grc' dir='ltr'>εἴ</span> <span class='ocrx_word' id='word_1_122' title='bbox 1527 1209 1575 1241; x_wconf 77' lang='grc' dir='ltr'>τῳ</span> 
     </span>
     <span class='ocr_line' id='line_1_19' title="bbox 242 1240 1573 1288; baseline -0.002 -11"><span class='ocrx_word' id='word_1_123' title='bbox 242 1246 334 1277; x_wconf 79' lang='grc' dir='ltr'><em>δοκεῖ</em></span> <span class='ocrx_word' id='word_1_124' title='bbox 358 1243 421 1285; x_wconf 71' lang='grc' dir='ltr'><strong><em>η”ιδι</em></strong></span> <span class='ocrx_word' id='word_1_125' title='bbox 449 1244 469 1285; x_wconf 83' lang='grc' dir='ltr'><em>ἤ</em></span> <span class='ocrx_word' id='word_1_126' title='bbox 494 1255 544 1279; x_wconf 83' lang='grc' dir='ltr'>τις</span> <span class='ocrx_word' id='word_1_127' title='bbox 566 1245 677 1288; x_wconf 69' lang='grc' dir='ltr'><em>χαίρει</em></span> <span class='ocrx_word' id='word_1_128' title='bbox 701 1256 764 1285; x_wconf 82' lang='grc' dir='ltr'>τῳ,</span> <span class='ocrx_word' id='word_1_129' title='bbox 801 1244 893 1275; x_wconf 87' lang='lat' dir='ltr'>iusto</span> <span class='ocrx_word' id='word_1_130' title='bbox 919 1243 1098 1275; x_wconf 84' lang='lat' dir='ltr'>audacius.</span> <span class='ocrx_word' id='word_1_131' title='bbox 1125 1242 1287 1275; x_wconf 80' lang='lat' dir='ltr'><strong>Dedimus</strong></span> <span class='ocrx_word' id='word_1_132' title='bbox 1312 1240 1334 1283; x_wconf 72' lang='grc' dir='ltr'><em>ἦ</em></span> <span class='ocrx_word' id='word_1_133' title='bbox 1366 1244 1396 1274; x_wconf 74' lang='grc' dir='ltr'>εἴ</span> <span class='ocrx_word' id='word_1_134' title='bbox 1417 1255 1468 1278; x_wconf 76' lang='grc' dir='ltr'>τις</span> <span class='ocrx_word' id='word_1_135' title='bbox 1499 1253 1573 1275; x_wconf 88' lang='lat' dir='ltr'>cum</span> 
     </span>
     <span class='ocr_line' id='line_1_20' title="bbox 245 1285 1574 1330; baseline -0.002 -8"><span class='ocrx_word' id='word_1_136' title='bbox 245 1290 353 1322; x_wconf 85' lang='lat' dir='ltr'>Astio.</span> <span class='ocrx_word' id='word_1_137' title='bbox 402 1289 485 1323; x_wconf 79' lang='lat' dir='ltr'>Nam</span> <span class='ocrx_word' id='word_1_138' title='bbox 513 1299 619 1330; x_wconf 78' lang='lat' dir='ltr'>marg.</span> <span class='ocrx_word' id='word_1_139' title='bbox 650 1290 743 1321; x_wconf 86' lang='lat' dir='ltr'>Voss</span> <span class='ocrx_word' id='word_1_140' title='bbox 779 1289 842 1330; x_wconf 86' lang='lat' dir='ltr'>(x)</span> <span class='ocrx_word' id='word_1_141' title='bbox 870 1285 891 1328; x_wconf 67' lang='grc' dir='ltr'><strong><em>ἧ</em></strong></span> <span class='ocrx_word' id='word_1_142' title='bbox 915 1289 946 1319; x_wconf 76' lang='grc' dir='ltr'>εἴ</span> <span class='ocrx_word' id='word_1_143' title='bbox 967 1299 1018 1323; x_wconf 79' lang='grc' dir='ltr'>τις</span> <span class='ocrx_word' id='word_1_144' title='bbox 1045 1287 1086 1318; x_wconf 86' lang='grc' dir='ltr'>τό</span> <span class='ocrx_word' id='word_1_145' title='bbox 1116 1298 1150 1328; x_wconf 81' lang='grc' dir='ltr'>γε</span> <span class='ocrx_word' id='word_1_146' title='bbox 1176 1289 1248 1318; x_wconf 81' lang='grc' dir='ltr'>ἴοον</span> <span class='ocrx_word' id='word_1_147' title='bbox 1271 1288 1353 1319; x_wconf 63' lang='lat' dir='ltr'>door.</span> <span class='ocrx_word' id='word_1_148' title='bbox 1381 1289 1464 1320; x_wconf 79' lang='lat' dir='ltr'>Dein</span> <span class='ocrx_word' id='word_1_149' title='bbox 1489 1290 1574 1320; x_wconf 84' lang='lat' dir='ltr'>aite-</span> 
     </span>
    </p>
   </div>
   <div class='ocr_carea' id='block_1_4' title="bbox 243 1315 1575 1420">
    <p class='ocr_par' dir='ltr' id='par_1_10' title="bbox 243 1315 1575 1420">
     <span class='ocr_line' id='line_1_21' title="bbox 243 1315 1574 1374; baseline -0.002 -8"><span class='ocrx_word' id='word_1_150' title='bbox 243 1345 319 1367; x_wconf 89' lang='lat' dir='ltr'>rum</span> <span class='ocrx_word' id='word_1_151' title='bbox 342 1335 415 1366; x_wconf 84' lang='grc' dir='ltr'><strong><em>ἰ’σον</em></strong></span> <span class='ocrx_word' id='word_1_152' title='bbox 438 1334 561 1366; x_wconf 86' lang='lat' dir='ltr'>abiecit</span> <span class='ocrx_word' id='word_1_153' title='bbox 587 1315 750 1373; x_wconf 55' lang='lat' dir='ltr'>eBekker,</span> <span class='ocrx_word' id='word_1_154' title='bbox 775 1334 829 1374; x_wconf 92' lang='lat' dir='ltr'>qui</span> <span class='ocrx_word' id='word_1_155' title='bbox 858 1338 969 1365; x_wconf 82' lang='lat' dir='ltr'>narrat</span> <span class='ocrx_word' id='word_1_156' title='bbox 1001 1332 1210 1373; x_wconf 78' lang='lat' dir='ltr'>duplicatum</span> <span class='ocrx_word' id='word_1_157' title='bbox 1245 1333 1405 1365; x_wconf 81' lang='lat' dir='ltr'>exhibere</span> <span class='ocrx_word' id='word_1_158' title='bbox 1430 1343 1514 1364; x_wconf 75' lang='lat' dir='ltr'>unos</span> <span class='ocrx_word' id='word_1_159' title='bbox 1544 1343 1574 1365; x_wconf 89' lang='lat' dir='ltr'>v.</span> 
     </span>
     <span class='ocr_line' id='line_1_22' title="bbox 244 1377 1575 1420; baseline -0.001 -9"><span class='ocrx_word' id='word_1_160' title='bbox 244 1379 349 1413; x_wconf 82' lang='lat' dir='ltr'>f.h.r.</span> <span class='ocrx_word' id='word_1_161' title='bbox 380 1379 450 1412; x_wconf 86' lang='lat' dir='ltr'>Sed</span> <span class='ocrx_word' id='word_1_162' title='bbox 467 1379 537 1411; x_wconf 79' lang='lat' dir='ltr'>sani</span> <span class='ocrx_word' id='word_1_163' title='bbox 563 1379 700 1411; x_wconf 83' lang='lat' dir='ltr'>videtur</span> <span class='ocrx_word' id='word_1_164' title='bbox 724 1380 774 1410; x_wconf 78' lang='lat' dir='ltr'>vir</span> <span class='ocrx_word' id='word_1_165' title='bbox 799 1379 885 1410; x_wconf 81' lang='lat' dir='ltr'>alias</span> <span class='ocrx_word' id='word_1_166' title='bbox 908 1378 1233 1420; x_wconf 78' lang='lat' dir='ltr'>perspicacissimus.</span> <span class='ocrx_word' id='word_1_167' title='bbox 1258 1377 1340 1410; x_wconf 79' lang='lat' dir='ltr'>Nam</span> <span class='ocrx_word' id='word_1_168' title='bbox 1357 1382 1445 1410; x_wconf 85' lang='lat' dir='ltr'>teste</span> <span class='ocrx_word' id='word_1_169' title='bbox 1456 1378 1575 1410; x_wconf 77' lang='lat' dir='ltr'>Bastia</span> 
     </span>
    </p>
   </div>
   <div class='ocr_carea' id='block_1_5' title="bbox 290 1454 1575 1497">
    <p class='ocr_par' dir='ltr' id='par_1_11' title="bbox 290 1454 1575 1497">
     <span class='ocr_line' id='line_1_23' title="bbox 290 1454 1575 1497; baseline 0.001 -10"><span class='ocrx_word' id='word_1_170' title='bbox 290 1459 325 1488; x_wconf 80' lang='grc' dir='ltr'>Ρ.</span> <span class='ocrx_word' id='word_1_171' title='bbox 352 1456 429 1491; x_wconf 89' lang='grc'>668.</span> <span class='ocrx_word' id='word_1_172' title='bbox 467 1456 538 1488; x_wconf 82' lang='grc' dir='ltr'>καὶ</span> <span class='ocrx_word' id='word_1_173' title='bbox 568 1454 615 1495; x_wconf 76' lang='grc' dir='ltr'>δὴ</span> <span class='ocrx_word' id='word_1_174' title='bbox 643 1455 711 1486; x_wconf 78' lang='grc' dir='ltr'>καὶ</span> <span class='ocrx_word' id='word_1_175' title='bbox 736 1459 875 1487; x_wconf 81' lang='grc' dir='ltr'><em>πᾶσαν</em></span> <span class='ocrx_word' id='word_1_176' title='bbox 941 1459 1071 1488; x_wconf 83' lang='lat' dir='ltr'>temere</span> <span class='ocrx_word' id='word_1_177' title='bbox 1121 1455 1247 1488; x_wconf 80' lang='lat' dir='ltr'>vitiata.</span> <span class='ocrx_word' id='word_1_178' title='bbox 1300 1455 1385 1488; x_wconf 79' lang='lat' dir='ltr'>Nam</span> <span class='ocrx_word' id='word_1_179' title='bbox 1430 1455 1575 1497; x_wconf 85' lang='lat' dir='ltr'>primum</span> 
     </span>
    </p>
   </div>
   <div class='ocr_carea' id='block_1_6' title="bbox 234 1500 876 2652">
    <p class='ocr_par' dir='ltr' id='par_1_12' title="bbox 234 1500 876 2652">
     <span class='ocr_line' id='line_1_24' title="bbox 242 1500 874 1543; baseline 0 -10"><span class='ocrx_word' id='word_1_180' title='bbox 242 1500 476 1543; x_wconf 77' lang='grc' dir='ltr'><em>ἶσότητα-</em></span> <span class='ocrx_word' id='word_1_181' title='bbox 496 1500 543 1532; x_wconf 79' lang='grc' dir='ltr'>ου’</span> <span class='ocrx_word' id='word_1_182' title='bbox 570 1501 648 1542; x_wconf 79' lang='grc' dir='ltr'>γὰρ</span> <span class='ocrx_word' id='word_1_183' title='bbox 675 1501 741 1543; x_wconf 78' lang='lat' dir='ltr'>—J</span> <span class='ocrx_word' id='word_1_184' title='bbox 776 1501 874 1533; x_wconf 75' lang='lat' dir='ltr'>Haec</span> 
     </span>
     <span class='ocr_line' id='line_1_25' title="bbox 243 1544 874 1588; baseline 0 -10"><span class='ocrx_word' id='word_1_185' title='bbox 243 1556 332 1578; x_wconf 90' lang='lat' dir='ltr'>nunc</span> <span class='ocrx_word' id='word_1_186' title='bbox 359 1547 502 1588; x_wconf 87' lang='lat' dir='ltr'>primum</span> <span class='ocrx_word' id='word_1_187' title='bbox 529 1550 622 1578; x_wconf 87' lang='lat' dir='ltr'>recte</span> <span class='ocrx_word' id='word_1_188' title='bbox 640 1544 797 1577; x_wconf 79' lang='lat' dir='ltr'>distincta</span> <span class='ocrx_word' id='word_1_189' title='bbox 814 1546 874 1578; x_wconf 86' lang='lat' dir='ltr'>de-</span> 
     </span>
     <span class='ocr_line' id='line_1_26' title="bbox 243 1590 875 1631; baseline -0.002 -9"><span class='ocrx_word' id='word_1_190' title='bbox 243 1591 366 1623; x_wconf 80' lang='lat' dir='ltr'>dimus.</span> <span class='ocrx_word' id='word_1_191' title='bbox 416 1591 503 1623; x_wconf 81' lang='lat' dir='ltr'>Nam</span> <span class='ocrx_word' id='word_1_192' title='bbox 530 1590 626 1622; x_wconf 82' lang='lat' dir='ltr'><strong>editt.</strong></span> <span class='ocrx_word' id='word_1_193' title='bbox 651 1600 770 1622; x_wconf 69' lang='lat' dir='ltr'>omnes</span> <span class='ocrx_word' id='word_1_194' title='bbox 796 1593 875 1631; x_wconf 84' lang='lat' dir='ltr'>post</span> 
     </span>
     <span class='ocr_line' id='line_1_27' title="bbox 242 1634 873 1676; baseline 0 -10"><span class='ocrx_word' id='word_1_195' title='bbox 242 1634 387 1676; x_wconf 78' lang='grc' dir='ltr'>ἰσότητα</span> <span class='ocrx_word' id='word_1_196' title='bbox 423 1635 546 1667; x_wconf 83' lang='lat' dir='ltr'>habent</span> <span class='ocrx_word' id='word_1_197' title='bbox 580 1638 696 1667; x_wconf 82' lang='lat' dir='ltr'>notam</span> <span class='ocrx_word' id='word_1_198' title='bbox 727 1635 873 1674; x_wconf 73' lang='lat' dir='ltr'>interro—</span> 
     </span>
     <span class='ocr_line' id='line_1_28' title="bbox 241 1678 874 1721; baseline -0.003 -10"><span class='ocrx_word' id='word_1_199' title='bbox 241 1680 408 1721; x_wconf 75' lang='lat' dir='ltr'>gationis,</span> <span class='ocrx_word' id='word_1_200' title='bbox 445 1684 524 1720; x_wconf 85' lang='lat' dir='ltr'>post</span> <span class='ocrx_word' id='word_1_201' title='bbox 556 1678 754 1721; x_wconf 73' lang='grc' dir='ltr'><em>σύμμετρον</em></span> <span class='ocrx_word' id='word_1_202' title='bbox 783 1678 874 1714; x_wconf 78' lang='grc' dir='ltr'><em>ὅλως</em></span> 
     </span>
     <span class='ocr_line' id='line_1_29' title="bbox 241 1724 873 1764; baseline -0.003 -8"><span class='ocrx_word' id='word_1_203' title='bbox 241 1729 356 1756; x_wconf 78' lang='lat' dir='ltr'>autem</span> <span class='ocrx_word' id='word_1_204' title='bbox 382 1725 493 1756; x_wconf 79' lang='lat' dir='ltr'>lenius</span> <span class='ocrx_word' id='word_1_205' title='bbox 517 1724 767 1764; x_wconf 85' lang='lat' dir='ltr'>interpuugunt.</span> <span class='ocrx_word' id='word_1_206' title='bbox 794 1724 873 1758; x_wconf 83' lang='lat' dir='ltr'>Quo</span> 
     </span>
     <span class='ocr_line' id='line_1_30' title="bbox 241 1769 873 1810; baseline -0.002 -10"><span class='ocrx_word' id='word_1_207' title='bbox 241 1770 444 1810; x_wconf 83' lang='lat' dir='ltr'>pervertitur</span> <span class='ocrx_word' id='word_1_208' title='bbox 476 1769 575 1810; x_wconf 87' lang='lat' dir='ltr'>plane</span> <span class='ocrx_word' id='word_1_209' title='bbox 600 1769 664 1800; x_wconf 82' lang='lat' dir='ltr'>loci</span> <span class='ocrx_word' id='word_1_210' title='bbox 689 1770 873 1801; x_wconf 73' lang='lat' dir='ltr'>sententia.</span> 
     </span>
     <span class='ocr_line' id='line_1_31' title="bbox 241 1809 875 1854; baseline -0.003 -9"><span class='ocrx_word' id='word_1_211' title='bbox 241 1813 374 1846; x_wconf 84' lang='lat' dir='ltr'>Etenim</span> <span class='ocrx_word' id='word_1_212' title='bbox 401 1819 577 1854; x_wconf 79' lang='lat' dir='ltr'>postrema</span> <span class='ocrx_word' id='word_1_213' title='bbox 601 1812 682 1844; x_wconf 74' lang='lat' dir='ltr'>iata:</span> <span class='ocrx_word' id='word_1_214' title='bbox 715 1809 796 1843; x_wconf 78' lang='grc' dir='ltr'><strong><em>α’λλὰ</em></strong></span> <span class='ocrx_word' id='word_1_215' title='bbox 829 1815 875 1854; x_wconf 77' lang='grc' dir='ltr'>τῷ</span> 
     </span>
     <span class='ocr_line' id='line_1_32' title="bbox 240 1854 874 1898; baseline 0 -10"><span class='ocrx_word' id='word_1_216' title='bbox 240 1854 521 1898; x_wconf 66' lang='grc' dir='ltr'><strong><em>ἀληθεῖ-ἄλλῳ,</em></strong></span> <span class='ocrx_word' id='word_1_217' title='bbox 547 1856 730 1889; x_wconf 86' lang='lat' dir='ltr'>cohaerent</span> <span class='ocrx_word' id='word_1_218' title='bbox 754 1858 874 1889; x_wconf 81' lang='lat' dir='ltr'>arctis-</span> 
     </span>
     <span class='ocr_line' id='line_1_33' title="bbox 241 1896 875 1954; baseline -0.003 -20"><span class='ocrx_word' id='word_1_219' title='bbox 241 1902 327 1935; x_wconf 78' lang='lat' dir='ltr'>sime</span> <span class='ocrx_word' id='word_1_220' title='bbox 373 1911 450 1934; x_wconf 87' lang='lat' dir='ltr'>cum</span> <span class='ocrx_word' id='word_1_221' title='bbox 495 1902 750 1954; x_wconf 69' lang='lat' dir='ltr'>superioribus:</span> <span class='ocrx_word' id='word_1_222' title='bbox 791 1896 875 1944; x_wconf 53' lang='lat' dir='ltr'>‘Ae&#39;</span> 
     </span>
     <span class='ocr_line' id='line_1_34' title="bbox 241 1945 876 1989; baseline -0.002 -11"><span class='ocrx_word' id='word_1_223' title='bbox 241 1958 304 1978; x_wconf 64' lang='grc'>009</span> <span class='ocrx_word' id='word_1_224' title='bbox 331 1945 371 1978; x_wconf 82' lang='lat'>011</span> <span class='ocrx_word' id='word_1_225' title='bbox 405 1950 529 1989; x_wconf 72' lang='grc' dir='ltr'><em>φαῖμεν</em></span> <span class='ocrx_word' id='word_1_226' title='bbox 562 1958 603 1977; x_wconf 63' lang='grc' dir='ltr'>αν</span> <span class='ocrx_word' id='word_1_227' title='bbox 628 1965 669 1970; x_wconf 84' lang='lat'><strong>—</strong></span> <span class='ocrx_word' id='word_1_228' title='bbox 694 1957 876 1988; x_wconf 69' lang='grc' dir='ltr'><strong>προςηκδίν</strong></span> 
     </span>
     <span class='ocr_line' id='line_1_35' title="bbox 241 1991 874 2035; baseline 0.003 -14"><span class='ocrx_word' id='word_1_229' title='bbox 241 1991 435 2035; x_wconf 70' lang='grc' dir='ltr'><strong><em>κρίνεσθαι,</em></strong></span> <span class='ocrx_word' id='word_1_230' title='bbox 462 1996 500 2024; x_wconf 90' lang='lat' dir='ltr'>ut</span> <span class='ocrx_word' id='word_1_231' title='bbox 525 1991 606 2023; x_wconf 82' lang='lat' dir='ltr'>haec</span> <span class='ocrx_word' id='word_1_232' title='bbox 621 1992 683 2023; x_wconf 79' lang='lat' dir='ltr'>sit</span> <span class='ocrx_word' id='word_1_233' title='bbox 692 1992 874 2023; x_wconf 82' lang='lat' dir='ltr'>verborum</span> 
     </span>
     <span class='ocr_line' id='line_1_36' title="bbox 243 2037 875 2078; baseline 0 -10"><span class='ocrx_word' id='word_1_234' title='bbox 243 2037 427 2068; x_wconf 76' lang='lat' dir='ltr'>sententia.</span> <span class='ocrx_word' id='word_1_235' title='bbox 470 2046 609 2068; x_wconf 85' lang='lat' dir='ltr'>nonne</span> <span class='ocrx_word' id='word_1_236' title='bbox 645 2037 790 2078; x_wconf 86' lang='lat' dir='ltr'>igitur</span> <span class='ocrx_word' id='word_1_237' title='bbox 834 2046 875 2068; x_wconf 93' lang='lat' dir='ltr'>o—</span> 
     </span>
     <span class='ocr_line' id='line_1_37' title="bbox 242 2081 870 2114; baseline -0.002 -1"><span class='ocrx_word' id='word_1_238' title='bbox 242 2090 373 2113; x_wconf 89' lang='lat' dir='ltr'>mnem</span> <span class='ocrx_word' id='word_1_239' title='bbox 406 2081 689 2113; x_wconf 84' lang='lat' dir='ltr'>imitationem</span> <span class='ocrx_word' id='word_1_240' title='bbox 729 2091 870 2114; x_wconf 78' lang='lat' dir='ltr'><strong>cense-</strong></span> 
     </span>
     <span class='ocr_line' id='line_1_38' title="bbox 241 2126 872 2167; baseline 0.002 -10"><span class='ocrx_word' id='word_1_241' title='bbox 241 2126 378 2157; x_wconf 75' lang='lat' dir='ltr'>bimus</span> <span class='ocrx_word' id='word_1_242' title='bbox 404 2126 635 2157; x_wconf 74' lang='lat' dir='ltr'>secundum</span> <span class='ocrx_word' id='word_1_243' title='bbox 668 2136 735 2166; x_wconf 83' lang='lat' dir='ltr'>ea,</span> <span class='ocrx_word' id='word_1_244' title='bbox 767 2136 872 2167; x_wconf 87' lang='lat' dir='ltr'>quae</span> 
     </span>
     <span class='ocr_line' id='line_1_39' title="bbox 241 2169 871 2211; baseline 0.003 -10"><span class='ocrx_word' id='word_1_245' title='bbox 241 2170 359 2202; x_wconf 82' lang='lat' dir='ltr'>dicta</span> <span class='ocrx_word' id='word_1_246' title='bbox 392 2175 509 2210; x_wconf 85' lang='lat' dir='ltr'>sunt,</span> <span class='ocrx_word' id='word_1_247' title='bbox 546 2169 871 2211; x_wconf 82' lang='lat' dir='ltr'><strong>haudquaquam</strong></span> 
     </span>
     <span class='ocr_line' id='line_1_40' title="bbox 241 2215 872 2256; baseline 0.002 -10"><span class='ocrx_word' id='word_1_248' title='bbox 241 2224 290 2246; x_wconf 87' lang='lat' dir='ltr'>ex</span> <span class='ocrx_word' id='word_1_249' title='bbox 313 2215 542 2256; x_wconf 82' lang='lat' dir='ltr'>voluptate</span> <span class='ocrx_word' id='word_1_250' title='bbox 573 2219 644 2246; x_wconf 83' lang='lat' dir='ltr'>aut</span> <span class='ocrx_word' id='word_1_251' title='bbox 668 2216 872 2256; x_wconf 85' lang='lat' dir='ltr'>opinione</span> 
     </span>
     <span class='ocr_line' id='line_1_41' title="bbox 240 2259 871 2302; baseline 0.006 -13"><span class='ocrx_word' id='word_1_252' title='bbox 240 2267 321 2290; x_wconf 89' lang='lat' dir='ltr'>nou</span> <span class='ocrx_word' id='word_1_253' title='bbox 369 2269 467 2292; x_wconf 85' lang='lat' dir='ltr'>vera</span> <span class='ocrx_word' id='word_1_254' title='bbox 514 2259 703 2292; x_wconf 87' lang='lat' dir='ltr'>iudicari</span> <span class='ocrx_word' id='word_1_255' title='bbox 746 2270 871 2302; x_wconf 87' lang='lat' dir='ltr'>opor-</span> 
     </span>
     <span class='ocr_line' id='line_1_42' title="bbox 237 2304 870 2342; baseline 0.006 -8"><span class='ocrx_word' id='word_1_256' title='bbox 237 2307 348 2342; x_wconf 83' lang='lat' dir='ltr'><strong>tere,</strong></span> <span class='ocrx_word' id='word_1_257' title='bbox 381 2305 455 2336; x_wconf 69' lang='lat' dir='ltr'>sect</span> <span class='ocrx_word' id='word_1_258' title='bbox 482 2304 663 2336; x_wconf 88' lang='lat' dir='ltr'>omnium</span> <span class='ocrx_word' id='word_1_259' title='bbox 690 2306 870 2338; x_wconf 82' lang='lat' dir='ltr'>maxime</span> 
     </span>
     <span class='ocr_line' id='line_1_43' title="bbox 238 2349 869 2382; baseline 0.005 -3"><span class='ocrx_word' id='word_1_260' title='bbox 238 2357 286 2379; x_wconf 84' lang='lat' dir='ltr'>ex</span> <span class='ocrx_word' id='word_1_261' title='bbox 323 2357 423 2380; x_wconf 86' lang='lat' dir='ltr'>vero</span> <span class='ocrx_word' id='word_1_262' title='bbox 457 2359 528 2381; x_wconf 88' lang='lat' dir='ltr'>uec</span> <span class='ocrx_word' id='word_1_263' title='bbox 564 2349 654 2380; x_wconf 76' lang='lat' dir='ltr'>ulia</span> <span class='ocrx_word' id='word_1_264' title='bbox 683 2351 765 2382; x_wconf 78' lang='lat' dir='ltr'>alia</span> <span class='ocrx_word' id='word_1_265' title='bbox 800 2350 869 2382; x_wconf 68' lang='lat' dir='ltr'>re?</span> 
     </span>
     <span class='ocr_line' id='line_1_44' title="bbox 237 2391 869 2432; baseline 0.008 -9"><span class='ocrx_word' id='word_1_266' title='bbox 237 2395 349 2432; x_wconf 84' lang='lat' dir='ltr'><strong>Atque</strong></span> <span class='ocrx_word' id='word_1_267' title='bbox 387 2391 470 2424; x_wconf 79' lang='lat' dir='ltr'>haec</span> <span class='ocrx_word' id='word_1_268' title='bbox 495 2394 521 2424; x_wconf 83' lang='lat' dir='ltr'>si</span> <span class='ocrx_word' id='word_1_269' title='bbox 562 2399 654 2425; x_wconf 87' lang='lat' dir='ltr'>recte</span> <span class='ocrx_word' id='word_1_270' title='bbox 690 2399 770 2426; x_wconf 77' lang='lat' dir='ltr'>sunt</span> <span class='ocrx_word' id='word_1_271' title='bbox 811 2405 869 2428; x_wconf 86' lang='lat' dir='ltr'>ex—</span> 
     </span>
     <span class='ocr_line' id='line_1_45' title="bbox 235 2436 870 2481; baseline 0.009 -15"><span class='ocrx_word' id='word_1_272' title='bbox 235 2436 379 2477; x_wconf 77' lang='lat' dir='ltr'>plicam,</span> <span class='ocrx_word' id='word_1_273' title='bbox 412 2442 573 2478; x_wconf 71' lang='lat' dir='ltr'>protenus</span> <span class='ocrx_word' id='word_1_274' title='bbox 603 2439 702 2471; x_wconf 80' lang='lat' dir='ltr'>etiam</span> <span class='ocrx_word' id='word_1_275' title='bbox 721 2450 870 2481; x_wconf 71' lang='lat' dir='ltr'>appare-</span> 
     </span>
     <span class='ocr_line' id='line_1_46' title="bbox 239 2481 869 2521; baseline 0.008 -9"><span class='ocrx_word' id='word_1_276' title='bbox 239 2481 302 2520; x_wconf 71' lang='lat' dir='ltr'>bit,</span> <span class='ocrx_word' id='word_1_277' title='bbox 323 2481 405 2521; x_wconf 92' lang='lat' dir='ltr'>quid</span> <span class='ocrx_word' id='word_1_278' title='bbox 432 2481 474 2514; x_wconf 88' lang='lat' dir='ltr'>de</span> <span class='ocrx_word' id='word_1_279' title='bbox 505 2482 546 2513; x_wconf 76' lang='lat' dir='ltr'>iis</span> <span class='ocrx_word' id='word_1_280' title='bbox 578 2483 690 2514; x_wconf 83' lang='lat' dir='ltr'>verbis</span> <span class='ocrx_word' id='word_1_281' title='bbox 719 2487 869 2517; x_wconf 83' lang='lat' dir='ltr'>sentien-</span> 
     </span>
     <span class='ocr_line' id='line_1_47' title="bbox 236 2524 868 2568; baseline 0.006 -10"><span class='ocrx_word' id='word_1_282' title='bbox 236 2524 315 2558; x_wconf 85' lang='lat' dir='ltr'>dum</span> <span class='ocrx_word' id='word_1_283' title='bbox 332 2527 389 2565; x_wconf 81' lang='lat' dir='ltr'>sit,</span> <span class='ocrx_word' id='word_1_284' title='bbox 406 2536 493 2568; x_wconf 76' lang='lat' dir='ltr'><strong>quae</strong></span> <span class='ocrx_word' id='word_1_285' title='bbox 507 2526 771 2568; x_wconf 77' lang='lat' dir='ltr'>interpositionis</span> <span class='ocrx_word' id='word_1_286' title='bbox 789 2534 868 2562; x_wconf 85' lang='lat' dir='ltr'>nota</span> 
     </span>
     <span class='ocr_line' id='line_1_48' title="bbox 234 2571 866 2611; baseline 0.006 -9"><span class='ocrx_word' id='word_1_287' title='bbox 234 2579 255 2602; x_wconf 82' lang='lat' dir='ltr'>a</span> <span class='ocrx_word' id='word_1_288' title='bbox 286 2571 416 2611; x_wconf 73' lang='lat' dir='ltr'>reliqua</span> <span class='ocrx_word' id='word_1_289' title='bbox 451 2572 606 2604; x_wconf 85' lang='lat' dir='ltr'>oratione</span> <span class='ocrx_word' id='word_1_290' title='bbox 647 2572 866 2607; x_wconf 78' lang='lat' dir='ltr'>seiunximus.</span> 
     </span>
     <span class='ocr_line' id='line_1_49' title="bbox 234 2614 868 2652; baseline 0.009 -6"><span class='ocrx_word' id='word_1_291' title='bbox 234 2614 322 2646; x_wconf 87' lang='lat' dir='ltr'>Sunt</span> <span class='ocrx_word' id='word_1_292' title='bbox 347 2615 433 2647; x_wconf 90' lang='lat' dir='ltr'>euim</span> <span class='ocrx_word' id='word_1_293' title='bbox 467 2616 522 2648; x_wconf 84' lang='lat' dir='ltr'>iiia</span> <span class='ocrx_word' id='word_1_294' title='bbox 552 2626 616 2648; x_wconf 87' lang='lat' dir='ltr'>non</span> <span class='ocrx_word' id='word_1_295' title='bbox 643 2625 708 2648; x_wconf 91' lang='lat' dir='ltr'>uno</span> <span class='ocrx_word' id='word_1_296' title='bbox 733 2620 868 2652; x_wconf 89' lang='lat' dir='ltr'>nomine</span> 
     </span>
    </p>
   </div>
   <div class='ocr_carea' id='block_1_7' title="bbox 933 1500 1600 2660">
    <p class='ocr_par' dir='ltr' id='par_1_13' title="bbox 933 1500 1600 2660">
     <span class='ocr_line' id='line_1_50' title="bbox 941 1500 1574 1541; baseline 0.002 -10"><span class='ocrx_word' id='word_1_297' title='bbox 941 1501 1077 1541; x_wconf 87' lang='lat' dir='ltr'>quidem</span> <span class='ocrx_word' id='word_1_298' title='bbox 1103 1501 1201 1533; x_wconf 83' lang='lat' dir='ltr'>codd.</span> <span class='ocrx_word' id='word_1_299' title='bbox 1235 1500 1365 1541; x_wconf 84' lang='lat' dir='ltr'>aliquot</span> <span class='ocrx_word' id='word_1_300' title='bbox 1389 1510 1463 1532; x_wconf 86' lang='lat' dir='ltr'>cum</span> <span class='ocrx_word' id='word_1_301' title='bbox 1490 1500 1574 1532; x_wconf 80' lang='lat' dir='ltr'>edit.</span> 
     </span>
     <span class='ocr_line' id='line_1_51' title="bbox 941 1545 1574 1586; baseline 0.002 -10"><span class='ocrx_word' id='word_1_302' title='bbox 941 1545 1082 1586; x_wconf 84' lang='lat' dir='ltr'>Bipont.</span> <span class='ocrx_word' id='word_1_303' title='bbox 1121 1547 1264 1577; x_wconf 88' lang='lat' dir='ltr'>alterum</span> <span class='ocrx_word' id='word_1_304' title='bbox 1298 1545 1369 1577; x_wconf 80' lang='grc' dir='ltr'><em>ἴσον</em></span> <span class='ocrx_word' id='word_1_305' title='bbox 1404 1546 1574 1585; x_wconf 88' lang='lat' dir='ltr'>omittunt,</span> 
     </span>
     <span class='ocr_line' id='line_1_52' title="bbox 940 1591 1574 1631; baseline 0 -9"><span class='ocrx_word' id='word_1_306' title='bbox 940 1599 1083 1631; x_wconf 90' lang='lat' dir='ltr'>quorum</span> <span class='ocrx_word' id='word_1_307' title='bbox 1109 1591 1347 1622; x_wconf 77' lang='lat' dir='ltr'>auctoritatem</span> <span class='ocrx_word' id='word_1_308' title='bbox 1382 1599 1488 1631; x_wconf 82' lang='lat' dir='ltr'><strong>nuper</strong></span> <span class='ocrx_word' id='word_1_309' title='bbox 1519 1600 1574 1622; x_wconf 80' lang='lat' dir='ltr'>se-</span> 
     </span>
     <span class='ocr_line' id='line_1_53' title="bbox 940 1635 1574 1675; baseline 0.002 -9"><span class='ocrx_word' id='word_1_310' title='bbox 940 1639 1064 1675; x_wconf 81' lang='lat' dir='ltr'>quntus</span> <span class='ocrx_word' id='word_1_311' title='bbox 1089 1635 1314 1667; x_wconf 76' lang='lat' dir='ltr'>Bekkerus</span> <span class='ocrx_word' id='word_1_312' title='bbox 1340 1639 1403 1666; x_wconf 84' lang='lat' dir='ltr'>est.</span> <span class='ocrx_word' id='word_1_313' title='bbox 1442 1635 1574 1667; x_wconf 84' lang='lat' dir='ltr'>Deinde</span> 
     </span>
     <span class='ocr_line' id='line_1_54' title="bbox 941 1676 1573 1721; baseline 0 -11"><span class='ocrx_word' id='word_1_314' title='bbox 941 1681 1041 1721; x_wconf 72' lang='lat' dir='ltr'>vulgo</span> <span class='ocrx_word' id='word_1_315' title='bbox 1067 1680 1280 1711; x_wconf 72' lang='lat' dir='ltr'>scribebatur</span> <span class='ocrx_word' id='word_1_316' title='bbox 1308 1676 1329 1720; x_wconf 82' lang='grc' dir='ltr'><strong><em>ἦ</em></strong></span> <span class='ocrx_word' id='word_1_317' title='bbox 1352 1677 1401 1720; x_wconf 86' lang='grc' dir='ltr'>μή</span> <span class='ocrx_word' id='word_1_318' title='bbox 1424 1690 1475 1714; x_wconf 74' lang='grc' dir='ltr'>τις</span> <span class='ocrx_word' id='word_1_319' title='bbox 1496 1681 1573 1719; x_wconf 86' lang='grc' dir='ltr'><em>χαί-</em></span> 
     </span>
     <span class='ocr_line' id='line_1_55' title="bbox 940 1724 1572 1766; baseline 0 -11"><span class='ocrx_word' id='word_1_320' title='bbox 940 1735 992 1766; x_wconf 81' lang='grc' dir='ltr'>ρει</span> <span class='ocrx_word' id='word_1_321' title='bbox 1021 1735 1081 1765; x_wconf 84' lang='grc' dir='ltr'>τῳ.</span> <span class='ocrx_word' id='word_1_322' title='bbox 1128 1724 1198 1756; x_wconf 84' lang='lat' dir='ltr'>Sed</span> <span class='ocrx_word' id='word_1_323' title='bbox 1232 1725 1402 1765; x_wconf 75' lang='lat' dir='ltr'>posteriue</span> <span class='ocrx_word' id='word_1_324' title='bbox 1436 1724 1572 1764; x_wconf 87' lang='lat' dir='ltr'>quidem</span> 
     </span>
     <span class='ocr_line' id='line_1_56' title="bbox 941 1769 1573 1809; baseline 0 -9"><span class='ocrx_word' id='word_1_325' title='bbox 941 1778 1043 1809; x_wconf 86' lang='lat' dir='ltr'>quam</span> <span class='ocrx_word' id='word_1_326' title='bbox 1081 1769 1232 1809; x_wconf 80' lang='lat' dir='ltr'>ineptum</span> <span class='ocrx_word' id='word_1_327' title='bbox 1267 1770 1327 1808; x_wconf 77' lang='lat' dir='ltr'>sit,</span> <span class='ocrx_word' id='word_1_328' title='bbox 1362 1769 1412 1802; x_wconf 83' lang='lat' dir='ltr'>vei</span> <span class='ocrx_word' id='word_1_329' title='bbox 1452 1778 1573 1809; x_wconf 87' lang='lat' dir='ltr'>coeco,</span> 
     </span>
     <span class='ocr_line' id='line_1_57' title="bbox 943 1813 1573 1855; baseline 0 -11"><span class='ocrx_word' id='word_1_330' title='bbox 943 1814 1074 1855; x_wconf 81' lang='lat' dir='ltr'>opinor,</span> <span class='ocrx_word' id='word_1_331' title='bbox 1100 1813 1240 1854; x_wconf 80' lang='lat' dir='ltr'>patebit.</span> <span class='ocrx_word' id='word_1_332' title='bbox 1274 1813 1361 1846; x_wconf 82' lang='lat' dir='ltr'>Nam</span> <span class='ocrx_word' id='word_1_333' title='bbox 1387 1814 1573 1854; x_wconf 75' lang='lat' dir='ltr'>aequalitas</span> 
     </span>
     <span class='ocr_line' id='line_1_58' title="bbox 943 1858 1574 1899; baseline 0.002 -10"><span class='ocrx_word' id='word_1_334' title='bbox 943 1863 976 1890; x_wconf 95' lang='lat' dir='ltr'>et</span> <span class='ocrx_word' id='word_1_335' title='bbox 1009 1858 1241 1890; x_wconf 67' lang='lat' dir='ltr'>convenientia</span> <span class='ocrx_word' id='word_1_336' title='bbox 1272 1859 1416 1899; x_wconf 84' lang='lat' dir='ltr'>partium</span> <span class='ocrx_word' id='word_1_337' title='bbox 1449 1858 1574 1891; x_wconf 88' lang='lat' dir='ltr'>dicitur</span> 
     </span>
     <span class='ocr_line' id='line_1_59' title="bbox 941 1903 1573 1944; baseline 0 -10"><span class='ocrx_word' id='word_1_338' title='bbox 941 1903 1139 1944; x_wconf 78' lang='lat' dir='ltr'>neutiquam</span> <span class='ocrx_word' id='word_1_339' title='bbox 1179 1912 1272 1935; x_wconf 87' lang='lat' dir='ltr'>mera</span> <span class='ocrx_word' id='word_1_340' title='bbox 1316 1904 1476 1944; x_wconf 86' lang='lat' dir='ltr'>opinione</span> <span class='ocrx_word' id='word_1_341' title='bbox 1514 1908 1573 1935; x_wconf 84' lang='lat' dir='ltr'>aut</span> 
     </span>
     <span class='ocr_line' id='line_1_60' title="bbox 939 1947 1572 1989; baseline 0.002 -10"><span class='ocrx_word' id='word_1_342' title='bbox 939 1949 1114 1989; x_wconf 81' lang='lat' dir='ltr'>voluptate</span> <span class='ocrx_word' id='word_1_343' title='bbox 1137 1948 1277 1979; x_wconf 83' lang='lat' dir='ltr'>iudicari</span> <span class='ocrx_word' id='word_1_344' title='bbox 1302 1958 1417 1989; x_wconf 72' lang='lat' dir='ltr'>posse.</span> <span class='ocrx_word' id='word_1_345' title='bbox 1450 1947 1572 1988; x_wconf 83' lang='lat' dir='ltr'>Itaque</span> 
     </span>
     <span class='ocr_line' id='line_1_61' title="bbox 937 1989 1572 2035; baseline 0.003 -12"><span class='ocrx_word' id='word_1_346' title='bbox 937 1989 982 2035; x_wconf 72' lang='grc' dir='ltr'>μὴ</span> <span class='ocrx_word' id='word_1_347' title='bbox 1013 1993 1171 2024; x_wconf 86' lang='lat' dir='ltr'>vitiosum</span> <span class='ocrx_word' id='word_1_348' title='bbox 1197 1991 1241 2023; x_wconf 71' lang='lat' dir='ltr'>ait</span> <span class='ocrx_word' id='word_1_349' title='bbox 1265 2002 1403 2034; x_wconf 73' lang='lat' dir='ltr'>prorsus</span> <span class='ocrx_word' id='word_1_350' title='bbox 1430 2002 1572 2025; x_wconf 83' lang='lat' dir='ltr'>necesse</span> 
     </span>
     <span class='ocr_line' id='line_1_62' title="bbox 940 2037 1570 2071; baseline 0.002 -3"><span class='ocrx_word' id='word_1_351' title='bbox 940 2042 1002 2069; x_wconf 78' lang='lat' dir='ltr'>est.</span> <span class='ocrx_word' id='word_1_352' title='bbox 1053 2037 1127 2069; x_wconf 89' lang='lat' dir='ltr'>Nec</span> <span class='ocrx_word' id='word_1_353' title='bbox 1152 2046 1190 2068; x_wconf 84' lang='lat' dir='ltr'>ea</span> <span class='ocrx_word' id='word_1_354' title='bbox 1216 2047 1271 2068; x_wconf 82' lang='lat' dir='ltr'>res</span> <span class='ocrx_word' id='word_1_355' title='bbox 1294 2038 1392 2068; x_wconf 87' lang='lat' dir='ltr'>latuit</span> <span class='ocrx_word' id='word_1_356' title='bbox 1422 2037 1570 2071; x_wconf 80' lang='lat' dir='ltr'>criticos.</span> 
     </span>
     <span class='ocr_line' id='line_1_63' title="bbox 938 2081 1569 2122; baseline 0 -8"><span class='ocrx_word' id='word_1_357' title='bbox 938 2081 1023 2114; x_wconf 86' lang='lat' dir='ltr'>Nam</span> <span class='ocrx_word' id='word_1_358' title='bbox 1084 2081 1374 2113; x_wconf 77' lang='lat' dir='ltr'>Cornarius</span> <span class='ocrx_word' id='word_1_359' title='bbox 1431 2081 1569 2122; x_wconf 86' lang='lat' dir='ltr'>quidem</span> 
     </span>
     <span class='ocr_line' id='line_1_64' title="bbox 936 2125 1570 2168; baseline 0.003 -11"><span class='ocrx_word' id='word_1_360' title='bbox 936 2125 982 2168; x_wconf 78' lang='grc' dir='ltr'>μὴ</span> <span class='ocrx_word' id='word_1_361' title='bbox 1008 2126 1157 2158; x_wconf 85' lang='lat' dir='ltr'>deletum</span> <span class='ocrx_word' id='word_1_362' title='bbox 1179 2126 1252 2165; x_wconf 82' lang='lat' dir='ltr'>ivit,</span> <span class='ocrx_word' id='word_1_363' title='bbox 1281 2131 1382 2167; x_wconf 81' lang='lat' dir='ltr'>atque</span> <span class='ocrx_word' id='word_1_364' title='bbox 1409 2126 1570 2159; x_wconf 85' lang='lat' dir='ltr'>Boeck-</span> 
     </span>
     <span class='ocr_line' id='line_1_65' title="bbox 939 2171 1569 2211; baseline 0.002 -8"><span class='ocrx_word' id='word_1_365' title='bbox 939 2171 1034 2203; x_wconf 78' lang='lat' dir='ltr'>hius</span> <span class='ocrx_word' id='word_1_366' title='bbox 1066 2180 1127 2211; x_wconf 89' lang='lat' dir='ltr'>pro</span> <span class='ocrx_word' id='word_1_367' title='bbox 1161 2180 1203 2202; x_wconf 83' lang='lat' dir='ltr'>eo</span> <span class='ocrx_word' id='word_1_368' title='bbox 1237 2172 1311 2208; x_wconf 81' lang='grc' dir='ltr'><strong><em>καί,</em></strong></span> <span class='ocrx_word' id='word_1_369' title='bbox 1354 2171 1569 2204; x_wconf 76' lang='lat' dir='ltr'>winckel—</span> 
     </span>
     <span class='ocr_line' id='line_1_66' title="bbox 938 2213 1568 2255; baseline 0.002 -8"><span class='ocrx_word' id='word_1_370' title='bbox 938 2225 1112 2248; x_wconf 85' lang='lat' dir='ltr'>mannus</span> <span class='ocrx_word' id='word_1_371' title='bbox 1139 2213 1200 2255; x_wconf 69' lang='grc' dir='ltr'>δή,</span> <span class='ocrx_word' id='word_1_372' title='bbox 1226 2215 1419 2248; x_wconf 72' lang='lat' dir='ltr'>ofellius</span> <span class='ocrx_word' id='word_1_373' title='bbox 1444 2214 1488 2255; x_wconf 77' lang='grc' dir='ltr'>πή</span> <span class='ocrx_word' id='word_1_374' title='bbox 1513 2226 1568 2248; x_wconf 89' lang='lat' dir='ltr'>re-</span> 
     </span>
     <span class='ocr_line' id='line_1_67' title="bbox 938 2261 1568 2292; baseline 0.002 -1"><span class='ocrx_word' id='word_1_375' title='bbox 938 2261 1126 2292; x_wconf 77' lang='lat' dir='ltr'>vocandum</span> <span class='ocrx_word' id='word_1_376' title='bbox 1176 2264 1390 2292; x_wconf 79' lang='lat' dir='ltr'>censuerunt.</span> <span class='ocrx_word' id='word_1_377' title='bbox 1439 2261 1568 2292; x_wconf 89' lang='lat' dir='ltr'>Verum</span> 
     </span>
     <span class='ocr_line' id='line_1_68' title="bbox 936 2304 1600 2346; baseline 0 -10"><span class='ocrx_word' id='word_1_378' title='bbox 936 2306 1021 2337; x_wconf 79' lang='lat' dir='ltr'>istae</span> <span class='ocrx_word' id='word_1_379' title='bbox 1054 2304 1189 2345; x_wconf 85' lang='lat' dir='ltr'>quidem</span> <span class='ocrx_word' id='word_1_380' title='bbox 1222 2307 1381 2344; x_wconf 69' lang='lat' dir='ltr'>voculae,</span> <span class='ocrx_word' id='word_1_381' title='bbox 1421 2315 1507 2346; x_wconf 80' lang='lat' dir='ltr'>quas</span> <span class='ocrx_word' id='word_1_382' title='bbox 1537 2306 1567 2337; x_wconf 87' lang='lat' dir='ltr'>in</span> <span class='ocrx_word' id='word_1_383' title='bbox 1596 2312 1600 2315; x_wconf 86' lang='lat'>·</span> 
     </span>
     <span class='ocr_line' id='line_1_69' title="bbox 936 2349 1567 2391; baseline 0.002 -10"><span class='ocrx_word' id='word_1_384' title='bbox 936 2350 1006 2382; x_wconf 84' lang='lat' dir='ltr'>eius</span> <span class='ocrx_word' id='word_1_385' title='bbox 1031 2351 1140 2381; x_wconf 86' lang='lat' dir='ltr'>iocum</span> <span class='ocrx_word' id='word_1_386' title='bbox 1164 2349 1270 2380; x_wconf 83' lang='lat' dir='ltr'>suffici</span> <span class='ocrx_word' id='word_1_387' title='bbox 1296 2351 1483 2389; x_wconf 71' lang='lat' dir='ltr'>voluerunt,</span> <span class='ocrx_word' id='word_1_388' title='bbox 1503 2359 1567 2391; x_wconf 86' lang='lat' dir='ltr'>ego</span> 
     </span>
     <span class='ocr_line' id='line_1_70' title="bbox 936 2394 1566 2435; baseline 0.002 -10"><span class='ocrx_word' id='word_1_389' title='bbox 936 2395 962 2425; x_wconf 80' lang='lat' dir='ltr'>si</span> <span class='ocrx_word' id='word_1_390' title='bbox 987 2394 1066 2434; x_wconf 89' lang='lat' dir='ltr'>quid</span> <span class='ocrx_word' id='word_1_391' title='bbox 1094 2394 1208 2434; x_wconf 88' lang='lat' dir='ltr'>video,</span> <span class='ocrx_word' id='word_1_392' title='bbox 1240 2394 1281 2425; x_wconf 85' lang='lat' dir='ltr'>ab</span> <span class='ocrx_word' id='word_1_393' title='bbox 1304 2395 1374 2435; x_wconf 83' lang='lat' dir='ltr'>ipsa</span> <span class='ocrx_word' id='word_1_394' title='bbox 1401 2394 1464 2426; x_wconf 84' lang='lat' dir='ltr'>ioci</span> <span class='ocrx_word' id='word_1_395' title='bbox 1489 2404 1566 2426; x_wconf 77' lang='lat' dir='ltr'><strong>seu-</strong></span> 
     </span>
     <span class='ocr_line' id='line_1_71' title="bbox 937 2438 1563 2479; baseline 0 -8"><span class='ocrx_word' id='word_1_396' title='bbox 937 2439 1043 2471; x_wconf 84' lang='lat' dir='ltr'>tentia</span> <span class='ocrx_word' id='word_1_397' title='bbox 1069 2440 1198 2470; x_wconf 83' lang='lat' dir='ltr'>alienae</span> <span class='ocrx_word' id='word_1_398' title='bbox 1223 2442 1311 2469; x_wconf 84' lang='lat' dir='ltr'>sunt.</span> <span class='ocrx_word' id='word_1_399' title='bbox 1351 2438 1471 2479; x_wconf 69' lang='lat' dir='ltr'><strong>Neque</strong></span> <span class='ocrx_word' id='word_1_400' title='bbox 1494 2440 1563 2471; x_wconf 88' lang='lat' dir='ltr'>aui-</span> 
     </span>
     <span class='ocr_line' id='line_1_72' title="bbox 937 2483 1564 2525; baseline 0 -10"><span class='ocrx_word' id='word_1_401' title='bbox 937 2493 1025 2516; x_wconf 90' lang='lat' dir='ltr'>mum</span> <span class='ocrx_word' id='word_1_402' title='bbox 1067 2485 1184 2525; x_wconf 83' lang='lat' dir='ltr'>expiet</span> <span class='ocrx_word' id='word_1_403' title='bbox 1229 2483 1427 2515; x_wconf 80' lang='lat' dir='ltr'>coniectura·</span> <span class='ocrx_word' id='word_1_404' title='bbox 1463 2483 1564 2515; x_wconf 87' lang='lat' dir='ltr'>Her-</span> 
     </span>
     <span class='ocr_line' id='line_1_73' title="bbox 935 2528 1566 2569; baseline 0 -9"><span class='ocrx_word' id='word_1_405' title='bbox 935 2529 1075 2561; x_wconf 83' lang='lat' dir='ltr'>manni</span> <span class='ocrx_word' id='word_1_406' title='bbox 1118 2528 1271 2569; x_wconf 73' lang='lat' dir='ltr'>quamvis</span> <span class='ocrx_word' id='word_1_407' title='bbox 1307 2528 1350 2559; x_wconf 80' lang='lat' dir='ltr'>ab</span> <span class='ocrx_word' id='word_1_408' title='bbox 1386 2529 1460 2569; x_wconf 71' lang='lat' dir='ltr'>ipso</span> <span class='ocrx_word' id='word_1_409' title='bbox 1492 2529 1566 2560; x_wconf 84' lang='lat' dir='ltr'>Pia-</span> 
     </span>
     <span class='ocr_line' id='line_1_74' title="bbox 935 2569 1564 2615; baseline -0.002 -11"><span class='ocrx_word' id='word_1_410' title='bbox 935 2573 1004 2605; x_wconf 92' lang='lat' dir='ltr'>toni</span> <span class='ocrx_word' id='word_1_411' title='bbox 1029 2582 1094 2605; x_wconf 90' lang='lat' dir='ltr'>suo</span> <span class='ocrx_word' id='word_1_412' title='bbox 1120 2573 1276 2605; x_wconf 79' lang='lat' dir='ltr'>obtrusa:</span> <span class='ocrx_word' id='word_1_413' title='bbox 1307 2569 1350 2604; x_wconf 87' lang='grc' dir='ltr'>ου’</span> <span class='ocrx_word' id='word_1_414' title='bbox 1375 2569 1440 2615; x_wconf 69' lang='grc' dir='ltr'>γὰρ</span> <span class='ocrx_word' id='word_1_415' title='bbox 1464 2572 1494 2603; x_wconf 70' lang='grc' dir='ltr'>εἴ</span> <span class='ocrx_word' id='word_1_416' title='bbox 1518 2585 1564 2613; x_wconf 76' lang='grc' dir='ltr'>τῳ</span> 
     </span>
     <span class='ocr_line' id='line_1_75' title="bbox 933 2615 1562 2660; baseline 0 -11"><span class='ocrx_word' id='word_1_417' title='bbox 933 2617 1024 2649; x_wconf 76' lang='grc' dir='ltr'><strong><em>δοκεῖ</em></strong></span> <span class='ocrx_word' id='word_1_418' title='bbox 1047 2615 1106 2656; x_wconf 74' lang='grc' dir='ltr'>ἦὸὖ</span> <span class='ocrx_word' id='word_1_419' title='bbox 1143 2616 1163 2657; x_wconf 83' lang='grc' dir='ltr'><em>ἥ</em></span> <span class='ocrx_word' id='word_1_420' title='bbox 1199 2627 1246 2654; x_wconf 79' lang='grc' dir='ltr'>τις</span> <span class='ocrx_word' id='word_1_421' title='bbox 1273 2617 1386 2660; x_wconf 73' lang='grc' dir='ltr'><strong><em>χαίρει,</em></strong></span> <span class='ocrx_word' id='word_1_422' title='bbox 1409 2627 1474 2658; x_wconf 65' lang='lat' dir='ltr'>vy:</span> <span class='ocrx_word' id='word_1_423' title='bbox 1499 2626 1562 2658; x_wconf 81' lang='lat' dir='ltr'>qua</span> 
     </span>
    </p>
   </div>
  </div>
 </body>
</html>
