1612 2872
551 84 922 130 PRAEFATIO.
1316 85 1404 127 XV

50 205 122 246 alii
166 203 340 247 codices
393 202 523 259 longe
573 200 849 243 verisimilius
904 198 1010 254 quid
1057 198 1405 255 suppeditarent.

48 262 163 304 Nam
191 259 302 303 illud
332 266 451 302 certe
489 273 616 301 nemo
645 265 765 301 recte
795 257 924 299 iverit
951 255 1139 306 infitias,
1171 255 1240 298 vel
1280 270 1406 312 prae-

49 317 343 361 stantissimos
387 316 486 359 illos
529 315 704 358 codices
735 314 897 371 passim
941 320 986 356 et
1029 313 1183 356 vitiose
1214 315 1404 368 scriptos

48 382 92 418 et
121 390 147 417 a
178 373 471 432 grammaticis
511 380 671 415 temere
702 378 924 414 correctos
956 386 1066 425 esse,
1097 370 1284 426 ideoque
1315 384 1412 412 ma-·

45 448 133 489 gna
172 447 286 489 opus
329 446 423 473 esse
462 430 688 482 cautione,
726 444 780 470 ne
818 429 916 484 ipsa
945 428 1020 470 illa
1050 429 1271 482 bonitate,
1316 442 1404 483 qua

46 490 153 532 alias
193 489 434 542 excellunt,
473 487 519 528 in
557 485 754 528 fraudem
805 494 849 527 et
896 501 1084 528 errorem
1127 485 1399 527 inducamur.

45 545 99 588 ld
141 545 259 602 quod
298 559 437 600 nuper
467 543 637 585 demum
668 541 911 585 editoribus
942 542 1206 597 quibusdam
1237 543 1301 584 ita
1330 557 1402 585 ac-

45 603 175 657 cidit,
214 603 260 644 in
301 616 484 656 quorum
528 615 667 656 opera·
704 600 743 642 si
782 598 890 654 quid
922 607 989 642 est
1020 599 1138 655 quod
1167 599 1402 656 reprehen-

43 659 233 701 dendum
262 658 571 712 existimemus,
602 656 712 699 illud
740 657 883 713 ipsum
913 655 1088 699 videtur
1118 672 1238 711 esse,
1280 656 1402 712 quod

42 716 228 758 Parisini
258 717 314 758 A.
346 727 391 757 et
423 715 626 757 Vaticani
654 718 711 757 Ω.
750 715 941 769 itemque
971 713 1139 757 codicis
1169 713 1401 756 Bodleiani

43 789 76 815 s.
107 772 334 816 Clarkiani
375 787 402 814 a
430 770 774 814 Gaisfordio
817 771 964 813 collati
1006 771 1188 828 vestigia
1218 771 1400 813 nimium

41 837 294 887 presserunt
333 845 471 885 eoque
508 829 706 871 Platonis
747 828 932 871 orationi
971 844 1044 871 sae
1079 844 1102 871 e
1132 828 1290 870 damna
1318 828 1398 870 im-

42 894 292 943 portarunt,
333 886 480 942 qualia
509 885 771 943 philosopho
799 885 930 928 hodie
961 845 1136 941 quigem
1165 886 1400 943 importata

42 960 137 988 esse
169 945 394 987 nollemus.
454 943 587 997 Quod
616 959 703 999 quo
732 944 825 985 iure
855 944 918 985 ita
947 950 1210 997 statuamus,
1241 943 1313 986 vel
1344 958 1398 985 ex

40 1002 96 1044 iis
136 1002 298 1059 poterit
336 1001 552 1058 intelligi,
597 1016 708 1056 quae
747 1015 887 1057 nuper
924 1000 970 1042 iu
1008 1003 1137 1043 tertia
1174 1000 1398 1058 Symposii

41 1059 232 1102 editione
294 1060 621 1110 annotavimus3
669 1057 827 1100 clarius
877 1057 1007 1100 etiam
1054 1065 1272 1114 patescet,
1321 1058 1397 1101 ubi

40 1117 375 1159 commentarios
416 1115 473 1158 ad
516 1115 694 1158 alteram
731 1113 921 1157 Phaedri
964 1115 1199 1158 editionem
1244 1122 1288 1158 et
1340 1115 1398 1158 ad

40 1173 186 1230 Leges
218 1173 406 1230 scriptos
436 1173 674 1229 paullisper
702 1172 970 1215 lustraveris.
1029 1171 1120 1216 Sed
1146 1172 1256 1215 haec
1301 1173 1397 1228 qui-

41 1229 141 1272 dem
171 1229 225 1272 de
265 1230 434 1287 Legum
464 1229 690 1272 codicibus
719 1229 1124 1286 praestantioribus.
1184 1231 1398 1286 Sequitur

43 1293 94 1329 ut
115 1287 244 1329 etiam
257 1285 310 1329 de
323 1287 480 1330 ceteris
495 1286 617 1329 libris
634 1287 940 1343 manuscriptis
959 1287 1113 1344 paucis
1130 1287 1397 1330 monendum

42 1343 112 1386 sit.
171 1343 285 1387 Sunt
323 1358 426 1386 vero
469 1358 550 1386 nec
579 1343 623 1385 hi
652 1343 743 1386 ullo
772 1344 904 1386 modo
934 1344 1266 1397 contemnendi3
1306 1345 1396 1388 imo

40 1406 85 1442 et
113 1400 199 1456 ipsi
226 1401 322 1443 suis
351 1416 448 1444 sese
471 1401 604 1444 ‘bonis
634 1416 721 1443 non
752 1401 1030 1444 mediocriter
1075 1401 1395 1445 commendant.

40 1457 154 1499 Nam
191 1458 390 1515 plurimis
429 1458 563 1512 locis,
608 1458 684 1500 ubi
721 1459 924 1502 meliores
963 1459 1060 1502 libri
1090 1474 1246 1503 manus
1278 1460 1396 1503 criti-

39 1528 186 1557 corum
230 1516 510 1558 correctrices
553 1515 720 1572 experti
749 1522 876 1571 sunt,
918 1516 965 1559 hi
997 1517 1080 1559 tuti
1110 1523 1154 1560 et
1182 1517 1396 1560 immunes

39 1572 93 1614 ab
141 1571 400 1628 importunis
449 1573 794 1616 correctionibus
844 1581 1197 1631 permanserunt3
1247 1575 1396 1618 multis

38 1628 150 1682 locis⁴
187 1629 290 1672 item
327 1630 519 1672 virorum
570 1629 798 1673 doctorum
829 1632 1103 1675 coniecturas
1144 1632 1395 1684 stabiliunt3

38 1700 126 1728 non
167 1700 266 1729 raro
305 1686 494 1743 denique
532 1687 680 1730 valent
709 1688 840 1731 etiam
871 1689 928 1731 ad
953 1688 1212 1733 iudicandas
1240 1690 1395 1733 lectio-

38 1757 116 1785 nes
148 1743 334 1787 rariores
363 1759 414 1786 ac
445 1743 713 1788 difficiliores
735 1745 924 1801 ideoque
955 1747 1120 1790 criticis
1150 1754 1394 1803 suspectas.

37 1798 269 1843 Praeterea.
299 1801 430 1844 etiam
458 1802 624 1847 fontem
652 1817 782 1860 saepe
813 1804 1029 1860 aperiunt,
1053 1804 1171 1848 unde
1188 1805 1395 1862 vulgatae

36 1856 246 1914 lectiones
274 1859 563 1903 manaverint.
625 1858 726 1913 Quo
758 1861 803 1903 in
833 1876 993 1918 genere
1022 1868 1196 1919 praeter
1225 1868 1395 1905 ceteros

36 1913 326 1957 memorabilis
365 1921 432 1958 est
458 1915 658 1959 Venetus
690 1918 752 1972 Ξ,
785 1918 861 1974 qui
892 1933 1026 1974 quum
1055 1919 1231 1962 omnino
1259 1918 1395 1975 pluri-

37 1984 154 2011 mum
196 1985 296 2013 cum
337 1971 460 2014 editt.
527 1972 713 2028 Aldina,
751 1975 1081 2018 Basileensibus
1121 1982 1167 2019 et
1207 1975 1396 2033 Stepha-

36 2026 168 2069 niana
195 2029 460 2083 consentiat,
491 2035 583 2072 tum
611 2043 742 2087 saepe
771 2047 885 2075 unus
923 2038 1014 2087 est,
1055 2032 1131 2088 qui
1170 2033 1394 2091 vulgatam

36 2082 270 2127 lectionem
298 2092 460 2140 tuetur,
488 2092 540 2128 ut
570 2102 665 2129 eam
687 2087 881 2131 indidem
910 2096 1121 2147 appareat
1141 2091 1394 2146 neutiquam

38 2154 114 2182 ex·
142 2155 261 2184 mera
300 2142 520 2186 editorum
561 2145 811 2188 coniectura
841 2145 1017 2189 ductam
1047 2162 1169 2202 esse,
1201 2147 1279 2191 sed
1310 2149 1394 2191 niti

37 2203 232 2240 veterum
274 2199 473 2243 codicum
513 2202 787 2245 auctoritate.
858 2203 955 2247 Nec
993 2219 1098 2247 vero
1128 2205 1394 2263 negligenda

38 2255 343 2299 convenientia
371 2263 440 2300 est
475 2257 590 2301 inter
620 2259 885 2303 Vaticanum
914 2261 944 2303 f.
975 2266 1032 2315 (n.
1066 2263 1182 2318 173.)
1214 2270 1257 2304 et
1287 2263 1392 2306 Flo-

37 2311 255 2354 rentinum
285 2329 325 2356 0.
355 2329 466 2370 quos
497 2315 624 2358 facile
654 2318 888 2373 suspiceris
919 2333 974 2361 ex
1003 2320 1220 2362 communi
1241 2320 1391 2376 aliquo

38 2368 157 2410 fonte
196 2368 350 2413 ductos
379 2386 504 2427 esse,
535 2388 667 2428 quum
708 2374 880 2418 interim
910 2375 982 2418 alii
1017 2376 1136 2419 varie
1165 2378 1280 2419 inter
1308 2377 1390 2421 hos

38 2430 167 2479 atque
196 2426 303 2470 alios
332 2427 558 2484 fluctuent,
588 2439 638 2472 ut
665 2437 827 2474 certam
866 2433 1085 2476 scribendi
1111 2434 1392 2477 emendandi-

39 2495 123 2535 que
156 2482 298 2540 legem
335 2491 467 2542 atque
506 2503 699 2530 normam
741 2489 914 2532 minime
953 2490 1238 2548 suppeditare
1267 2491 1391 2535 vide-

39 2543 181 2580 antur.
247 2539 336 2584 Sed
363 2542 448 2586 hoc
477 2549 577 2586 utut
605 2551 697 2600 est,
728 2545 839 2590 hanc
869 2554 986 2590 certe
1014 2548 1155 2605 legem
1184 2549 1229 2591 in
1258 2549 1391 2592 refin-

38 2594 182 2660 genda
207 2596 402 2643 Platonis
442 2601 638 2644 oratione
676 2603 803 2646 nobis
832 2605 1086 2659 statuimus,
1122 2612 1173 2648 ut
1202 2607 1390 2663 optimos

40 2651 214 2704 quldem
252 2655 426 2701 codices
455 2657 578 2714 illos,
612 2666 822 2714 quantum
851 2662 947 2705 fieri
976 2669 1153 2717 posset,
1193 2679 1271 2720 per
1301 2679 1391 2706 om-
