1612 2872
256 102 338 145 DE
370 99 648 145 LEGIBUS
683 99 799 142 Llss.
832 99 891 141 11.
935 100 980 140 P.
1016 101 1111 142 (558.
1145 98 1208 142 St.
1329 101 1406 141 173

50 220 259 277 γυμνικὸν
297 221 406 275 μήτε
441 218 654 275 μουσικὸν
689 215 811 273 μήθ’
850 218 1046 269 ἱππικόν,
1082 216 1197 260 ἀλλὰ
1228 218 1404 267 πάντας

51 286 313 343 συναγαγών
351 286 454 337 τοὺς
489 293 534 330 ὲν
566 288 617 347 τῇ
654 285 776 328 πόλει
813 289 1045 339 προείποι,
1092 286 1193 335 θεὶς
1227 285 1403 336 νικητή-

0 382 1 393 1
50 375 139 412 ρια,
176 354 254 398 τὸν
290 356 566 410 βουλόμενον
602 353 720 406 ἣκειν
742 351 1073 408 ἀγωνιούμενον
1110 349 1273 404 ἡδονῆς
1307 358 1405 406 πέρι
1448 355 1483 395 Β

50 424 216 475 μόνον,
254 419 302 473 ὃς
338 422 374 465 δ’
418 419 476 464 ἂν
515 427 652 480 τέρψῃ
692 418 796 469 τοὺς
835 420 1011 470 θεατὰς
1046 419 1236 474 μάλιςα,
1271 422 1408 474 μηδὲν

50 488 390 543 ἐπιταττόμενος
436 482 561 543 ᾧτινι
605 486 779 543 τρόπῳ,
825 486 976 546 νικήσῃ
1022 489 1066 529 δὲ
1121 485 1234 530 αὐτὸ
1272 489 1406 529 τοῦτο

50 557 73 600 ὅ
121 573 162 599 τι
204 555 371 611 μάλιςα
416 553 785 612 ἀπεργασάμενος
834 555 906 596 καὶ
941 555 1081 613 κριθῇ
1122 555 1210 595 τῶν
1246 552 1406 608 ἀγωνι-

52 629 250 679 σαμίἑνων
289 623 439 676 ἥὸιςος
480 627 730 677 γεγονέναι,
770 624 812 662 τί
848 618 950 663 ποτ’
993 619 1051 663 ἂν
1085 619 1324 676 ἡγούμεθα
1364 625 1409 663 ἐκ

52 690 217 741 ταύτης
253 693 332 742 τῆς
367 688 649 748 προρρήσεως
685 688 963 742 ξυμβαίνεινζ,

157 758 255 800 ΚΛ.
333 758 424 800 Ἰὀῦ
462 762 558 814 πέρι
591 758 751 809 λὲγειςς

626 886 728 920 etB.

49 887 130 931 mite
153 887 338 928 μουσικόν,
364 894 401 922 nt
426 894 478 922 est
503 890 534 922 in
562 890 600 923 Ξ.

144 937 184 966 τί
210 932 302 967 ποι
335 934 388 968 ἄν
422 933 678 978 ἡγούμεθα]
715 934 773 966 Sic
801 935 839 965 Α.
870 932 909 965 Β.
941 929 979 963 Ω.
1008 941 1037 963 v.
1065 942 1095 963 a.
1123 942 1154 962 α.
1183 931 1279 964 Vett.
1307 931 1406 965 editt.

51 978 226 1023 ἡγώμεθα.

51 1093 300 1135 voluptatis
334 1094 510 1137 ratione
541 1091 691 1126 habita

53 1144 333 1181 certaturus;
367 1141 437 1181 qui
472 1139 573 1172 v‘ero
600 1148 690 1180 spe-

52 1190 232 1219 ctantes
275 1187 458 1219 maxime
496 1185 690 1218 deiecta-

53 1232 168 1265 verit
198 1230 320 1273 (nihii
350 1231 691 1275 praescribens,

50 1288 236 1320 quonam
263 1278 408 1320 modo)
427 1288 519 1310 eum
552 1277 692 1308 victo-

51 1326 164 1357 riam
201 1334 302 1356 esse
341 1328 692 1365 reportaturum,

51 1369 271 1413 siquidem
303 1369 342 1401 id
376 1371 516 1412 ipsum
550 1373 606 1409 (ut
631 1377 694 1400 eos

52 1415 231 1455 obiectet)
270 1416 452 1448 maxime
491 1415 694 1457 perfece-

52 1463 126 1502 rit,
153 1466 282 1503 atque
316 1463 435 1494 inter
467 1465 694 1494 certantes

51 1508 362 1540 suavissimum
400 1508 613 1541 extitisse
640 1507 692 1537 iu-

50 1554 240 1586 dicatum
281 1552 360 1586 iri?
415 1553 534 1595 ltaque
566 1551 694 1591 omnia,

52 1601 116 1632 nisi
142 1600 258 1638 failor,
285 1600 373 1632 bene
399 1610 438 1631 se
463 1599 607 1639 hahent,
632 1607 692 1629 ne-

52 1656 118 1687 que
144 1656 230 1687 opus
257 1651 311 1677 est
329 1646 395 1678 uila
414 1647 600 1677 verborum
617 1654 695 1676 mu-

52 1693 194 1724 tatione.
253 1691 387 1724 iuvabit
434 1697 548 1724 tamen
596 1690 694 1722 addi-

53 1737 166 1778 disse,
205 1738 287 1778 quid
326 1736 379 1769 alii
418 1737 462 1770 de
501 1741 577 1770 toto
615 1737 692 1768 ioco

54 1783 244 1822 senserint,
284 1783 312 1814 si
348 1783 440 1815 forte
471 1783 538 1816 sint
570 1782 694 1824 quibus

54 1834 171 1861 nostra
209 1829 450 1869 interpretatio
494 1838 559 1860 nou
608 1829 694 1860 satis

56 1876 201 1928 pinceat.
239 1875 399 1906 Astius
435 1874 538 1929 igitur
579 1874 692 1906 locum

56 1921 106 1951 sic
131 1919 238 1951 voinit
256 1920 401 1960 refingi:
428 1917 469 1950 ὃς
493 1915 528 1951 δ’
554 1916 597 1951 ἂι
622 1919 694 1959 τέρ-

55 1972 103 2006 ψῃ
129 1962 212 1997 τούς
243 1963 373 1997 θεατὰς
400 1963 558 2004 μάλιστα,
591 1963 697 2006 μηδὲν

55 2009 316 2050 ἐπιταττόμειος
346 2013 438 2043 ιὺτινι
468 2010 603 2065 τρόπω,
643 2011 696 2042 καὶ

57 2058 164 2099 κριθῇ
190 2068 256 2089 των
271 2054 486 2099 α’γωιισαμέι
489 2069 538 2089 ων
555 2045 698 2112 rJBtotos

58 2103 253 2147 γεγονέναι,
290 2114 375 2136 avio
411 2104 515 2136 ϊοῦῐθ
551 2115 602 2135 ott
635 2114 696 2142 μα·

58 2151 149 2181 λιστα
192 2148 489 2192 ἀπεργασάμενος,
532 2147 695 2191 νικήσειν.

57 2196 156 2229 Quae
172 2206 273 2238 quam
291 2196 458 2229 audacter
470 2197 538 2229 sint
549 2199 697 2234 mutata,

59 2241 243 2280 neminem,
267 2244 400 2284 opinor,
425 2242 549 2284 fugere
565 2246 695 2284 potest.

59 2287 221 2319 Praetor·
241 2288 414 2320 Antium
451 2298 558 2330 nuper
590 2288 696 2320 etiam

58 2332 442 2365 Winckeimnnnus
472 2333 599 2375 aliquid
634 2342 693 2386 no-

59 2378 206 2411 vandum
233 2379 385 2420 censuit,
418 2379 544 2422 quippe
575 2378 631 2421 qui
658 2375 699 2410 ὂς

61 2421 104 2456 ἂν
128 2423 248 2466 τέρψῃ,
275 2425 388 2458 eiecto
413 2423 466 2463 δέ,
498 2425 599 2458 scribi
626 2424 697 2457 ius-

61 2471 162 2502 serit:
189 2479 254 2511 qua
269 2473 384 2503 tamen
404 2471 602 2504 coniectura
617 2469 697 2512 quid

61 2516 112 2547 vir
152 2514 277 2547 doctus
314 2515 379 2548 sibi
419 2518 588 2555 voluerit,
634 2526 699 2548 nos

59 2564 180 2602 aperte
211 2559 360 2593 fatemur
391 2562 483 2595 nulio
517 2562 622 2595 modo
650 2562 698 2593 in-

60 2606 228 2648 teliigere.
262 2606 336 2640 Iam
355 2617 438 2640 vero
464 2607 514 2641 his
539 2608 698 2641 universe

61 2651 230 2693 expositis
255 2653 424 2695 sequhur,
451 2657 488 2686 ut
513 2653 555 2686 de
581 2653 698 2694 singu-

61 2696 100 2730 lis
123 2697 329 2739 quibusdam
356 2698 460 2732 rebus
476 2708 700 2733 commonen-

762 1091 842 1122 dum
871 1090 927 1122 sit.
979 1089 1214 1128 Quamobrem
1235 1089 1317 1122 baec
1342 1090 1406 1122 ad-

762 1137 886 1169 dimus.
921 1136 1032 1168 metio
1052 1133 1165 1167 οὕτως
1179 1133 1293 1168 ἁπλῶς
1317 1146 1407 1168 nnnc

762 1187 831 1215 est:
875 1182 972 1214 sine
1013 1182 1306 1215 accuratiore
1347 1184 1407 1214 rei

762 1227 1092 1269 descriptione,
1126 1228 1218 1261 unde
1253 1227 1406 1270 explica-

762 1279 816 1306 tur
848 1274 980 1306 verbis:
1012 1272 1117 1315 μηδὲν
1155 1270 1331 1316 ἀφορίσας
1363 1292 1406 1296 -

763 1317 913 1352 ἱππικόν.
963 1320 1034 1353 Sed
1067 1320 1111 1352 de
1143 1319 1194 1352 his
1221 1321 1303 1362 ipsis
1329 1329 1406 1351 ver-

762 1367 815 1398 bis
852 1366 971 1398 audias
1012 1366 1180 1399 ΡοΙΙυο.
1224 1367 1280 1399 ΙΙΙ.
1320 1364 1406 1399 142:

762 1411 799 1444 οἱ
821 1408 856 1444 δ’
880 1409 1025 1444 Ἀττικοὶ
1059 1408 1103 1443 οὕ
1133 1409 1261 1456 ρᾳδιως
1285 1411 1406 1453 λέγου-

763 1469 816 1490 σιν
867 1454 1004 1500 ἀγῶνας
1057 1457 1269 1512 μουσικούς,
1323 1455 1408 1491 ἀλλὰ

760 1505 942 1546 μουσικῆς.
993 1503 1038 1536 Et
1069 1505 1118 1537 sic
1142 1505 1229 1537 infra
1259 1504 1346 1537 vul.
1373 1514 1406 1546 p.

761 1551 841 1585 835.
869 1551 921 1585 A:
952 1548 1035 1582 τούς
1057 1551 1230 1606 μουσικῆς
1257 1546 1405 1592 ἆγῶιας,

761 1597 845 1630 X11.
874 1607 906 1651 p.
939 1595 1018 1632 947.
1052 1597 1106 1628 Ε.
1138 1592 1256 1639 ἀγῶνα
1285 1607 1407 1651 μουσι-

764 1643 828 1683 κῆς
859 1638 980 1674 αὐτοῖς
1018 1643 1072 1674 καὶ
1112 1641 1280 1685 γυμνικὸν
1314 1653 1407 1721 mm.-

764 1686 828 1721 κόν
853 1700 886 1720 τε
909 1687 1099 1731 θήσουσιι.
1157 1689 1229 1721 Sed
1262 1692 1300 1721 nt
1324 1688 1356 1721 Ιι.
1385 1690 1406 1721 Ι.

765 1735 838 1768 libr.
879 1735 972 1767 VIII
1005 1745 1037 1777 p,
1071 1734 1150 1769 828.
1189 1735 1234 1767 C:
1278 1735 1408 1776 ἔμμηνα

764 1778 838 1822 ιερὰ
863 1780 994 1822 χορούς
1019 1793 1052 1813 τε
1078 1782 1132 1813 καὶ
1159 1776 1298 1823 ἀγῶνας
1320 1792 1406 1820 μου·

764 1825 896 1859 σικούς.
916 1826 1108 1868 Thucyd.
1122 1827 1192 1859 111.
1203 1827 1285 1862 104:
1312 1823 1409 1868 ᾰγών

763 1871 911 1904 ἐποιεῖτο
938 1869 1068 1905 αυτόθι
1092 1873 1146 1904 και
1161 1882 1327 1914 γυμνικος
1353 1873 1408 1904 καὶ

763 1917 939 1958 μουσικός.
970 1918 1026 1959 qui
1058 1920 1140 1950 item
1168 1920 1281 1959 paullo
1309 1923 1406 1960 post:

764 1964 934 2006 μουσικῆς
965 1961 1059 2005 ἀγών
1084 1959 1136 2005 ἦν.
1169 1963 1407 2019 Aristoph.

768 2011 858 2042 l'iut
922 2010 1069 2044 .:1164
1122 2013 1234 2041 ποιεῖν
1273 2005 1410 2051 ἀγῶνας

765 2053 958 2096 μουσικούς
984 2056 1038 2088 καὶ
1063 2053 1263 2097 γυμνικούς
1290 2056 1347 2088 ubi
1375 2065 1407 2087 v.

766 2102 875 2144 intpp.
910 2121 952 2125 —
1007 2101 1145 2135 Deinde
1174 2102 1217 2134 ad
1251 2097 1333 2134 ἀλλὰ
1364 2120 1408 2125 -

767 2149 928 2189 προείποι
965 2159 1005 2181 ex
1055 2147 1271 2190 antegressis
1307 2156 1408 2180 assu-

767 2193 927 2226 mendum
962 2198 1016 2227 est
1041 2192 1086 2231 εἰ,
1117 2193 1150 2226 id
1182 2193 1274 2236 quod
1299 2193 1407 2236 intpp.

768 2239 928 2271 videntur
953 2241 1167 2281 neginisoe,
1202 2239 1257 2281 qui
1285 2240 1409 2271 verbo-

766 2295 837 2318 rum
863 2290 1074 2318 structuram
1101 2295 1166 2318 non
1188 2289 1406 2328 perspectam

767 2330 970 2364 habuerunt.
1020 2331 1090 2364 iarn
1116 2341 1199 2364 vero
1223 2341 1265 2364 ex
1292 2333 1408 2373 προεί-

768 2387 843 2414 ποι,
868 2378 959 2419 qnod
987 2377 1163 2410 iubendi
1187 2377 1408 2419 significatio-

767 2432 843 2455 nem
869 2424 934 2455 sibi
962 2423 1064 2457 nabet
1083 2423 1298 2463 adiunctam,
1325 2432 1407 2464 pen-

765 2468 826 2501 det
851 2469 1036 2503 'infinitivus
1074 2466 1189 2511 ἥκειν,
1230 2478 1332 2511 quem
1366 2478 1409 2501 ne

765 2515 839 2556 quis
879 2516 1037 2555 miretur,
1076 2525 1143 2548 non
1186 2515 1217 2548 vi
1258 2515 1407 2556 perfecti

765 2559 827 2594 sed
851 2562 1044 2603 praesentis
1069 2562 1242 2603 temporis
1262 2562 1408 2603 pollere,

764 2606 856 2647 quod
895 2608 1086 2640 Atticistae
1117 2608 1222 2649 vulgo
1255 2606 1301 2639 de
1334 2604 1407 2649 ἥκω

765 2653 991 2696 praecipiunt,
1023 2653 1057 2685 id
1090 2653 1133 2685 ad
1164 2662 1270 2685 unum
1297 2652 1406 2684 maxi-

767 2707 821 2732 me
851 2699 1072 2733 indicativum
1109 2698 1205 2731 verbi
1243 2697 1407 2740 pertinet,
