1612 2872
186 269 226 309 l)

260 83 341 123 310
751 82 1119 125 PLATONIS

362 202 461 243 ΚΛ.
527 199 831 250 Ἀληθέστατα
869 200 1010 250 λέγεις.

363 267 455 308 ΑΘ.
519 263 645 318 Ὁρᾷς
689 263 766 317 δή,
800 272 961 320 φαῖμεν
1004 262 1085 312 ἄν,
1120 255 1150 304 ὦ
1189 268 1437 318 νομοθέτα,
1474 267 1584 322 πρός

264 349 358 374 τινα
394 331 618 382 παίζοντες
653 331 737 370 τῶν
771 332 838 372 ἐπὶ
875 327 1020 383 νόμων
1059 331 1186 372 θέσιν
1216 328 1375 374 ,ἰόντων
1410 330 1582 389 ῥᾳδίως,

259 396 346 440 ὅσα
377 399 465 438 ἐστὶ
501 394 609 449 πρὸς
641 393 858 449 ἄρχοντας
891 394 1117 450 ἀξιώματα
1151 397 1222 438 καὶ
1255 394 1323 439 ὅτι
1356 397 1582 456 πεφυκότος

260 461 369 517 πρὸς
408 459 575 513 ἄλληλα
619 466 844 511 ὲ·ναντι’ως;
879 464 959 503 νῦν
1004 460 1086 516 γὰρ
1125 458 1177 513 δὴ
1215 461 1406 504 στάσεων
1440 464 1582 518 πηγήν

258 545 357 571 τινα
392 526 690 581 ἁνευρήκαμεν
725 525 856 581 ἡμεῖς,
890 525 942 579 ἣν
979 530 1041 570 δεῖ
1075 543 1119 570 σε
1154 529 1430 582 θεραπεύειν.
1467 533 1583 583 πρῶ-

260 611 337 638 τον
381 596 424 637 δὲ
457 591 563 647 μεθ’
604 591 726 646 ἡμῶν
758 592 1027 651 ἀνάσκεψαι,
1065 595 1155 642 πῶς
1199 610 1240 636 τε
1276 597 1347 637 καὶ
1385 599 1426 636 τί
1460 596 1580 651 παρὰ

259 663 401 703 ταῦτα
438 658 709 713 ἁμαρτόντες
754 663 796 702 οἱ
839 664 936 715 περί
979 676 1019 702 τε
1043 656 1204 716 ’Ἄργος
1237 662 1309 702 καὶ
1344 663 1581 714 Μεσσήνην

258 727 439 781 βασιλῆς
472 724 635 775 αὐτοὺς
667 724 760 779 ἅμα
795 730 862 767 καὶ
897 726 977 778 τὴν
1021 727 1105 767 τῶν
1133 724 1347 777 Ἑλλήνων
1381 725 1578 781 δύναμιν,

260 786 397 836 οὖσαν
444 791 712 846 θαυμαστὴν
758 797 802 833 ἐν
854 793 910 845 τῷ
959 791 1055 834 τότε
1094 790 1261 846 χρόνῳ,
1298 794 1597 850 διέφθειρανςγ

260 854 332 913 ἆρ’
376 857 454 902 οὐκ
483 856 779 911 ἀγνοήσαντες
814 855 1114 901 ϊόν“Ησιόὃυν
1133 857 1367 911 ὀρθότατα
1388 861 1580 911 λέγοντα,

350 988 393 1019 D.
443 988 505 1018 nai
543 984 604 1017 ὅτι
643 987 880 1030 πεφυκότα]
919 988 955 1020 V.
993 989 1045 1019 καὶ
1076 984 1141 1018 ὅσα
1170 999 1200 1018 π.
1255 987 1475 1022 Cori-eximus
1505 1001 1580 1022 cum

262 1034 421 1066 Bekkero
446 1042 487 1064 ex
514 1033 558 1062 A.
583 1032 606 1063 f.
633 1044 663 1063 o.
690 1043 723 1064 x.
750 1039 784 1064 et
811 1044 918 1074 marg.
949 1031 987 1065 Ω.
1015 1045 1044 1065 a.
1069 1044 1096 1064 c.
1124 1032 1151 1064 δ.

351 1075 611 1119 ἁμαρτόντες
637 1078 676 1108 οἱ
698 1079 749 1119 m]
780 1080 815 1109 V.
844 1076 1097 1119 ἁμαρτάνοντες.
1147 1080 1322 1110 Aoristum
1349 1079 1581 1112 exhibuerunt

262 1191 364 1224 όντα
388 1188 624 1232 ἄρχεσθαι,
638 1192 759 1224 abire
784 1191 885 1224 sibi-

261 1247 338 1280 que
362 1238 567 1291 imperari
590 1239 694 1278 pati.

304 1283 350 1314 D.
395 1277 512 1324 Ὁρᾷς
544 1279 606 1323 δή,
638 1286 791 1322 φαῖμεν
823 1279 886 1319 ἄν,

261 1322 287 1359 ὦ
333 1326 441 1380 νομ.]
485 1328 769 1360 Admonitionem
810 1338 885 1359 cum

259 1374 422 1405 irrisione
460 1374 608 1414 quadam
647 1374 751 1406 habet
791 1374 885 1405 istud

263 1417 348 1462 ὁρᾷς
363 1416 415 1459 δὴ,
432 1419 482 1450 sic
495 1419 722 1459 praemissum
732 1420 886 1461 reliquae

261 1465 428 1502 orationi3
452 1475 484 1498 v.
514 1469 630 1496 annot.
664 1466 708 1496 ad
724 1466 887 1520 Apolog.

261 1510 358 1542 Socr.
380 1520 414 1551 p.
433 1509 487 1542 24.
508 1510 558 1541 D:
589 1506 682 1564 ὁρᾷς,
709 1505 887 1551 ὦΜὲλητε,

262 1553 313 1588 ὅτι
344 1555 439 1598 σιγᾷς
469 1555 523 1585 καὶ
554 1551 619 1586 οὐκ
656 1555 739 1596 ἔχεις
767 1555 887 1591 εἰπεῖν,-

259 1607 294 1633 et
316 1602 361 1633 ad
386 1600 494 1641 Gorg.
519 1610 552 1640 p.
577 1599 655 1634 475.
681 1602 722 1632 Ε.
769 1600 887 1641 Atque

257 1648 343 1678 haec
367 1647 444 1686 ipsa
471 1654 594 1676 caussa
617 1650 668 1677 est
689 1646 793 1677 etiam
817 1655 887 1677 ser-

255 1692 509 1729 mocinationis,
526 1700 587 1731 per
611 1700 711 1731 quam
734 1691 888 1732 philoso-

253 1737 342 1779 phus
387 1737 648 1776 legumlatorem
683 1737 881 1777 alloquitur.

254 1782 505 1814 Creberrimam
541 1789 616 1812 esse
638 1791 712 1813 eam
734 1782 880 1822 figuram

253 1830 290 1858 in
323 1828 379 1858 his
412 1827 525 1865 libris,
551 1827 620 1858 iam
651 1827 733 1858 alibi
766 1831 880 1858 osten-

257 1874 381 1906 dimus.

306 1919 385 1950 τῶν
415 1916 480 1948 ἐπὶ
513 1914 651 1955 νόμων
682 1915 804 1947 θέσιν
839 1935 882 1940 —-

259 1962 613 2006 459161'ws]e0rum‚
632 1963 701 2003 qui
726 1966 883 1994 temere

259 2015 303 2042 et
355 2008 607 2040 inconsulto
671 2009 885 2039 accedunt

259 2056 309 2086 ad
332 2054 701 2095 legumlationem.
724 2051 885 2095 -πρὸε-

260 2099 488 2140 ἄρχοντας,
523 2099 572 2130 ad
619 2100 882 2139 imperantes

260 2145 373 2188 quod
397 2145 561 2177 attinet.
602 2143 808 2182 Germanice
832 2145 883 2175 di-

259 2192 368 2222 xeris:
399 2191 478 2221 wie
508 2199 634 2229 gross
664 2190 705 2220 in
735 2190 882 2230 Bezug

259 2237 333 2268 auf
354 2236 422 2266 die
446 2235 780 2267 Herrschenden
812 2236 882 2266 die

260 2282 634 2321 Erwartunge'n
681 2281 763 2311 und
802 2281 880 2312 An-

258 2325 442 2368 spriiche
467 2326 579 2366 sind,
603 2326 687 2356 und
711 2326 789 2357 wie
813 2327 881 2357 wi-

258 2371 581 2412 dersprechend
629 2375 750 2402 unter
797 2372 881 2403 ein-

257 2418 393 2450 ander
428 2416 555 2447 ihrer
590 2415 725 2447 Natur
760 2417 881 2448 nach.

256 2463 328 2496 Pro
364 2461 456 2501 vulg.
498 2461 550 2491 καὶ
590 2458 670 2492 ὅσα
706 2459 882 2501 πεφυκότα

256 2518 311 2541 res
326 2509 403 2548 ipsa
414 2505 595 2547 flagitabat
610 2507 702 2546 quod
721 2517 762 2538 ex
778 2508 878 2539 codd.

258 2553 472 2605 reposuimus
500 2551 553 2582 καὶ
577 2548 638 2581 ὅτι
664 2561 744 2591 πεφ.

305 2595 482 2630 στάσεων
518 2594 653 2637 πηγήν
686 2597 792 2638 τινα]
834 2598 876 2629 H.

258 2656 286 2676 θ.
329 2643 554 2683 originem,
604 2643 876 2683 pYinClplum.

951 1191 1230 1232 Metaphoricum
1260 1202 1357 1224 usum
1387 1203 1462 1224 voc.
1489 1190 1578 1234 πηγή

950 1237 1139 1268 illustravit
1147 1236 1179 1267 D
1189 1247 1209 1268 o
1218 1238 1279 1268 rvi
1288 1238 1299 1268 l
1309 1239 1330 1269 l.
1346 1238 1391 1270 ad
1399 1237 1578 1269 Chariton.

950 1292 984 1323 p.
1015 1281 1093 1315 427.
1128 1282 1182 1316 ed.
1214 1282 1310 1323 Lips.
1341 1294 1384 1314 .-..
1414 1282 1491 1317 374.
1523 1284 1577 1315 ed.

950 1328 1059 1368 princ.
1117 1327 1250 1359 Relicta
1292 1338 1373 1360 vero
1416 1329 1578 1370 deinceps

950 1373 1153 1414 metaphora.
1175 1373 1258 1404 dicit
1272 1371 1486 1415 θεραπεύειν,
1498 1384 1576 1415 per·

950 1419 1031 1452 inde
1067 1428 1107 1450 ac
1145 1419 1175 1450 si
1219 1415 1444 1459 praecesserit
1473 1417 1579 1451 κακόν

951 1467 1012 1496 aut
1036 1464 1146 1496 simile
1169 1464 1312 1505 aliquod
1334 1465 1549 1497 vocabulum.

996 1509 1038 1540 E.
1084 1506 1285 1540 Ἡσίοδον
1352 1506 1578 1551 ὀρθότατα

952 1553 1131 1595 λέγοντα
1157 1571 1194 1577 -—
1214 1556 1218 1591 Ι
1254 1553 1347 1586 Scite
1371 1565 1411 1586 ac
1435 1560 1578 1587 venuste

951 1600 1062 1630 utitur
1084 1599 1149 1630 hoc
1173 1599 1264 1630 dicto
1278 1599 1437 1638 Hesiodi,
1452 1601 1576 1631 melius

952 1644 1103 1675 futurum
1140 1644 1249 1675 fnisse
1290 1650 1507 1685 ostensurus,
1545 1646 1575 1677 si

951 1699 1050 1730 reges
1078 1689 1130 1719 illi
1169 1689 1361 1730 imperandi
1396 1691 1576 1731 cupiditati

946 1745 1028 1766 suae
1057 1735 1196 1766 modum
1209 1735 1419 1766 statuissent.
1454 1735 1576 1767 Enim-

946 1789 1030 1811 vero
1069 1780 1224 1820 loquitur
1264 1784 1367 1820 poeta
1399 1781 1573 1812 Aseraeus

949 1824 1037 1867 Opp.
1060 1828 1094 1856 et
1117 1825 1197 1856 DD.
1227 1836 1257 1856 v.
1281 1825 1337 1858 41.
1366 1826 1408 1857 de
1432 1827 1572 1867 regibus

948 1867 1169 1911 δωροφάγυιε
1196 1871 1390 1912 iniusteque
1419 1872 1576 1903 iudican-

948 1916 1060 1955 tibus,
1092 1917 1134 1947 de
1172 1916 1295 1957 quibus
1326 1917 1464 1957 quidem
1494 1917 1573 1949 sub-

947 1962 1060 2002 iungit
1082 1971 1144 2002 per
1166 1962 1448 1994 exclamationem
1471 1962 1575 1995 haec:

947 2004 1081 2047 νήπιοι,
1107 2002 1189 2037 οὐδὲ
1218 2007 1343 2042 ἴσασιν,
1369 2004 1439 2048 ὅσῳ
1473 2006 1575 2038 πλέον

950 2049 1052 2093 ἥμισυ
1089 2049 1228 2083 παντόεῑ
1270 2052 1304 2083 h.
1339 2062 1368 2084 e.
1407 2057 1572 2093 quanto

948 2098 1104 2129 melius
1132 2098 1188 2128 sit
1211 2098 1367 2138 paucis
1397 2102 1571 2130 conten-

949 2148 1031 2174 tum
1056 2151 1302 2183 esse‚quam
1323 2143 1471 2175 multis
1494 2153 1572 2175 ma-

948 2188 1130 2229 gnisque
1159 2187 1247 2219 frui
1283 2188 1451 2219 iniuste
1480 2199 1570 2230 par-

947 2235 1011 2265 tis.
1056 2233 1174 2265 Utitur
1197 2233 1298 2265 Plato
1329 2234 1449 2265 eodem
1477 2235 1570 2265 dicto

947 2279 1049 2310 etiam
1072 2278 1126 2310 De
1154 2278 1237 2319 Rep.
1263 2279 1300 2310 V.
1324 2289 1358 2320 p.
1372 2278 1449 2313 466.
1475 2277 1514 2310 C.
1538 2283 1573 2310 et

946 2324 995 2355 11.
1021 2324 1069 2354 in.
1101 2324 1163 2355 sed
1191 2325 1306 2365 paullo
1336 2324 1454 2363 alitem
1477 2325 1569 2364 quod

946 2369 1151 2411 permovitZ
1162 2379 1180 2400 e
1189 2370 1198 2400 l
1207 2370 1218 2400 l
1228 2379 1271 2400 er
1280 2379 1340 2400 nm
1351 2368 1449 2401 Stud.
1465 2369 1569 2401 Platt.

946 2425 979 2456 p.
993 2414 1082 2454 106„
1101 2419 1138 2445 ut
1154 2415 1240 2446 illud
1263 2415 1329 2446 hoc
1356 2415 1433 2446 loco
1457 2415 1570 2446 minus

947 2465 1024 2501 apte
1053 2460 1098 2491 ad
1128 2470 1200 2491 rem
1231 2464 1447 2500 praesentem
1471 2460 1569 2491 adhi-

944 2506 1051 2536 bitum
1075 2515 1150 2537 esse
1179 2506 1411 2537 contenderet.
1457 2504 1569 2536 Nimi-

945 2561 1019 2582 rum
1055 2551 1108 2581 vir
1143 2551 1379 2591 doctissimus,
1417 2551 1446 2582 si
1484 2549 1567 2590 quid

946 2596 1112 2637 suspicari
1136 2596 1228 2636 licet,
1254 2597 1365 2637 ipsum
1378 2594 1566 2627 Hesiodum

946 2652 1012 2674 non
1061 2643 1228 2682 inspexit3
1275 2641 1428 2681 alioquin
1476 2644 1566 2671 certe
