1612 2872
553 83 673 126 PRA
682 81 929 127 EFATIO.
1354 81 1423 124 XI

64 200 145 242 mis
177 198 384 241 utendum
403 198 501 240 >fuit
527 197 707 250 iudicio,
743 203 791 239 ut
820 211 1034 252 nusquam
1066 195 1239 238 illorum
1270 201 1423 237 aucto-

65 257 236 300 ritatem
266 271 399 299 coeca
418 254 688 298 credulitate
719 254 907 310 amplexi
941 254 1089 298 simus.

181 335 271 380 Sed
308 336 377 379 his
418 335 630 392 expositis
676 333 908 377 dicendum
938 349 1055 376 nunc
1086 333 1214 376 etiam
1247 331 1300 375 de
1331 334 1425 389 opi-

67 394 149 438 bus
205 394 369 436 criticis
425 400 514 446 est,
574 407 756 447 quarum
804 407 885 434 usu
933 391 1174 434 orationem
1227 389 1424 432 Platonis

68 450 340 494 emendatius
396 449 664 492 constituere
724 447 996 503 studuimus,
1049 448 1190 504 deque
1240 447 1424 500 ratione,

69 524 156 565 qua
194 507 238 550 in
287 508 362 550 illa
406 505 661 563 refingenda
707 507 869 547 versati
912 521 1076 549 sumus.
1146 506 1205 548 Et
1249 505 1426 547 criticae

68 565 243 621 quidem
283 580 307 606 o
342 579 404 618 es,
446 564 604 618 quibus
634 562 699 605 uti
739 562 891 616 licuit,
933 562 1122 618 duplicis
1162 569 1264 604 sunt
1294 577 1426 619 gene-

66 622 149 676 ris,
191 636 306 677 quan
341 620 547 676 oquidem
591 620 760 676 positae
802 626 904 662 sunt
948 621 1018 662 vel
1066 621 1111 662 in
1157 619 1255 662 edd.
1304 625 1424 662 vete-

66 693 160 721 rum
197 677 458 721 lectionibus
495 677 565 720 vel
604 677 648 719 in
688 675 890 720 codicum
938 693 1078 734 nuper
1131 676 1303 719 demum
1353 691 1426 719 ex·-

66 736 337 792 ploratorum
367 735 608 792 scripturae
638 735 862 777 varietate.

180 827 408 871 Editiones
438 841 542 871 vero
572 827 709 869 totius
743 826 956 880 Platonis,
986 841 1099 881 qua-e
1130 824 1424 881 appellantur,

67 890 236 928 veteres
284 891 406 928 sunt:
475 884 708 937 Aldina,
764 883 1125 927 Basileensis
1174 885 1209 926 1.
1265 882 1425 923 Basi-

66 942 281 985 leensis
323 944 362 984 2.
401 948 456 984 et
502 941 911 997 Stephaniana.
981 940 1056 982 Ad
1096 955 1205 995 quas
1245 938 1421 982 accedit

67 1000 240 1057 Legum
282 999 417 1042 editio
449 1015 646 1042 seorsum
676 999 864 1041 Lovanii
900 999 1028 1054 facta,
1059 998 1183 1041 cuius
1215 996 1322 1039 haec
1356 1003 1423 1039 est

67 1057 317 1113 inscriptio:
351 1055 596 1106 Πλάτωνος
625 1060 782 1106 Mivwg
813 1053 840 1107 ἢ
870 1059 971 1108 περὶ
1000 1054 1144 1098 νόμου
1178 1062 1260 1096 etc.
1295 1053 1426 1095 Pla-

67 1114 216 1156 tonis
247 1115 430 1157 Minos
463 1114 578 1156 sive
611 1112 674 1155 de
703 1114 872 1171 Lege.
936 1114 1010 1155 De
1043 1112 1296 1168 Legibus
1327 1126 1424 1153 seu

68 1171 131 1213 de
171 1171 351 1228 legum
387 1171 627 1225 latione,
667 1171 767 1213 libri
813 1173 875 1213 1⁸2.
960 1169 1295 1212 Venumdantur
1335 1169 1424 1211 Lao-

67 1228 182 1269 vanii
223 1244 248 1269 a
290 1228 626 1271 Bartholomaeo
661 1227 826 1270 Gravio
858 1228 938 1270 sub
972 1227 1075 1270 Sole
1107 1242 1238 1269 aureo
1269 1226 1333 1268 M.
1368 1226 1424 1267 D.

68 1285 251 1328 XXXI.
294 1293 334 1327 4.
413 1285 658 1327 praemissa
704 1286 848 1328 verbis
889 1283 1076 1327 Graecis
1115 1290 1183 1326 est
1220 1284 1424 1339 epistola,

69 1343 133 1384 sic
164 1343 393 1399 inscripta:
454 1342 747 1385 Ornatissimo
777 1344 870 1385 viro
905 1343 959 1385 D.
990 1342 1228 1385 Francisco
1260 1340 1426 1383 Crane-

67 1398 212 1441 veldio
243 1399 369 1442 Caes.
403 1399 665 1443 Consiliario
697 1400 919 1458 Rutgerus
950 1400 1136 1443 Rescius
1175 1399 1229 1440 L.
1261 1399 1319 1440 D.
1352 1397 1426 1441 Ad

70 1456 231 1498 calcem
268 1463 412 1499 autem
454 1456 627 1499 adiecta
666 1464 766 1500 sunt
806 1458 939 1500 verba
970 1457 1103 1499 haec:
1154 1456 1342 1498 Lovanii
1372 1471 1427 1498 ex

70 1513 246 1556 officina
319 1515 496 1571 liutgeri
546 1515 691 1557 Rescii
736 1514 876 1570 pridie
916 1514 1010 1557 Cal.
1055 1514 1196 1571 April.-
1227 1515 1314 1556 An.
1360 1513 1426 1555 M.

72 1571 126 1615 D.
157 1571 338 1614 XXXI.
382 1572 640 1627 Sumptibus
680 1571 872 1615 eiusdem
914 1572 1059 1614 Rescii
1100 1578 1144 1614 et
1195 1570 1426 1612 Bartholo-

70 1628 180 1670 maei
235 1627 404 1672 Gravii.
485 1628 575 1674 Sed
627 1630 950 1673 accuratissime
988 1630 1144 1671 librum
1194 1626 1427 1684 descripsit

69 1685 282 1727 Panzer
311 1686 471 1728 Annal.
510 1687 795 1744 Typograph.
828 1686 928 1730 Vol.
967 1686 1046 1728 lX.
1078 1702 1121 1742 p.
1154 1687 1249 1729 505.
1281 1701 1323 1727 n.
1354 1687 1425 1727 95.

69 1742 166 1784 Hae
204 1743 339 1800 igitur
367 1751 468 1786 sunt
498 1744 619 1786 editt.
659 1752 763 1789 vett.
797 1744 853 1786 ad
883 1760 1009 1786 usum
1040 1745 1238 1786 criticum
1269 1742 1338 1784 vel
1370 1743 1424 1785 ab

71 1800 198 1842 Astio
239 1801 306 1842 vel
345 1816 371 1842 a
407 1803 533 1845 nobis
563 1801 796 1845 adhibitae.
861 1803 974 1844 Nam
1006 1801 1426 1844 lVechelianum

72 1856 247 1910 quidem
311 1859 403 1900 sive
463 1859 858 1902 Francofurtanum
940 1859 1138 1921 Platonis
1205 1857 1427 1913 exemplar

73 1912 158 1955 hoc
194 1914 237 1955 in
276 1930 432 1970 genere
472 1917 629 1958 nullius
669 1924 736 1959 est
776 1917 918 1974 pretii.
986 1916 1101 1958 Aliis
1145 1922 1287 1957 autem
1318 1921 1424 1956 vett.

74 1969 217 2024 editt„
260 1987 371 2025 quae
402 1972 586 2016 fortasse
617 1973 803 2029 aliquem
833 1989 960 2016 usum
991 1973 1189 2015 criticum
1219 1972 1423 2026 habeant,

73 2027 203 2082 potiri
246 2043 330 2070 non
369 2029 506 2073 licuit.
577 2029 798 2083 Quorsum
841 2031 1060 2086 pertinent
1098 2036 1273 2086 praeter
1314 2029 1425 2071 alios

72 2083 117 2125 hi
155 2085 274 2127 libri:
323 2086 584 2130 Platonis
627 2087 690 2130 de
720 2088 955 2141 legibus
987 2103 1080 2129 seu
1119 2087 1304 2144 legum
1342 2087 1426 2128 la-

73 2142 229 2184 tione
279 2142 419 2185 liber
468 2146 697 2200 primus.
781 2144 963 2189 Graece.
1033 2144 1173 2188 Paris.
1215 2146 1340 2187 1:347.
1381 2146 1424 2188 4.

75 2198 191 2255 apud
208 2198 365 2243 Jacob.
396 2201 589 2260 Rogard.
610 2229 663 2235 -·—
713 2205 1021 2251 ῙΙλαι-ωνος
1050 2218 1155 2256 νομ
1173 2219 1204 2244 ω
1222 2219 1245 2244 ν
1275 2219 1426 2255 προοι-

73 2271 179 2308 μιιην
218 2274 290 2298 και
330 2260 459 2310 λογος
487 2262 522 2301 Α
554 2277 626 2303 και
667 2264 707 2300 Ε
737 2276 899 2318 vonum.
958 2258 1140 2302 Graece.
1173 2275 1271 2302 cum
1300 2274 1427 2315 prae-

74 2313 235 2355 satione
280 2314 522 2359 Joannis
575 2317 803 2360 Caselii.
882 2317 1067 2359 Helmst.
1124 2319 1244 2360 1594.
1286 2320 1328 2360 4.
1370 2342 1425 2347 -

74 2369 350 2435 Illas-igitur
392 2373 606 2418 editiones
644 2391 730 2418 non
770 2374 944 2430 quidem
974 2389 1143 2431 semper
1172 2382 1215 2416 et
1244 2375 1424 2430 ubique,

76 2434 121 2468 at
158 2427 475 2472 difficilioribus
530 2438 674 2474 tamen
717 2433 822 2474 locis
863 2433 1022 2489 passim
1070 2432 1338 2488 inspeximus
1384 2439 1427 2473 et

77 2485 386 2539 consuluimus,
418 2488 627 2543 imprimis
657 2490 788 2531 etiam
818 2505 869 2532 eo
899 2490 1104 2543 consil-io,
1135 2498 1185 2531 ut
1212 2505 1298 2544 quo
1328 2491 1426 2531 fun-

78 2539 279 2606 dainento
330 2544 540 2587 niteretur
586 2547 782 2589 recensio
839 2547 1075 2589 Henrici
1119 2546 1424 2603 Stephani,

77 2599 361 2663 qui-Legum
401 2602 535 2645 libros
575 2620 736 2662 magna
782 2605 986 2647 tractavit
1032 2620 1131 2646 cum
1178 2603 1424 2661 diligentia,

77 2655 235 2699 clarius
272 2659 598 2715 perspiceretur.
673 2661 845 2704 Etenim
891 2661 1331 2717 St-ephanianam
1365 2659 1426 2702 le-
