1612 2872
245 114 328 156 220
731 105 1102 153 PLATONIS

249 229 399 282 θμοῦ,
448 224 501 267 ὃν
558 224 580 266 ὁ

246 293 330 347 μής
1344 304 1353 319 ’

351 358 448 398 ΚΛ.
517 355 675 403 Δῆλον,
713 350 769 401 ὡς
804 351 1019 404 οὐδαμῶς.

345 422 444 462 ΛΘ.
514 421 692 466 Γελῶος
736 415 820 472 ,ἀρ
866 416 888 459 ό
926 433 970 469 2⁸
1005 415 1139 465 πολὺς
1175 412 1300 469 ὄχλος
1338 412 1577 468 ἴῃούμενος

249 487 406 534 ἱκαιῶς
453 482 700 537 μγτώσκειν
747 481 813 524 τό
841 499 884 524 τε
932 481 1202 535 εὐάρμοστον
1245 498 1315 521 και
1351 479 1578 533 εὔρυθμον

250 570 318 593 και
358 550 431 604 μή,
467 549 560 592 ὅσοι
600 548 997 603 πρωυᾳδειναυτῶν
1031 550 1099 589 καὶ
1136 549 1303 600 βαίνειν
1340 550 1384 586 ὲν
1414 545 1575 602 ρυθμῶ

197 642 211 655 ἰ
249 615 453 670 γεγόνασι
487 618 871 668 διηναγκασμένοι,
907 611 975 655 ὅτι
1018 615 1061 654 δὲ
1106 614 1238 664 δρῶσι
1271 612 1411 652 ταῦτα
1449 611 1578 664 ἁγνο-

251 685 402 731 οῦντες
446 681 593 722 αὐτῶν
634 684 814 726 ἕκαστα,
853 678 905 720 οὐ
955 680 1291 730 συλλογίζονται.
1331 674 1379 717 τὸ
1417 679 1459 718 δέ
1496 691 1579 717 που

251 748 525 800 προςήκοντα
545 748 624 800 μὲν
647 749 741 799 ἔχον
774 747 863 785 πᾶν
896 746 1021 798 μέλος
1058 743 1212 798 ὀρθῶς
1245 741 1416 796 ἔχει,,ιυ’]
1453 758 1579 795 προς-

640 222 822 274 ποιητὴς
866 221 987 274 αὐτῷ
1034 222 1283 279 προςῆψεν,
1337 217 1488 271 ὀρθῶς
1547 215 1568 268 ἢ

251 813 411 866 ἠκοντα
449 814 492 854 δὲ
529 810 852 865 ἡμαρτημένως.

343 952 381 986 C.
430 951 554 991 μέλος
588 947 733 991 ὀρθῶς
757 948 860 990 ἔχει]
889 949 927 981 V.
952 948 1045 989 ἔχειν.

254 1000 299 1031 Α.
329 996 366 1031 Ω.
394 997 430 1031 Ξ.
459 1008 490 1028 v.
518 997 540 1027 f.
564 997 597 1029 h.
624 1006 650 1029 r.
676 1006 708 1026 x.
736 1006 766 1028 a.
793 1006 819 1029 c.
849 1005 879 1026 o.
906 992 934 1027 δ.

256 1122 354 1162 ἧκεν
393 1119 468 1150 τοῦ
509 1118 720 1159 Δωριστὶ]
763 1116 886 1148 Oratio

254 1166 370 1207 paullo
402 1170 456 1196 est
487 1164 649 1203 liberior,
674 1173 763 1204 quae
785 1163 888 1193 facile

254 1221 355 1252 quem
393 1210 541 1241 deducat
580 1209 616 1239 in
657 1208 788 1239 fraudis
824 1207 887 1238 ali-

255 1257 353 1287 cuius
392 1255 636 1295 suspicionem.
688 1252 757 1284 Sed
802 1252 888 1282 nihil

255 1301 459 1333 mutandum
511 1308 700 1331 censemus.
774 1297 888 1328 Mani-

256 1346 383 1377 festum
406 1349 459 1376 est
482 1345 573 1375 enim
588 1343 794 1374 sententiam
813 1351 888 1372 ver-

258 1391 380 1422 borum
427 1399 504 1420 esse
547 1389 653 1419 hanc:
702 1397 754 1418 an
791 1397 890 1427 quo-

258 1436 391 1468 modo
425 1435 519 1475 quis
551 1437 713 1465 rectam
749 1436 891 1463 cantu-

258 1491 321 1512 um
361 1480 581 1511 rationem
625 1477 891 1518 perspiciet,

258 1526 334 1566 qui
381 1524 607 1555 curaverit
654 1523 724 1553 vel
761 1522 893 1553 etiam

258 1580 346 1602 non
373 1569 600 1601 curaverit
623 1567 893 1598 harmoniam

259 1615 487 1653 Dorscam,
547 1617 679 1652 atque
742 1610 894 1651 rhyth-

260 1669 384 1694 mum,
423 1667 547 1698 quem
586 1657 714 1697 poeta
750 1656 789 1686 ei
827 1655 894 1686 ad·

260 1703 484 1741 iunxerit,
515 1706 694 1732 rectene
725 1701 812 1731 ista
841 1709 894 1730 an

261 1758 389 1780 secus
435 1746 648 1777 habeant?
688 1745 720 1775 h.
763 1754 794 1775 e.
835 1744 894 1784 qui

260 1795 384 1825 harum
407 1801 522 1823 rerum
547 1791 619 1821 fere
643 1790 837 1821 incuriosus
863 1793 897 1819 et

261 1840 406 1879 ignarus
430 1837 546 1867 fuerit.
602 1835 754 1866 Verbum
791 1841 893 1874 προς-

263 1881 336 1924 ήκει
366 1880 445 1920 ἐμοί
476 1881 543 1911 hoc
578 1880 656 1911 loco
698 1879 894 1910 adiunctam

260 1928 366 1959 habet
402 1925 548 1957 curandi
589 1924 894 1965 significationem,

261 1974 410 2013 ideoque
425 1972 497 2002 fere
521 1970 612 2000 idem
641 1974 694 2000 est
717 1969 811 2009 quod
825 1967 894 1999 ἐπι-

260 2017 434 2056 μελοῠμαι.
473 2014 702 2054 Aristoph
737 2015 827 2044 Avv.
863 2023 895 2043 v.

260 2063 340 2097 966.
374 2056 498 2092 η’»οὖν
528 2057 689 2100 προςήκει
720 2055 791 2099 δῆτ’
824 2056 898 2096 ἐμοὶ

262 2106 482 2148 Κορινθίων;
521 2104 630 2144 quid
667 2113 745 2143 ego
789 2112 894 2134 euro

262 2149 550 2183 Corinthios?
606 2148 823 2190 Disputavic·
852 2148 896 2178 de

261 2198 327 2228 hac
348 2196 553 2237 loquutione
581 2193 604 2222 V
621 2203 642 2225 a
657 2195 668 2224 l
688 2204 706 2225 e
722 2194 744 2224 k
759 2203 777 2224 e
793 2203 814 2223 n
833 2202 854 2223 a
868 2202 896 2223 r.

262 2242 415 2272 Diatrib.
453 2252 487 2282 p.
527 2237 605 2272 124.
645 2248 689 2269 =
728 2237 803 2271 128.
841 2238 894 2269 ed.

262 2286 382 2326 Lips.‚
405 2287 441 2316 in
481 2294 522 2316 eo
553 2289 668 2315 tamen
692 2283 799 2314 falsus
826 2282 895 2320 ille,

262 2331 355 2371 quod
380 2331 572 2369 genitivum
595 2332 712 2359 censet
735 2337 777 2358 ex
798 2328 830 2358 τί
842 2327 896 2358 vel

265 2371 369 2409 οὐδέν
385 2375 534 2415 pendere
558 2374 592 2404 in
619 2374 662 2404 iis
686 2373 783 2408 locis,
805 2381 893 2412 quos

264 2424 399 2456 tractat,
414 2429 495 2450 casu
519 2418 651 2448 addito.
683 2417 778 2450 Quid
802 2417 894 2448 enim

263 2466 305 2496 iis
329 2465 415 2496 locis
439 2464 616 2501 faciemus,
634 2462 693 2492 ubi
716 2462 802 2493 nihil
826 2462 896 2492 tale

263 2510 420 2542 additum
466 2508 616 2548 legitur?
690 2506 764 2537 Nec
812 2516 894 2537 vero

264 2554 435 2587 eiusmodi
474 2553 544 2584 loci
576 2551 646 2582 rari
677 2555 776 2590 sunt3
815 2560 896 2583 nam

265 2604 401 2640 praeter
448 2597 540 2628 hunc
583 2595 739 2627 Platonis
784 2595 897 2627 locum

267 2644 357 2676 conf.
386 2643 479 2676 infra
509 2643 583 2675 libr.
616 2640 662 2672 X.
688 2650 721 2680 p.
747 2640 824 2673 900.
850 2642 896 2673 E:

1095 949 1219 980 Veram
1247 948 1430 979 lectionem
1454 947 1580 979 habent

956 1117 1009 1147 καὶ
1037 1116 1102 1147 τῶν
1133 1114 1192 1154 μὲν
1218 1112 1398 1156 προςήκειν
1423 1112 1514 1156 ἡμῖν,
1537 1115 1580 1146 εἷ’-

957 1172 1028 1202 περ,
1056 1158 1130 1201 ὅσα,
1146 1160 1295 1201 φλαῦρα,
1320 1160 1420 1191 θεοῖς
1445 1158 1481 1191 δὲ
1505 1158 1583 1191 οὕτε

956 1206 1038 1247 μέγα
1075 1204 1154 1236 οὕιε
1189 1202 1330 1245 σμικρόν
1369 1204 1434 1236 τῶν
1470 1202 1585 1236 τοιού-

957 1263 1023 1283 των
1065 1249 1166 1290 μετὸν
1221 1248 1383 1291 ἐροῦμεν;
1431 1252 1583 1281 Αῃάοο.

955 1308 988 1338 p.
1020 1296 1077 1349 33,
1102 1296 1164 1329 29³
1189 1293 1259 1333 ἐμοὶ
1290 1294 1350 1334 μὲν
1388 1291 1586 1335 οὐδαμόθεν

956 1339 1115 1382 προςήκει
1140 1338 1266 1371 τούτου
1296 1340 1359 1371 τοῦ
1383 1338 1586 1382 πράγματος.
1610 1359 1612 1363 -

955 1386 1179 1440 Xenoph.
1213 1385 1340 1427 Cyrop.
1371 1386 1427 1417 lV.
1459 1387 1498 1426 2,
1523 1385 1585 1419 40:

959 1428 1033 1462 οὐδ’
1059 1424 1107 1462 ὧε
1131 1427 1208 1471 ἡμῖν
1238 1431 1301 1461 νῦν
1325 1428 1486 1471 προςήκει
1510 1428 1589 1461 οὔτε

959 1476 1154 1517 πλησμονῆς
1179 1486 1231 1506 πω
1256 1473 1335 1506 οὔτε
1358 1475 1479 1516 μέθης.
1497 1476 1587 1509 conf.

959 1522 1105 1553 Thom.
1123 1521 1233 1560 Mag.
1258 1531 1292 1561 p.
1318 1521 1395 1554 751.
1421 1521 1476 1552 ed.
1501 1520 1586 1554 Ber-

959 1567 1058 1598 nard.
1086 1566 1204 1605 ibique
1231 1566 1341 1606 intpp.
1377 1565 1447 1596 Sed
1470 1567 1589 1597 redea-

960 1621 1034 1642 mus
1064 1611 1110 1642 ad
1143 1610 1210 1641 loci
1235 1611 1451 1641 sententiam.
1502 1610 1589 1642 Eius

959 1657 1067 1696 igitur
1091 1656 1175 1686 haec
1200 1655 1252 1686 vis
1277 1659 1347 1693 est,
1369 1660 1407 1685 ut
1430 1660 1590 1696 negetur,

959 1701 1056 1731 illum
1084 1704 1246 1731 cantuum
1269 1704 1303 1731 et
1317 1701 1499 1731 modorum
1517 1711 1589 1731 mu-

961 1747 1112 1777 sicorum
1144 1745 1315 1776 rationem
1348 1755 1423 1776 esse
1450 1755 1590 1786 perspe-

962 1795 1108 1829 cturum,
1128 1790 1224 1820 ouius
1249 1790 1335 1820 nihil
1360 1790 1431 1821 fere
1455 1791 1592 1822 intersit

962 1844 1102 1866 curasse
1126 1835 1343 1865 harmoniam
1369 1835 1531 1866 Doricam
1556 1840 1591 1866 et

961 1889 1140 1911 numerum
1165 1880 1193 1910 ei
1218 1889 1238 1910 a
1262 1879 1365 1931 poeta
1381 1880 1590 1911 adiunctum.

962 1925 1099 1956 Etenim
1118 1924 1287 1964 προςῆκεν
1311 1920 1331 1964 ἢ
1354 1922 1397 1965 μὴ
1420 1925 1592 1977 προς-ἧκεν

963 1971 1091 2002 dictum
1120 1975 1182 2000 est
1213 1973 1250 1999 ut
1280 1966 1303 2007 ἤ
1334 1977 1382 1999 τις
1414 1966 1435 2009 ἢ
1467 1967 1591 2007 adacte,

963 2017 988 2047 i.
1005 2026 1034 2046 e.
1055 2014 1145 2045 fere
1170 2014 1333 2052 nullus,
1349 2023 1392 2044 so
1417 2018 1492 2054 gut
1518 2016 1592 2046 wic

963 2060 1131 2098 keiner,
1173 2059 1215 2089 de
1259 2068 1328 2099 qua
1372 2058 1522 2090 formula
1557 2069 1589 2091 v.

960 2114 1040 2137 ann.
1070 2104 1114 2135 ad
1144 2103 1251 2143 ‘Apol-
1282 2102 1378 2134 Socr.
1406 2114 1440 2144 p.
1472 2105 1526 2138 17.
1554 2104 1590 2136 B.

962 2149 1064 2187 Quod
1111 2157 1192 2179 vero
1239 2152 1450 2188 postremum
1497 2150 1591 2188 istud

962 2194 1023 2225 τοῦ
1055 2192 1189 2233 δωριστὶ
1227 2193 1446 2233 adiungitur,
1476 2194 1512 2225 id
1549 2204 1590 2225 eo

961 2239 1127 2281 pertinet,
1152 2238 1297 2277 opinor,
1322 2239 1416 2279 quod
1440 2239 1591 2270 numeris

960 2283 1111 2324 rhythmi
1140 2287 1282 2314 naturae
1309 2283 1511 2314 harmoniae
1534 2294 1590 2315 cu-

961 2331 1083 2368 iusque
1113 2328 1283 2358 debebant
1316 2337 1391 2359 esse
1427 2330 1590 2359 conveni-

960 2378 1055 2406 entes
1081 2382 1192 2413 neque
1216 2382 1292 2404 cum
1316 2382 1358 2404 ea
1380 2373 1590 2404 discordare.

962 2419 1010 2449 De
1043 2428 1111 2458 qua
1140 2426 1178 2448 re
1208 2428 1239 2449 v.
1277 2417 1501 2449 Plutarch.
1536 2418 1590 2448 De

961 2463 1080 2495 music.
1106 2462 1162 2495 32.
1184 2472 1216 2502 p.
1242 2461 1341 2495 1142.
1368 2463 1407 2495 D.
1436 2472 1510 2503 sqq.
1533 2462 1588 2495 33.

962 2519 995 2548 p.
1021 2506 1120 2540 1143.
1154 2507 1335 2539 Aristot.
1375 2507 1476 2538 Polit.
1511 2507 1587 2537 libr.

963 2552 1061 2584 VIII.
1092 2555 1178 2582 extr.
1214 2552 1258 2582 al.
1315 2551 1385 2582 Sed
1421 2555 1459 2582 ut
1494 2554 1588 2584 totus

964 2598 1058 2629 locus
1083 2601 1175 2628 recte
1198 2596 1431 2636 intelligatur,
1453 2600 1588 2635 praete-

965 2652 1023 2674 rea
1053 2643 1155 2674 eliam
1184 2641 1279 2672 aliud
1316 2640 1399 2681 quid
1436 2641 1587 2673 animad—
