1612 2872
214 91 295 132 m:
332 89 610 134 memus
645 89 764 134 Lm.
797 74 878 132 iv.
902 90 958 131 Ρ.
995 90 1090 132 712.
1123 89 1188 134 st.
1319 94 1405 134 413

295 206 342 250 τὸ
389 206 430 250 δ’
455 194 459 197 ι
483 201 542 252 αὖ
586 209 648 264 μὴ
693 208 840 265 φάναι
873 209 1226 264 ἀριστοκρατίαν
1260 208 1407 262 αὐτὴν

39 275 152 318 εἶναι
190 274 483 318 παντάπασιν
505 274 693 319 ἄτοπον.
717 278 790 318 καὶ
822 278 902 330 μὲν
925 273 978 328 δὴ
1009 277 1212 331 βασιλεία
1248 293 1294 329 γε
1331 276 1404 320 διὰ

38 345 138 397 βίον
185 341 222 384 τ’

37 213 224 252 ἑοικέναι
235 223 244 232 ·

277 346 392 384 ἐστὶν
434 347 481 386 ἐν
525 343 640 403 αὐτῇ
685 347 756 385 καὶ
801 343 1083 399 ἀρχαιοτάτη
1129 345 1285 387 πασῶν
1329 350 1403 386 καὶ

40 411 151 466 πρὸς
188 407 371 451 πάντων
419 409 684 464 ἀνθρώπων
722 414 795 454 καὶ
833 409 956 462 ἡμῶν
992 409 1143 454 αὐτῶν
1178 413 1404 466 λεγομένη.

38 474 120 528 ἐγώ
155 479 200 518 δὲ
238 474 355 519 οὕτω
393 479 475 520 νῦν
509 478 719 533 ἐξαίφνης
755 477 816 521 ἂν
851 481 1096 534 ἐρωτηθεὶς
1123 475 1276 528 ὅντως,
1298 477 1427 533 ὅπερ’

41 541 304 598 elnam-0132
342 546 421 598 ἔχω
461 545 774 599 διορισάμενος
807 549 966 595 εἰπεῖν,
1003 548 1068 595 τίς
1111 543 1282 589 τούτων
1317 549 1407 589 ἐστὶ

44 612 129 653 τῶν
161 612 406 653 πολιτειῶν.

43 763 357 805 δημοκρατουμένη.
419 763 468 798 De
500 765 666 796 universo
698 766 778 796 loco
805 775 837 796 v.
869 764 1047 805 explicatt.
1096 763 1175 795 Hoc
1207 774 1315 795 unum
1352 763 1408 795 hie

0 823 9 846 2*
42 811 268 842 admonuisse
292 810 442 850 iuvabit,
462 816 544 841 ante
570 815 627 841 καί
650 819 700 842 τις
726 808 836 841 ἐνίοτε
859 819 923 841 nos
949 812 986 842 in
1010 810 1126 841 locum
1149 810 1276 851 plenae
1300 811 1408 841 inter-

43 857 244 898 punctionis
270 857 438 888 leniorem
464 857 700 897 substituisse,
715 857 890 898 siquidem
916 856 984 888 hoc
1010 856 1064 888 καὶ
1088 857 1280 898 respondet
1304 866 1407 898 prae·

44 912 167 943 gresso
193 906 257 934 καί.

45 1028 242 1060 moniornm
258 1025 356 1068 quod
375 1026 452 1066 pari
466 1025 543 1057 inre
563 1027 694 1059 aristo·

46 1074 202 1114 oratiam,
220 1072 472 1104 democratiam
491 1076 597 1114 atque
619 1083 694 1105 mo-

47 1120 227 1153 narchiam
243 1118 362 1151 vocari
376 1127 480 1158 posse
501 1119 695 1159 contendit,

48 1166 260 1207 disceptavit
287 1175 360 1196 rem
386 1164 492 1196 etiam
516 1166 693 1197 Aristo·

46 1213 161 1245 teles
201 1212 273 1243 Pol.
302 1210 342 1243 ll.
368 1208 408 1249 3,
434 1210 489 1244 10.
516 1211 577 1243 ubi
601 1211 695 1243 hunc

47 1258 208 1291 Platonis
233 1258 349 1289 locum
373 1261 556 1296 memorat,
578 1263 613 1289 et
624 1257 692 1289 1v.

46 1305 85 1349 5,
113 1304 169 1338 11.
212 1303 278 1335 IV.
309 1303 347 1343 6,
384 1301 407 1335 4
431 1312 485 1343 sq.
535 1305 569 1335 A
595 1304 695 1335 cuius

48 1351 226 1384 sententia
250 1360 321 1381 non
345 1349 492 1380 multum
518 1349 697 1391 discrepat

48 1397 217 1429 iudicium
249 1396 276 1428 C
294 1397 305 1427 i
320 1405 337 1426 c
353 1405 371 1426 e
386 1405 402 1427 r
417 1404 438 1426 o
455 1405 489 1426 n.
521 1395 576 1428 De
606 1396 695 1437 Rep-

49 1444 94 1475 11.
114 1442 171 1476 23.
207 1443 267 1484 qui
289 1441 546 1483 Spartanorum
572 1443 696 1474 civita-

49 1495 118 1521 tem
143 1489 317 1520 mixtam
350 1487 460 1520 fuisse
491 1488 559 1531 ait,
594 1493 695 1520 tem-

50 1540 248 1577 peratam
292 1534 401 1565 fuisse
449 1539 564 1574 negat.
602 1533 694 1566 conf.

49 1581 153 1613 etiam
199 1580 355 1612 eiusdem
394 1579 507 1620 Legg.
553 1580 623 1612 111.
663 1579 697 1614 5.

49 1627 274 1668 Ephororum
299 1629 508 1667 potestatem
541 1637 618 1658 cum
643 1630 697 1667 ty-

49 1672 197 1706 rannide
232 1676 413 1713 comparat
452 1672 557 1703 etiam
598 1673 699 1703 Ari-

49 1723 152 1751 stot.
180 1718 259 1749 Pol.
287 1717 328 1749 ll.
354 1717 394 1757 6,
419 1716 474 1751 14.
525 1716 697 1755 Οοῃῖεωε

50 1766 94 1797 de
132 1765 255 1796 eadem
292 1763 397 1795 etiam
437 1773 527 1805 quae
559 1763 696 1796 Plato

51 1821 160 1852 supra
185 1810 282 1842 Libr.
307 1808 379 1843 111.
405 1819 439 1850 p.
467 1809 548 1842 692.
564 1810 612 1841 A.
637 1819 696 1841 ex-

50 1858 181 1899 posuit.
232 1854 385 1887 Omnino
412 1864 496 1887 vero
522 1855 566 1886 de
591 1854 698 1897 Spar-

51 1908 232 1942 tanorum,
276 1900 513 1936 Cretensium.
547 1901 699 1943 denique

52 1948 208 1981 omnium
234 1947 446 1988 populorum
468 1947 698 1979 Doriensium

53 1995 158 2027 rebus
194 1993 346 2035 publicis
387 1994 608 2025 consuluisse
646 1994 699 2024 iu-

53 2041 150 2073 vabit
181 2049 271 2081 quac
301 2049 414 2080 nuper
444 2044 584 2080 praeter
608 2040 699 2071 alios

53 2089 294 2128 exposuerunt
327 2084 502 2117 Miiller.
534 2085 589 2117 De
624 2085 700 2117 Do-

53 2132 228 2165 riensibus
260 2131 342 2163 Vol.
377 2131 418 2163 ll.
454 2142 489 2173 p.
522 2130 590 2166 142
620 2141 697 2173 sqq.

54 2178 293 2211 Tittmann.
323 2175 466 2209 Griech.
499 2176 698 2210 Staatsver-

54 2224 202 2265 fassung
222 2234 255 2265 p.
269 2222 315 2257 89
330 2231 408 2264 sqq.
435 2222 521 2255 Sch
534 2223 696 2255 omann.

55 2271 286 2311 Antiquitatt.
325 2268 398 2300 Iur.
437 2269 538 2300 Pnbl.
571 2269 698 2302 Graec.

55 2315 185 2357 p.104
209 2326 286 2356 sqq.
312 2318 347 2346 et
369 2325 403 2356 p
430 2315 497 2349 149
522 2326 598 2358 sqq.

101 2363 175 2394 καί
198 2370 260 2393 τις
285 2358 423 2391 ἐνίοτέ
452 2372 521 2400 μοι
554 2362 699 2402 φαίνε-

58 2418 122 2440 ται
136 2426 179 2431 -
196 2405 396 2438 ἐοικέναι.
411 2407 418 2442 1
450 2407 563 2448 Vulgo
580 2408 700 2439 καιτοι.

55 2453 154 2485 Libri
190 2458 306 2485 tamen
338 2462 459 2484 omnes
491 2463 568 2486 cum
598 2454 699 2485 editt.

56 2504 137 2531 ante
152 2498 275 2540 Steph.
292 2500 352 2530 καί
368 2506 416 2529 τις
440 2497 559 2533 ἐνίοτε.
586 2498 700 2537 Quam

57 2546 243 2577 lectionem
266 2545 456 2585 prudenter
472 2545 571 2576 Win
584 2545 630 2578 ck
645 2545 700 2581 el-

6 2614 10 2615 .
56 2600 235 2623 mannus
267 2590 314 2622 ad
338 2590 549 2631 Euthydem.
581 2601 615 2632 p.
643 2590 699 2625 74.

55 2636 107 2669 ita
137 2641 272 2676 tuetur,
305 2640 343 2667 ut
374 2645 439 2678 pro
463 2634 698 2677 δημοκρατου-

58 2681 149 2722 μένῃ.
175 2682 296 2714 dativo
322 2691 416 2721 casu,
433 2683 556 2723 reponi
582 2683 700 2716 iubeat.

762 1025 1083 1068 δημοκρατουμένη,
1122 1025 1410 1068 quandoquidem

761 1070 910 1104 ἐοικέναι
942 1073 1049 1104 ctiam
1079 1083 1158 1104 cum
1188 1073 1411 1104 nominativo

760 1118 940 1161 participii
973 1119 1222 1160 coniungitur,
1247 1119 1304 1151 „de
1342 1127 1412 1159 qua

762 1164 1028 1197 constructione
1065 1165 1219 1197 diximus
1250 1165 1298 1196 ad
1322 1164 1410 1196 Cra-

762 1212 823 1253 tyl.
846 1221 881 1253 p.
905 1209 986 1244 408.
1011 1210 1054 1242 E.
1087 1216 1176 1243 extr.
1208 1215 1242 1242 et
1267 1221 1302 1252 p.
1328 1209 1409 1244 419.

763 1256 804 1289 C.
819 1258 902 1289 item
927 1256 1022 1288 infra
1041 1256 1153 1298 Legg.
1171 1256 1259 1288 XII.
1277 1267 1311 1298 p.
1328 1255 1409 1291 948.

769 1303 807 1335 B.
858 1302 929 1335 Sed
958 1308 1140 1344 praeterea
1172 1304 1277 1334 etiam
1301 1303 1409 1335 inter-

764 1351 909 1391 punctio
942 1349 1161 1382 emendanda
1195 1349 1284 1389 fuit,
1314 1350 1411 1391 quod

764 1396 910 1428 fecimus
948 1395 1026 1427 colo
1066 1396 1103 1428 in
1139 1396 1257 1427 locum
1290 1396 1426 1437 puncti

764 1446 845 1474 ante
872 1441 926 1473 καὶ
959 1450 1009 1473 us·
1033 1442 1238 1474 substituto.
1289 1442 1412 1483 ltaque

765 1489 968 1520 universum
994 1488 1111 1519 locum
1141 1489 1414 1529 interpretamur

765 1535 833 1566 sic:
859 1544 953 1566 nam
990 1537 1029 1565 et
1054 1531 1229 1576 (καὶγὰρ)
1262 1539 1413 1575 tyran-

766 1581 859 1612 nidi
892 1580 1070 1612 videtur
1108 1580 1276 1612 similis
1315 1590 1412 1612 esse

765 1626 1061 1658 -etsubinde
1088 1627 1412 1667 quodammodo

765 1671 872 1704 mihi
909 1672 1087 1704 videtur
1124 1672 1316 1704 omnium
1356 1673 1411 1704 ci-

765 1718 957 1750 vitatum
982 1718 1410 1760 simillimaimperio

765 1764 986 1806 populari.
1035 1764 1408 1797 Verumtamen

766 1820 848 1842 non
872 1809 1005 1841 fateri
1032 1820 1192 1842 rursus
1219 1815 1285 1842 ete..
1323 1810 1412 1843 Mox

765 1866 829 1896 pro
863 1855 917 1886 καὶ
947 1855 1024 1898 μὲνκ
1050 1854 1092 1897 δὴ
1122 1855 1279 1896 βασιλεία
1304 1866 1343 1898 γε
1368 1866 1412 1889 ne

767 1902 844 1942 quis
875 1901 975 1932 malit
1015 1901 1070 1932 καὶ
1108 1898 1190 1943 μὴν
1223 1898 1268 1944 δὴ
1302 1901 1339 1943 β.
1372 1913 1414 1944 y..

765 1947 956 1979 abhorrere
985 1947 1055 1979 hoc
1084 1957 1232 1988 prorsus
1273 1947 1319 1979 ab
1359 1948 1412 1980 lo-

767 1993 899 2035 quendi
932 1993 1189 2026 consuetudine
1214 1994 1411 2026 identidem

766 2039 946 2072 monuisse
975 2039 1122 2071 iuvabit.
1156 2051 1191 2072 v.
1232 2040 1277 2072 ad
1313 2038 1414 2082 Sym·

766 2096 844 2127 pos.
868 2096 902 2127 p.
927 2085 1006 2120 197.
1034 2086 1077 2117 A.

813 2131 856 2162 E.
887 2131 965 2163 νῦν
989 2129 1210 2172 ἐξαίφνης
1237 2126 1288 2162 ἂν
1310 2127 1412 2173 ἐρώ-

768 2177 921 2218 τηθεὶς
947 2176 1008 2232 —]
1037 2177 1148 2209 Facili
1169 2177 1312 2218 negotio
1335 2187 1412 2210 cor-

768 2224 921 2255 rexeris:
968 2219 1214 2265 ἅι·ερωτηθει’.ς
1274 2224 1413 2256 Verun-

767 2274 884 2301 tamen
903 2267 944 2301 ἄν
959 2270 1074 2301 locum
1089 2269 1157 2302 sibi
1180 2279 1281 2302 snum
1297 2269 1413 2310 facile,

768 2316 918 2356 opinor,
948 2316 1121 2355 tuebitur,
1151 2316 1182 2348 si
1217 2320 1313 2349 recte
1343 2320 1413 2349 sta-

766 2366 865 2394 tuere
890 2362 1008 2402 liceat,
1036 2363 1224 2396 inchoatae
1250 2367 1411 2394 constru-

765 2408 895 2440 ctionis
920 2409 1092 2441 rationem
1120 2408 1249 2441 deinde
1279 2408 1412 2441 inflecti

765 2463 807 2486 ac
834 2455 982 2494 mutari,
1014 2464 1056 2487 ac
1090 2464 1156 2497 pro
1191 2450 1257 2485 οὐκ
1294 2453 1413 2495 ἔχοιμι,

767 2500 937 2541 neglectis
974 2500 1090 2533 verbis
1132 2497 1175 2533 ἂν
1210 2499 1412 2542 ἐρωτηθείς.

766 2546 995 2579 indicativum
1050 2543 1115 2579 οὐκ
1165 2547 1229 2587 ἔχω
1277 2547 1414 2578 inferri.

770 2591 807 2625 ld
831 2602 915 2625 vero
943 2595 1131 2635 quominus
1160 2594 1211 2628 ita
1236 2601 1314 2624 esse
1339 2593 1413 2623 exi-

767 2638 945 2671 stimemus
956 2639 1045 2671 nihil
1059 2640 1230 2681 impedire
1245 2638 1412 2670 arbitror.

765 2683 856 2716 Nam
882 2686 948 2717 etsi
974 2684 1277 2718 Lacedaemonius
1309 2686 1415 2715 antea
