1612 2872
542 82 916 128 PRAEFATIO
1336 80 1405 123 IX

51 216 146 244 mus
175 207 300 259 grato
340 200 483 243 animo
523 197 742 257 profiteri,
784 212 913 254 quam
959 201 1170 251 quantum
1202 195 1286 252 ipsi
1318 210 1405 237 non

38 258 286 301 'debeamus
326 257 547 314 copiosius
586 270 814 313 exponere.
882 253 1059 310 Quippe
1098 253 1294 309 suscepit
1334 253 1406 294 A-

53 315 204 358 stius
249 330 488 370 sanequam
536 328 693 356 munus
745 311 1069 364 difficillimum,
1119 310 1193 366 qui
1241 309 1406 366 primus

55 373 199 429 Leges
228 379 440 429 perpetuo
472 370 624 414 ordine
662 368 903 412 dilucidare
944 368 1132 410 animum
1171 365 1406 409 induxerit.

53 427 188 484 Quod
218 430 325 485 quid
355 435 648 484 quantumque
679 427 758 479 sit,
790 441 924 481 quum
945 440 1094 468 omnes
1126 425 1181 480 ii,
1214 424 1290 480 qui
1318 423 1405 466 tale

54 486 161 542 quid
187 502 391 542 umquam
420 484 707 538 tentaverint,
737 483 849 526 bene
880 482 1148 539 intelligent,
1181 488 1272 524 tum
1303 496 1406 524 nos-

54 550 143 586 met
171 544 255 600 ipsi
283 541 551 586 illustrandis
582 557 677 584 com
710 540 877 583 Iuribus
910 539 1111 582 Platonis
1145 539 1268 582 libris
1299 554 1408 581 non-

54 599 156 642 dum
204 606 333 643 antea
371 598 644 653 dilucidatis,
718 596 894 651 olitico,
928 595 1141 650 Philebo,
1185 596 1308 651 aliis,
1346 597 1410 638 ita

53 657 222 713 experti
251 671 417 711 sumus,
448 662 498 698 ut
528 656 591 698 rei
619 653 961 712 magnitudinem
1005 653 1135 709 plane
1174 653 1336 696 sentire
1366 660 1410 696 et

52 714 279 757 aestimare
318 713 610 757 didicerimus.
679 711 882 755 Accessit
921 711 1031 763 huc,
1079 710 1198 766 quod
1239 711 1408 754 Astio

54 771 243 813 nondum
280 771 424 828 patuit
461 785 667 813 accessus
708 769 764 811 ad
811 783 918 826 opes
967 768 1168 821 criticas,
1221 783 1408 823 quorum

54 843 157 871 usus
215 835 371 884 postea
430 827 603 870 demum
641 827 838 870 reclusus
880 832 968 880 est,
1010 825 1198 868 necdum
1246 840 1407 882 suppe-

54 885 246 928 tiverunt
273 901 421 929 eorum
462 901 610 942 opera,
645 885 721 940 qui
750 884 909 926 multos
951 883 1227 939 antiquitatis
1268 883 1408 936 locos,

54 958 237 998 quorum
279 943 442 986 mentio
478 943 524 985 in
562 942 759 998 Legibus
801 941 875 994 fit,
907 956 1022 983 nova
1051 939 1278 983 doctrinae
1307 940 1408 982 luce

54 1006 408 1057 consperserunt,
438 1006 490 1042 ut
517 1007 563 1042 et
593 999 822 1041 verborum
861 1003 907 1040 et
935 1013 1080 1040 rerum
1108 997 1409 1054 interpretatio

53 1058 96 1099 ei
132 1057 268 1100 multo
306 1058 440 1100 suerit
474 1057 748 1114 impeditior,
791 1071 922 1111 quam
969 1055 1100 1098 hodie
1147 1070 1244 1098 esse
1281 1055 1411 1097 facile

56 1114 324 1171 intelligitur.
394 1115 550 1170 Itaque
605 1113 800 1171 plurimis
843 1128 947 1156 sane
983 1112 1091 1155 locis
1145 1127 1171 1154 a
1217 1112 1411 1155 celeber-

54 1171 152 1213 rimi
190 1172 274 1214 viri
319 1173 536 1215 sententia
583 1169 894 1214 discedendum
945 1170 1073 1213 nobis
1112 1169 1224 1225 fuit,
1274 1169 1411 1224 idque

55 1235 178 1271 tanto
207 1229 338 1271 etiam
366 1229 542 1285 saepius
570 1228 630 1270 ita
659 1227 842 1282 accidit,
875 1227 992 1284 quod
1024 1242 1079 1269 ne
1110 1227 1164 1269 de
1195 1241 1411 1283 gramma-

56 1286 156 1328 ticis
199 1286 374 1341 quidem
413 1286 499 1343 ipsi
536 1301 616 1342 per
661 1285 807 1328 omnia
851 1284 1058 1327 assentiri
1102 1285 1242 1328 licuit.
1319 1282 1413 1328 Sed

57 1349 157 1385 utut
184 1351 263 1397 est,
294 1358 436 1399 neque
467 1343 579 1386 enim
608 1343 672 1385 illi
703 1342 1008 1385 detrahere
1044 1342 1237 1385 ausimus
1278 1341 1411 1384 hae-

57 1410 265 1442 rentem
309 1401 487 1457 capiti
525 1400 698 1443 multa
736 1415 853 1442 cum
904 1398 1072 1442 laude
1123 1414 1410 1453 coronam,

56 1456 165 1499 illud
194 1456 370 1512 quidem
399 1464 517 1501 certe
546 1473 635 1500 non
665 1458 759 1500 sine
787 1457 926 1499 multa
966 1457 1204 1515 gratiarum
1239 1457 1412 1499 actione

57 1514 282 1557 fatendum
326 1521 407 1570 est,
446 1515 510 1557 illi
539 1516 615 1558 uni
659 1515 934 1570 potissimum
974 1521 1206 1571 acceptum
1243 1514 1410 1568 referri,

58 1570 178 1627 quod
202 1571 378 1615 tandem
408 1572 642 1628 aliquando
671 1572 923 1615 universum
951 1587 1063 1629 opus
1080 1572 1252 1629 Legum
1282 1571 1416 1614 docta

57 1630 340 1672 annotatione
367 1629 632 1672 illustratum
662 1629 936 1685 accepimus,
982 1645 1095 1685 quae
1125 1629 1295 1672 etiamsi
1323 1643 1414 1671 non

58 1701 370 1742 usquequaque
407 1687 645 1744 legentium
686 1686 914 1730 desideriis
954 1693 996 1729 et
1033 1686 1415 1742 expectationibus

59 1743 325 1798 satisfaciat,
375 1750 521 1787 tamen
561 1745 735 1787 omnino
775 1744 888 1786 viam
927 1743 984 1787 ad
1010 1744 1233 1787 meliorem
1267 1743 1416 1800 operis

58 1800 388 1859 intelligentiam
418 1802 595 1859 egregie
623 1801 823 1844 munivit.
881 1801 1011 1845 Unus
1041 1802 1176 1859 igitur
1205 1801 1414 1844 Astius

59 1857 159 1911 fuit,
189 1864 240 1900 ut
260 1858 463 1914 diximus,
497 1874 624 1916 quem
651 1859 698 1901 in
720 1859 1020 1902 collustrando
1049 1859 1255 1901 universo
1280 1873 1416 1914 opere

60 1928 138 1970 per
177 1915 321 1957 omnia
360 1915 514 1958 ducem
544 1916 669 1971 sequi
697 1930 954 1959 concessum
985 1916 1082 1958 fuit.
1141 1915 1240 1958 Nec
1269 1921 1416 1957 tamen

60 1970 329 2027 spernendas
368 1972 588 2030 symbolas
627 1972 685 2014 ad
726 1973 962 2015 iuvandam
992 1973 1164 2030 Legum
1201 1972 1418 2029 interpre-

60 2028 271 2071 tationem
302 2029 432 2071 etiam
463 2029 537 2071 alii
567 2029 916 2086 suppeditarunt,
949 2029 1307 2085 quandoquidem
1335 2030 1417 2072 im-

61 2085 214 2140 primis
241 2087 486 2129 recentiore
517 2092 660 2129 aetate
689 2087 819 2129 etiam
851 2087 1114 2141 extiterunt,
1158 2087 1234 2142 qui
1264 2087 1415 2145 singu-

60 2141 126 2184 las
157 2142 367 2197 quasdam
398 2159 544 2186 earum
582 2150 730 2199 partes
761 2144 1040 2201 grammatice
1069 2145 1253 2187 maxime
1283 2156 1416 2200 atque

62 2199 212 2242 critice
242 2206 493 2244 tractarent.
562 2201 633 2243 Ex
667 2217 850 2257 quorum
880 2217 1058 2244 numero
1094 2208 1268 2260 praeter
1304 2202 1415 2245 Ian.

62 2255 393 2300 Cornarium
423 2264 469 2300 et
509 2259 676 2300 Henr.
708 2257 1084 2314 Stephanum,
1127 2275 1313 2315 quorum
1341 2259 1415 2302 ille

61 2314 106 2355 in
143 2314 324 2371 Eclogis
361 2315 638 2358 translationi
678 2330 783 2358 suae
815 2316 1000 2359 Latinae
1031 2316 1240 2373 adiectis,
1270 2316 1342 2359 hic
1370 2317 1414 2358 in

63 2372 342 2414 annotatione
386 2373 536 2415 critica
578 2372 760 2415 editioni
793 2389 973 2430 operum
1009 2374 1207 2417 Platonn.
1252 2374 1418 2417 inserta

61 2428 283 2482 nonnulla,
305 2444 416 2485 quae
437 2429 493 2471 ad
522 2429 819 2485 explanandos
846 2431 968 2474 locos
1000 2430 1269 2475 difficiliores
1299 2431 1416 2473 vale-

63 2491 160 2538 ant,
205 2487 463 2542 expromsit,
507 2494 552 2529 et
579 2493 752 2544 praeter
790 2487 1276 2543 Schulthessium,
1317 2504 1416 2531 ver-

63 2542 264 2584 naculum
301 2543 606 2601 interpretem,
648 2545 840 2600 itemque
882 2545 1153 2588 Grouium
1193 2552 1238 2589 et
1267 2545 1416 2588 Cou-

65 2599 243 2641 sinum
303 2600 564 2657 interpretes
602 2600 824 2656 Gallicos,
873 2603 1084 2660 imprimis
1149 2602 1416 2646 memorandi

62 2661 165 2699 sunt
222 2656 320 2699 Viri
367 2658 665 2712 celeberrimi,
717 2659 853 2702 Phil.
900 2658 1048 2703 Guil.
1088 2676 1192 2703 van
1230 2661 1416 2703 Heus-
