1612 2872
274 97 351 137 138
703 61 1155 138 ARGUMENTUM

266 206 343 247 ubi
374 206 602 247 coniuncta
632 212 697 246 est
726 221 821 246 cum
850 206 1120 261 improbitate
1149 212 1193 247 et
1221 208 1450 260 iniustitia,
1491 207 1593 249 nihil

269 261 407 302 minus
439 262 548 302 solet
586 260 736 301 afferre
782 276 908 314 quam
950 261 1219 312 felicitatem3
1265 269 1329 304 est
1369 263 1478 304 enim
1509 265 1595 304 vita

270 316 451 357 honesta
499 315 647 356 eadem
700 331 869 370 quoque
918 317 1248 371 iucundissima,
1300 324 1346 359 ut
1398 319 1594 374 voluptas

268 372 384 412 nullo
423 370 550 411 modo
592 372 729 426 possit
764 387 788 412 a
829 372 985 413 virtute
1028 373 1193 428 seiungi
1235 381 1362 427 atque
1393 376 1592 430 separari.

269 426 321 466 Id
352 425 468 479 quod
498 426 577 467 hac
598 428 966 482 argumentatione
986 428 1182 470 efficitur.
1242 430 1455 485 Voluptas
1486 431 1612 471 eninr

269 482 304 522 si
345 496 369 521 a
409 482 565 523 virtute
599 482 875 539 'seiungenda
913 490 1046 534 esset3
1086 485 1228 525 autin
1261 501 1345 526 una
1375 486 1595 541 voluptate

267 539 398 578 vitam
428 538 595 578 beatam
612 539 821 580 contineri
846 547 1192 593 consequeretur,
1226 540 1341 594 quod
1366 541 1595 583 absurdum

268 599 335 633 est
371 592 494 647 ideo,
534 594 635 648 quia
671 594 751 636 hac
781 594 1026 636 conditione
1058 596 1227 637 virtutis
1265 596 1410 638 studio
1448 611 1595 652 super-

266 647 416 690 sedere
456 663 704 704 possemus,
747 656 820 690 aut
858 651 1015 704 virtus,
1067 652 1231 693 etiamsi
1271 667 1295 692 a
1331 652 1594 694 iucunditate

264 704 458 745 seiuncta
487 711 615 758 esset,
644 711 786 747 tamen
816 706 1004 747 iucunda
1034 706 1118 748 dici
1146 706 1341 758 deberet3
1375 708 1489 761 quod
1522 709 1595 763 qui

264 759 391 811 dicit,
423 761 459 802 is
488 760 714 803 manifesto
744 762 979 817 pugnantia
1009 763 1208 816 loquitur.
1268 763 1421 817 Itaque
1452 764 1594 820 legum

263 815 476 869 conditor,
498 817 619 858 cuius
643 823 708 859 est
729 817 844 858 cives
873 832 973 859 suos
1004 818 1143 859 facere
1163 833 1288 872 quam
1313 819 1594 872 felicissimos,

263 871 345 912 hoc
357 871 528 926 quidem
551 871 702 914 sedulo
722 872 895 914 debebit
915 874 966 914 iis
990 874 1219 927 inculcare,
1231 880 1280 915 ut
1301 889 1352 915 ne
1369 875 1595 916 honestum

263 933 306 967 et
334 926 568 969 iucundum
599 927 813 969 diversum
845 942 939 970 esse
959 936 1175 982 censeant,
1208 930 1283 972 sed
1315 936 1362 970 ut
1384 931 1514 971 vitam
1533 931 1595 971 in-

263 982 417 1023 iustam
456 983 538 1024 sibi
566 983 854 1037 persuadeant
894 999 979 1026 non
1019 985 1147 1027 modo
1187 986 1420 1041 turpiorem
1451 992 1494 1027 et
1523 1001 1595 1027 ne-

264 1038 481 1092 quiorem,
520 1053 667 1080 verum
710 1040 836 1080 etiam
873 1039 1210 1082 iniucundiorem
1249 1047 1291 1082 et
1335 1042 1594 1083 acerbiorem

263 1107 382 1147 esse,
422 1109 549 1148 quam
589 1095 745 1137 iustam
784 1101 914 1149 atque
951 1096 1078 1151 piam.
1138 1096 1252 1138 Nam
1290 1097 1324 1138 si
1363 1097 1596 1151 quidquam

264 1148 403 1202 aliud,
444 1150 527 1192 hoc
565 1156 680 1192 certe
718 1151 944 1206 plurimum
1001 1166 1051 1193 eo
1090 1152 1274 1205 valebit,
1315 1158 1364 1193 ut
1402 1154 1523 1208 pueri
1553 1160 1596 1193 et

265 1204 560 1247 adolescentes
598 1221 684 1247 non
723 1207 863 1248 coacti
901 1213 944 1248 et
980 1207 1128 1260 inviti,
1177 1207 1254 1249 sed
1299 1207 1494 1250 lubentes
1545 1223 1595 1249 ac

263 1261 458 1303 volentes
488 1261 631 1303 omnia
660 1262 774 1303 iusta
802 1269 933 1318 agant
953 1264 1014 1318 (p.
1039 1264 1132 1304 660.
1158 1264 1211 1305 D.
1232 1288 1284 1293 —-
1306 1265 1400 1306 663.
1427 1264 1517 1318 D.).
1541 1288 1594 1295 —

265 1315 357 1356 Iam
388 1316 583 1358 novimus
614 1317 786 1371 quidem
815 1318 1039 1360 veritatem
1068 1333 1154 1360 non
1183 1320 1244 1359 ita
1274 1319 1397 1361 facile
1423 1319 1594 1374 probari

263 1371 532 1423 hominibus3
565 1383 609 1414 at
639 1373 868 1427 plurimum
897 1379 1039 1415 tamen
1069 1374 1119 1415 in'
1141 1374 1340 1415 iuvenum
1372 1381 1414 1415 et
1442 1390 1595 1431 puero-

264 1443 357 1468 rum
387 1428 538 1470 animis
569 1443 697 1482 posse
727 1428 997 1485 disciplinam
1039 1435 1081 1471 et
1118 1429 1452 1483 institutionem,
1491 1432 1595 1472 satis

263 1489 380 1524 certo
411 1484 680 1538 exploratum
710 1483 928 1526 habemus.
989 1485 1205 1538 Quocirca
1237 1487 1362 1527 etiam
1391 1486 1595 1542 legumla-

261 1545 397 1580 torem
425 1545 596 1595 oportet
623 1540 803 1581 maxime
833 1549 997 1594 curare,
1028 1541 1230 1595 quidnam
1251 1541 1356 1582 illud
1375 1542 1446 1593 sit,
1480 1542 1596 1595 quod

263 1594 431 1636 civibus
462 1595 550 1636 suis
581 1595 830 1648 persuaderi
868 1596 1049 1649 debeat,
1092 1612 1177 1650 quo
1208 1598 1414 1638 universa
1445 1596 1595 1639 civitas

261 1650 435 1691 maximi
462 1651 672 1691 bonorum
703 1652 889 1691 omnium
905 1652 1119 1706 particeps
1152 1652 1242 1705 fiat,
1275 1653 1474 1706 omnique
1506 1659 1595 1694 stu-

262 1704 334 1746 dio
373 1705 597 1759 exquirere
634 1706 863 1760 rationem,
904 1721 988 1760 qua
1026 1707 1137 1748 effici
1182 1714 1333 1761 queat,
1379 1714 1427 1748 ut
1480 1709 1595 1750 cives

262 1775 410 1802 omnes
450 1760 504 1802 de
542 1761 671 1802 rebus
708 1761 836 1816 longe
877 1762 1140 1817 gravissimis
1179 1763 1291 1804 idem
1335 1764 1523 1805 sentiant
1553 1771 1596 1804 et

261 1817 459 1857 cantibus
489 1816 650 1871 pariter
687 1822 815 1870 atque
841 1818 1105 1859 orationibus
1147 1834 1225 1872 per
1266 1834 1433 1860 ornnem
1463 1819 1594 1861 vitam

261 1871 523 1926 patefaciant
560 1873 631 1926 (p.
675 1872 770 1913 663.
811 1873 861 1913 Ε.
903 1874 996 1914 664.
1038 1875 1135 1928 A.)
1176 1899 1228 1904 —-—
1294 1876 1439 1928 Atque
1490 1875 1595 1916 haec

263 1942 393 1980 quum
431 1925 492 1967 ita
532 1941 578 1969 se
609 1927 819 1980 habeant,
861 1930 1056 1983 sequitur
1092 1944 1231 1983 nunc,
1270 1938 1318 1970 ut
1349 1929 1401 1970 de
1432 1930 1595 1971 musica

263 1987 306 2022 et
335 1982 564 2024 saltatione
593 1984 836 2025 accuratius
870 1985 995 2025 etiam
1026 1985 1323 2039 explicandum
1354 1985 1420 2026 sit.
1480 1985 1595 2026 Cho-

261 2038 320 2078 ris
351 2039 484 2094 igitur
510 2038 592 2080 hoc
623 2039 892 2094 propositum
923 2055 1015 2081 esse
1046 2039 1195 2090 debet,
1228 2046 1277 2080 ut
1306 2041 1460 2082 teneris
1490 2056 1594 2096 pue-

261 2108 403 2134 rorum
432 2094 582 2146 animis
609 2108 738 2147 quum
761 2095 932 2136 omnino
954 2096 1101 2150 pulcra
1121 2101 1163 2136 et
1183 2095 1361 2136 honesta
1381 2097 1592 2151 placeant,

262 2154 350 2190 tum
383 2150 510 2191 etiam
541 2149 624 2190 hoc
651 2150 845 2204 inprimis
875 2150 1194 2206 persuadeatur,
1229 2152 1359 2191 vitam
1392 2153 1594 2206 optimam

261 2203 363 2244 item
393 2220 486 2247 esse
515 2205 868 2246 iucundissimam·
905 2207 966 2259 (p.
998 2208 1090 2247 664.
1126 2207 1177 2247 A.
1213 2207 1292 2259 B.)
1325 2232 1378 2236 —-
1437 2206 1489 2246 Id
1520 2222 1593 2248 au-

263 2264 347 2299 tem
377 2260 458 2301 hoc
487 2259 613 2302 modo
655 2261 814 2315 optime
844 2261 1101 2316 perficietur.
1171 2262 1340 2303 Primus
1378 2262 1593 2317 ingredia-

261 2320 333 2354 tur
363 2314 517 2357 chorus
547 2316 739 2371 puerilis,
772 2316 843 2369 qui
873 2317 975 2356 talia
1004 2317 1227 2357 universae
1258 2317 1420 2358 civitati
1451 2323 1595 2358 cantet

263 2376 304 2409 et
333 2370 465 2410 veluti
495 2371 676 2412 occinat.
735 2370 958 2412 Secundus
998 2371 1152 2412 chorus
1193 2387 1361 2424 eorum,
1410 2373 1480 2426 qui
1520 2373 1593 2412 tri-

262 2425 464 2466 cesimum
513 2427 665 2468 aetatis
713 2441 867 2467 annum
919 2431 1074 2481 agunt,
1128 2427 1371 2481 Apollinem
1423 2429 1593 2468 Paeana

259 2485 476 2534 tamquam
513 2485 663 2522 testem
697 2481 888 2523 veritatis
918 2496 1077 2534 eorum,
1110 2497 1220 2535 quae
1251 2482 1371 2524 dicta
1398 2483 1497 2535 sint,
1529 2483 1593 2522 in-

260 2541 387 2576 vocet
419 2536 572 2591 pieque
616 2542 838 2590 precetur,
888 2542 935 2577 ut
979 2537 1204 2579 iuvenibus
1245 2552 1373 2591 porro
1417 2537 1593 2578 suadela

258 2605 335 2631 sua
375 2591 587 2646 propitius
628 2591 777 2633 adesse
816 2591 931 2633 velit.
990 2592 1162 2634 Tertius
1205 2592 1387 2646 denique
1420 2593 1591 2644 chorus,

1339 2673 1361 2692 β
