1612 2872
162 494 205 534 D

245 113 324 153 348

726 108 1098 154 PLATONIS

246 224 462 266 δουλεύειν
498 227 663 281 ἔφαμεν
708 228 797 267 δεῖν
834 224 934 274 τοὺς
978 229 1215 280 μέλλοντας
1248 225 1458 281 ἀγαθοὺς
1490 231 1576 269 Sae-

244 293 370 337 σθαι,
396 284 444 340 ἧς
478 288 502 330 ὁ
539 288 678 339 δειλὸς
714 289 947 345 ἐλεύθερος
982 295 1053 333 καὶ
1089 291 1284 348 ἄφοβος·

1321 291 1372 335 ὃν
1409 298 1440 335 εὶ
1479 293 1576 335 τότε

244 353 303 408 μὴ
341 358 434 403 δέος
468 357 637 409 ἔλαβεν,
662 354 815 398 οὐκ-ἅν
842 373 945 398 ποτε
982 357 1207 407 §nudamur
1239 358 1440 411 ἠμύνατο
1477 358 1569 400 θύεθ’

248 420 407 470 ἤμυνεν
451 423 580 474 ἱεροῖς
628 438 670 463 τε
713 425 783 463 καὶ
829 421 988 478 τάφοις
1034 426 1104 465 καὶ
1154 427 1326 477 πατρίδι
1371 428 1441 466 καὶ
1489 432 1575 473 τοῖς

247 482 397 536 ἄλλοις
433 490 604 536 οἰκείοις
638 502 680 529 τε
715 486 808 542 ἅμα
844 491 914 530 καὶ
950 491 1104 545 φίλοις,
1134 487 1277 545 ’ὥςπερ
1315 490 1390 532 τότ

259 562 275 577 0

245 676 364 718 φόβοι·
394 680 568 711 simillima
595 686 651 712 -est
682 682 767 713 illis:
800 684 873 715 κτᾶ-

246 724 329 754 σθαι
364 723 558 765 συμφοράν,
595 724 787 765 δύσκλειαν,
826 729 874 769 ἔχ-

246 769 353 809 &pm,
381 771 423 800 al.
453 771 494 801 de
525 771 648 810 quibus
681 783 714 804 v.
739 753 873 806 Elius-

245 815 358 845 leius
394 815 438 845 ad
465 816 582 856 Eurip.
608 818 702 848 Med.
738 829 767 848 v.
796 820 873 853 212.

292 853 339 899 ἧς
388 855 406 889 ὖ
454 858 594 891 δειλὸς
640 860 875 904 ἐλεύθερος

246 905 310 934 καὶ
337 902 517 944 ἄφοβος
542 906 604 947 -]
634 907 750 938 Locus
776 911 875 941 valde

245 949 398 980 difficilis
433 955 467 980 et
500 955 758 983 controversus.
805 954 878 986 Nec

244 1000 356 1025 tamen
382 995 460 1026 libri
486 998 712 1037 manuscripti
737 998 778 1029 de
804 1001 877 1030 vul-

244 1045 325 1079 gata
349 1041 520 1081 scriptura
537 1042 755 1074 dissentiunt.
783 1043 875 1081 Quo-

244 1085 336 1116 circa
361 1090 436 1117 tota
460 1096 583 1118 caussa
605 1088 650 1118 ad
679 1099 780 1120 unam
805 1100 877 1121 ma-

243 1131 335 1161 xime
367 1132 599 1162 coniecturam
630 1138 733 1173 atque
769 1136 875 1166 inter-

242 1177 402 1216 pretandi
444 1178 611 1208 rationem
650 1179 763 1210 redire
802 1181 875 1211 exi-

242 1221 416 1252 stimanda
447 1227 509 1252 est.
567 1221 756 1255 Recordari
791 1235 874 1256 vero

241 1266 298 1297 hic
322 1271 401 1297 ante
434 1267 550 1297 omnia
580 1268 714 1299 iuvabit
744 1279 876 1310 eorum,

242 1321 330 1352 quae
369 1322 474 1352 supra
504 1322 537 1352 p.
568 1311 646 1345 698.
679 1313 720 1344 Β.
753 1314 791 1346 C.
833 1316 875 1346 de

243 1356 363 1388 eadem
400 1367 436 1388 re
475 1358 633 1397 exposita
670 1365 761 1390 sunt.
820 1361 875 1392 Ibi

243 1401 334 1432 enim
370 1402 598 1442 philosophus
631 1402 799 1436 Graeciae
835 1405 876 1436 li-

242 1446 409 1478 bertatem
442 1457 482 1478 eo
509 1454 678 1480 servatam
710 1460 784 1481 esse
809 1455 876 1482 sta-

242 1492 332 1528 tuit,
377 1493 467 1532 quod
513 1493 602 1524 inter
643 1495 876 1527 Athenienses

242 1537 355 1568 adhuc
380 1538 530 1578 viguerit
553 1539 667 1578 prisca
690 1539 804 1581 legum
822 1551 875 1572 re-

242 1583 396 1614 verentia
458 1583 696 1624 ingenuusque
749 1586 874 1626 pudor,

242 1627 404 1668 quodque
421 1628 464 1659 ad
481 1637 556 1660 eum
571 1630 756 1669 accesserit
772 1631 874 1661 etiam

241 1673 345 1702 timor
375 1673 584 1704 imminentis
619 1675 783 1715 periculi,
815 1676 872 1715 qui

241 1718 311 1747 vim
332 1718 405 1748 eius
431 1718 634 1758 neutiquam
649 1720 874 1759 imminuerit,

242 1762 303 1792 sed
328 1763 443 1801 potius
469 1763 592 1795 mirum
623 1769 786 1805 quantum
813 1766 873 1795 ad-

241 1808 379 1838 auxerit
403 1812 437 1837 et
463 1809 731 1840 confirmaverit.
778 1808 873 1846 Quo-

239 1852 332 1883 circa
356 1856 510 1892 apertum
535 1858 604 1893 est,
628 1854 873 1895 philosophum

240 1901 424 1938 utrumque
450 1899 644 1938 significare
669 1901 704 1930 in
729 1900 871 1940 propul-

241 1943 351 1974 sando
377 1943 528 1975 hostium
552 1945 681 1985 impetu
707 1945 872 1984 valuisse,

239 1989 289 2019 ita
318 1993 451 2028 tamen,
481 1993 518 2019 ut
546 1991 697 2030 ingenuo
734 1990 871 2031 patriae

240 2034 349 2064 amori
385 2038 590 2075 sanctaeque
621 2036 736 2075 legum
759 2040 792 2066 et
818 2036 869 2066 in-

239 2079 438 2110 stitutorum
451 2080 641 2120 patriorum
655 2080 871 2112 reverentiae

238 2124 439 2164 primarium
486 2125 600 2156 locum
649 2126 869 2157 tribuendum

239 2173 388 2200 censeat.
435 2169 513 2201 Hoc
541 2172 651 2212 ipsum
684 2171 790 2210 igitur
813 2171 870 2202 hio

239 2223 377 2254 quoque
401 2215 597 2255 significare
622 2216 775 2247 voluisse
797 2216 868 2247 exi-

237 2258 429 2290 stimandus
471 2265 542 2296 est,
577 2261 613 2292 id
653 2262 746 2302 quod
784 2262 868 2293 satis

238 2303 329 2334 clare
377 2305 546 2337 indicavit
591 2307 760 2347 particula
804 2300 870 2337 οὖν

237 2352 341 2381 antea
370 2350 403 2379 in
435 2352 571 2390 periodi
607 2352 779 2392 principio
814 2352 868 2382 in-

237 2398 340 2424 serta.
391 2393 479 2425 Eam
525 2397 616 2428 enim
663 2397 867 2438 particulam

237 2442 373 2473 constat
387 2439 477 2470 inter
488 2442 557 2473 alia
571 2443 673 2473 etiam
695 2443 743 2473 sic
771 2452 867 2473 usur-

236 2483 345 2524 pari,
364 2488 401 2514 ut
441 2488 631 2518 orationem
665 2488 792 2518 reverti
823 2487 868 2519 ad

237 2529 450 2569 superiorem
482 2532 631 2571 aliquam
663 2533 867 2564 sententiam

236 2573 460 2614 significetur.
531 2577 726 2609 Haeserunt
785 2587 868 2608 vero

241 2620 397 2660 plerique
426 2622 536 2652 critici
570 2623 606 2653 in
638 2632 714 2654 voc.
749 2620 868 2658 δειλός,

240 2666 333 2705 quod
345 2667 498 2698 certatim
512 2666 756 2699 sollicitarunt.
780 2666 867 2699 Nam

1399 488 1428 502 ¹*
1450 490 1574 544 ὲβοή»

943 684 973 715 H
987 694 1033 715 eu
1046 683 1162 714 sdius
1181 683 1316 722 quidem
1329 678 1572 719 Specim.()1-ir,.

943 740 975 770 p.
1008 728 1083 762 112.
1116 729 1146 758 Η
1165 729 1241 758 ein
1261 729 1281 758 (1
1300 739 1319 758 o
1337 735 1351 755 r
1369 726 1389 755 t
1426 726 1571 765 specim.

944 774 1140 805 Coniectur.
1176 783 1209 813 p.
1250 772 1304 805 39
1343 770 1370 800 F
1391 769 1410 801 ἵι
1426 770 1446 799 11
1464 771 1503 801 si
1520 781 1540 800 u
1559 780 1572 800 s

944 819 1076 860 Syllog.
1115 818 1226 848 Lectt.
1272 827 1304 858 p.
1349 814 1426 848 383.
1471 821 1574 855 atque

943 865 1101 894 Astius
1140 863 1184 893 ad
1219 860 1253 892 h.
1289 863 1311 893 1.
1353 861 1572 891 scribendum

943 912 1108 950 putarunt
1153 903 1172 938 ὁ
1212 904 1351 941 Bomos,
1392 906 1437 936 ad
1479 906 1573 945 quod

945 954 1071 985 deinde
1095 952 1283 984 referretur
1308 948 1358 986 δι,
1383 960 1574 994 pronomen

944 1000 1136 1030 relativum.
1197 997 1322 1038 Itaque
1370 996 1575 1027 sententiam

945 1044 1128 1075 verborum
1159 1047 1324 1083 putarunt
1355 1042 1443 1072 hane
1482 1050 1575 1083 esse:

943 1100 964 1121 a
995 1099 1077 1130 quo
1108 1089 1278 1128 (ingenuo
1312 1085 1462 1128 pudore]
1490 1096 1574 1116 ser-

943 1145 1021 1165 vus
1059 1144 1161 1165 sane
1198 1133 1313 1169 liber
1343 1136 1406 1163 est
1435 1136 1475 1161 et
1504 1132 1573 1161 im-

942 1179 1230 1219 n1u11i83quem
1255 1176 1572 1217 tamen(servum)

943 1226 1035 1256 nisi
1063 1224 1253 1264 cepisset
1278 1229 1434 1261 terror,
1459 1220 1573 1252 haud

944 1280 1131 1311 unquam
1160 1267 1358 1300 venisset
1402 1268 1446 1298 in
1485 1275 1572 1297 eer—

941 1315 1121 1345 taminis
1159 1314 1439 1353 ,societatem
1498 1320 1572 1342 neo

942 1360 1261 1400 propulsasset
1289 1358 1529 1399 periculum
1550 1364 1572 1387 a

943 1406 1134 1445 templis,
1167 1404 1403 1444 sepulcris,
1429 1401 1573 1442 patria

944 1450 1202 1491 omninoque
1224 1447 1516 1480 familiaribus
1533 1451 1572 1476 et

942 1496 1106 1527 amicis.
1148 1494 1275 1525 Verum
1300 1495 1380 1525 huib
1404 1493 1572 1532 interpre—

941 1541 1066 1571 tationi
1092 1540 1199 1571 muita
1231 1545 1310 1570 sunt
1337 1547 1424 1581 quae
1450 1538 1572 1568 adver·

941 1590 1070 1623 sentur.
1095 1584 1187 1622 Quid
1201 1585 1313 1615 enim?
1330 1583 1571 1624 putabimusne

941 1630 1122 1661 Platonem
1167 1639 1289 1660 revera
1335 1639 1406 1659 non
1458 1627 1570 1657 dicam

941 1675 1061 1714 servis,
1091 1675 1148 1715 qui
1172 1674 1314 1714 proprio
1346 1674 1484 1704 nomine
1510 1682 1569 1703 vo-

940 1724 1076 1756 cantur,
1104 1720 1163 1750 sed
1196 1720 1336 1750 omnino
1370 1717 1570 1749 hominibus

938 1765 1043 1796 animi
1082 1764 1221 1796 servilis
1260 1769 1294 1795 et
1330 1764 1371 1794 ab
1415 1764 1568 1803 ingenuo

937 1811 1071 1850 patriae
1111 1818 1228 1841 amore
1272 1809 1392 1840 alienis
1437 1812 1571 1839 tantum

938 1855 1119 1895 tribuisse,
1159 1859 1196 1885 ut
1232 1854 1309 1886 illas
1353 1853 1569 1894 potissimum

937 1900 1146 1931 iudicaverit
1175 1909 1276 1931 veros
1311 1903 1414 1939 atque
1446 1899 1568 1929 unicos

937 1938 1107 1976 libertatis
1167 1945 1323 1976 vindices
1386 1944 1566 1974 extitisse?

937 1990 1124 2022 Enimvero
1155 1990 1223 2021 hoc
1252 1990 1309 2030 qui
1336 1989 1402 2020 sibi
1427 1999 1568 2030 persua-

896 2044 899 2048 ·
938 2036 1039 2075 serit,
1059 2046 1136 2067 eum
1161 2035 1373 2066 confidenter
1392 2044 1569 2066 assevera-

937 2079 1011 2112 mus
1037 2090 1057 2111 a
1080 2080 1278 2121 philosophi
1301 2085 1412 2119 mente
1435 2079 1566 2119 longis-

939 2126 1023 2157 sime
1048 2126 1219 2165 aberrare,
1233 2125 1290 2166 qui
1310 2120 1391 2165 q‘uid
1409 2125 1565 2163 senserit,

936 2170 1052 2212 paullo
1083 2175 1162 2202 ante
1193 2171 1297 2210 louge
1330 2170 1431 2201 aliter
1455 2170 1567 2201 decla-

935 2217 1035 2247 ravit.
1083 2215 1206 2255 Itaque
1235 2215 1336 2246 facile
1361 2216 1567 2246 assentimur

937 2260 1031 2292 Car.
1054 2260 1114 2291 Fr.
1141 2260 1406 2300 Hermanno,
1431 2259 1489 2300 qui
1527 2261 1563 2291 in

935 2306 1034 2337 Actis
1060 2304 1245 2337 societatis
1270 2304 1423 2336 Graecae
1447 2305 1563 2346 Lipsi-

934 2351 1026 2382 ensis
1054 2350 1128 2381 Vol.
1150 2351 1177 2382 1.
1204 2350 1303 2381 Fase.
1323 2350 1351 2382 Ι.
1368 2361 1398 2390 p.
1415 2350 1454 2383 11
1472 2360 1561 2390 sqq„

933 2396 996 2426 hac
1021 2397 1157 2426 ratione
1181 2396 1319 2434 reiecta,
1344 2396 1446 2426 aliam
1472 2396 1563 2426 viam

932 2441 1195 2481 ingrediendam
1219 2451 1294 2472 esse
1318 2441 1450 2471 statuit.
1496 2440 1561 2472 Le

933 2486 1080 2526 gendum
1106 2496 1188 2517 vero
1213 2486 1271 2516 ille
1297 2486 1444 2517 censuit:
1476 2479 1516 2526 ἧς
1543 2482 1562 2515 ὁ

935 2529 1071 2584 &fluas
1093 2529 1277 2571 ἐλεύθερος
1302 2541 1330 2560 κ.
1355 2542 1381 2561 τ.
1405 2531 1432 2561 λ.
1465 2529 1558 2567 Quo-

935 2577 1025 2607 circa
1056 2587 1193 2608 sensum
1228 2577 1294 2607 loci
1329 2576 1421 2606 hune
1450 2575 1560 2606 voluit

935 2631 1028 2653 esse:
1055 2632 1075 2652 a
1100 2632 1177 2662 quo
1200 2621 1358 2661 (pudore)
1372 2619 1559 2661 populus

936 2668 978 2706 (S.
993 2677 1141 2707 magna
1161 2666 1303 2708 plebis
1317 2665 1561 2704 multitudo)
