1612 2872
269 110 518 154 cxxvm
687 87 1164 180 PROLEGOMFNA

269 220 545 277 (ἐπιστήμης)
594 219 848 275 dignitatem
902 223 1223 273 assumeretque
1271 218 1434 260 sociam
1487 217 1589 260 boni

268 277 526 330 honestique
574 273 885 329 cognitionem,
926 273 990 315 -ad
1030 273 1380 329 philosophorum
1419 273 1591 328 quidem

269 333 468 374 virtutem
498 334 800 383 comparatam,
831 328 1060 370 admodum
1091 330 1213 385 parvi
1241 328 1479 371 faciendam
1509 343 1590 383 pu-

268 387 436 429 taverit.
507 384 654 426 Facile
692 383 802 425 enim
831 384 1037 439 pervidit,
1070 386 1342 426 coniunctam
1373 399 1466 425 eam
1496 397 1591 425 esse

269 453 313 483 et
340 455 469 496 posse
508 446 551 480 et
586 454 658 481 sae
691 454 892 481 enumero
930 440 1068 482 solere
1106 455 1201 481 cum
1231 439 1427 485 illiberali
1457 445 1500 480 et
1525 439 1592 480 in-

268 498 448 539 honesto
483 455 800 536 commodbrum
831 501 874 536 et
901 495 1133 537 utilitatum
1163 495 1306 538 studio
1324 501 1453 549 atque
1483 493 1590 536 adeo

268 567 356 593 non
384 565 481 592 raro
520 550 690 592 virtutis
719 565 845 591 verae
881 551 1066 606 speciem
1094 551 1278 605 turpiter
1302 549 1499 600 ,mentiri3
1539 549 1592 590 de

270 621 354 661 qua
399 621 445 647 re
482 605 699 661 eleganter
736 605 994 661 copioseque
1031 605 1256 651 disseritur
1291 605 1509 647 Phaedon.
1580 635 1591 645 .

270 664 337 704 68.
378 662 429 705 B.
470 675 563 716 sqq.
635 660 752 714 Quid
791 661 908 715 quod
945 675 1026 703 nec
1055 661 1270 703 dubitavit
1298 676 1395 714 eos,
1428 661 1501 715 qui
1530 620 1592 701 illi

267 718 343 759 uni
372 715 616 771 studerent,
654 717 699 758 in
742 731 964 758 numerum
997 718 1082 758 τῶν
1115 716 1295 773 φαύλων
1321 717 1494 769 referre,
1525 721 1595 757 ut-

269 779 373 828 pote
404 771 505 814 ἄνευ
538 774 810 828 φιλοσοφίας
839 775 911 814 καὶ
941 774 1021 814 νοῦ
1057 771 1227 814 virtutis
1265 772 1434 813 laudem
1464 786 1595 827 appe-

269 834 423 871 tentes.
481 828 593 869 Nam
621 828 684 869 ita
711 828 899 883 graviter
928 842 1162 882 severeque
1189 828 1343 869 statuit
1364 826 1593 869 Phaedon.

270 900 312 939 p.
355 886 422 926 82.
464 886 518 926 A.
558 898 622 937 sq.
691 883 759 924 De
798 883 981 938 Republ.
1020 883 1081 925 X.
1122 899 1163 938 p.
1205 885 1298 926 619.
1330 883 1386 924 D.
1415 882 1594 937 'quibus-

271 955 368 981 cum
410 939 516 981 locis
559 938 732 980 omnino
773 939 1007 981 coneordat
1046 938 1161 993 quod
1200 938 1420 980 Phaedon.
1452 954 1494 995 p.
1525 939 1592 981 69.

271 996 323 1038 Β.
363 995 490 1036 talem
527 994 733 1035 virtutem
777 999 902 1035 vocat
943 994 1098 1049 ἀρετῆς
1139 999 1448 1050 σκιαγραφίαν.
1531 995 1610 1040 At(

272 1050 384 1092 enim
423 1065 526 1092 vero
550 1046 669 1091 ‘licet
705 1049 831 1090 Plato
863 1049 916 1090 de
945 1049 1028 1092 hoc
1057 1050 1227 1091 virtutis
1257 1065 1414 1114 genere
1445 1064 1593 1104 saepe-

270 1120 447 1148 numero
477 1121 563 1147 non
587 1105 680 1147 sine
712 1110 931 1146 contemtu
959 1105 1174 1160 loquatur,
1207 1120 1366 1160 quippe
1396 1104 1528 1159 quod,
1559 1104 1596 1146 si

272 1161 328 1202 ad
367 1162 582 1217 perfectae
621 1161 792 1202 virtutis
831 1159 1001 1202 laudem
1031 1167 1074 1202 et
1103 1161 1395 1203 excellentiam
1425 1175 1595 1216 compa-

270 1223 408 1271 retur,
448 1216 649 1258 humilius
687 1216 767 1269 sit,
807 1222 949 1257 tamen
987 1216 1049 1257 illi
1086 1231 1164 1271 per
1206 1231 1251 1258 se
1290 1222 1482 1271 spectato
1521 1230 1595 1257 ne-

272 1287 485 1327 quaquam
522 1271 692 1314 laudem
735 1286 855 1314 suam
894 1271 1236 1327 dignitatemque
1278 1271 1446 1327 eripuit.
1506 1271 1595 1313 Ve-

271 1328 436 1370 rissime
486 1328 597 1369 enim
642 1327 883 1384 vulgarium
928 1327 1146 1369 hominum
1192 1328 1361 1369 turbam
1407 1326 1597 1368 animad-

270 1384 401 1425 vertit
438 1384 509 1425 vix
547 1397 747 1436 umquam
794 1383 919 1424 aliter
963 1383 1046 1425 nisi
1103 1382 1306 1437 opinione
1350 1388 1393 1424 et
1440 1382 1596 1437 proba-

271 1439 463 1493 bilitate,
514 1454 596 1480 usu
637 1444 681 1480 et
731 1438 1067 1492 consuetudine,
1119 1439 1387 1480 institutione
1440 1444 1499 1479 et.
1532 1437 1596 1479 di-

270 1495 474 1550 sciplina,
508 1493 563 1535 ad
591 1493 763 1535 virtutis
791 1494 976 1548 aliquam
999 1492 1168 1536 laudem
1199 1493 1422 1549 pervenire
1451 1507 1595 1550 posse,

271 1565 414 1604 neque
455 1551 569 1592 viros
614 1550 751 1592 bonos
792 1555 835 1591 et
878 1549 1080 1592 honestos
1122 1550 1250 1606 vulgo
1289 1550 1332 1591 in
1370 1549 1596 1591 honestate

271 1605 453 1648 colenda
470 1605 564 1648 aliis
583 1604 683 1646 duci
714 1605 973 1655 rationibus;
1004 1603 1118 1646 unde
1148 1606 1262 1647 hanc
1288 1604 1415 1647 talem
1442 1604 1596 1647 adsue-

270 1661 465 1702 tudinem
503 1660 733 1715 disciplina
773 1666 940 1715 partam
971 1660 1026 1701 ad
1055 1661 1269 1716 publicam
1297 1661 1595 1716 privatamque

270 1717 452 1758 salutem
489 1715 696 1757 iudicavit
725 1729 818 1758 esse
858 1716 1128 1757 utilissimam
1160 1717 1372 1772 planeque
1400 1730 1597 1758 necessa-

269 1773 388 1813 riam.
447 1770 736 1824 Quamobrem
765 1785 942 1826 prorsus
973 1786 1025 1813 ex
1055 1778 1195 1814 mente
1221 1771 1416 1813 Platonis
1447 1770 1596 1827 dispu-

270 1833 335 1868 tat
365 1827 629 1868 Plotinus
659 1826 773 1868 Enn.
802 1827 838 1868 Ι.
868 1827 988 1869 Libr.
1015 1827 1074 1871 II.
1104 1843 1146 1883 p.
1177 1828 1245 1868 26.
1277 1827 1343 1868 ed.
1374 1826 1467 1876 Cre
1516 1842 1595 1870 er.:

270 1887 317 1925 αἱ
344 1885 424 1937 μὲν
453 1887 623 1932 τοίνυν,
653 1882 819 1937 inquit,
850 1885 1070 1925 πολιτικαὶ
1099 1884 1248 1939 ἀρεταὶ
1271 1842 1595 1936 κατακοσῇῦσι

269 1941 350 1993 μὲν
389 1936 527 1987 ὅντως
566 1941 638 1980 καὶ
676 1938 882 1992 ἀμείνους
911 1940 1139 1993 ποιοῦσιν,
1171 1937 1394 1992 ὁρίζουσαι
1424 1940 1496 1980 καὶ
1524 1954 1592 1993 με·

270 1995 453 2050 τροῦσαι
484 1991 563 2043 τάς
590 1996 847 2047 ἐπιθυμίας,
878 1996 950 2036 καὶ
981 1992 1092 2043 ὅλως
1119 1994 1173 2036 τὰ
1192 1992 1322 2044 πάθη
1339 1995 1593 2048 μετροῦσαι,

271 2052 342 2092 καὶ
374 2050 553 2104 ψευδεῖς
580 2047 713 2101 δόξας
740 2048 1011 2104 ἀφαιροῦσαι
1039 2051 1101 2103 τῷ
1131 2047 1240 2098 ὅλως
1288 2048 1485 2102 ἀμείνονι
1522 2053 1594 2092 καὶ

269 2106 333 2158 τῷ
373 2105 584 2161 ὁρίσθαι,
624 2107 697 2147 καὶ
735 2106 822 2146 τῶν
850 2105 1051 2161 ἀμέτρων
1081 2106 1153 2147 καὶ
1181 2103 1398 2158 ἀορίστων
1428 2105 1504 2156 ἔξω
1536 2105 1594 2147 εἳ·-

269 2175 368 2214 ναι,
419 2163 491 2203 καὶ
538 2158 589 2202 τὸ
643 2165 971 2215 μεμετρημένον
1022 2162 1094 2201 καὶ
1143 2159 1271 2201 αὐταὶ
1323 2158 1593 2214 ὁρισθεῖσαι,

271 2232 306 2257 κ.
345 2232 383 2257 τ.
423 2217 460 2259 λ.
527 2216 674 2270 Atque
713 2215 820 2257 haec
862 2231 992 2271 quum
1031 2214 1225 2257 Platonis
1266 2214 1318 2256 de
1348 2214 1481 2256 altero
1511 2215 1594 2257 hoc

270 2285 428 2327 genere
467 2272 640 2324 virtutis
670 2271 883 2314 sententia
914 2271 1064 2324 fuerit,
1096 2276 1210 2312 certe
1237 2271 1487 2324 neutiquam
1516 2270 1612 2312 mi·-

268 2326 480 2379 rabimur‚
513 2326 629 2381 quod
655 2342 729 2369 eos
767 2342 914 2369 omnes
942 2326 1159 2382 praeclare
1187 2326 1341 2367 mereri
1372 2325 1612 2386 iudicavit„¹

270 2381 344 2436 qui
384 2381 581 2424 civitates
620 2397 720 2424 suas
759 2382 883 2424 bonis
922 2382 1090 2438 legibus
1128 2387 1415 2436 temperarent
1457 2395 1612 2435 eaque3

269 2437 437 2479 ratione
475 2437 668 2480 homines
708 2437 763 2478 ad
792 2453 958 2480 morum
986 2437 1253 2479 honestatem
1284 2436 1612 2492 etofficioruml

269 2493 586 2534 observantiam
652 2507 779 2546 quam
846 2492 1216 2550 diligentissimam
1284 2497 1612 2538 converterenm,

268 2547 339 2590 De
369 2547 455 2603 qiia
484 2549 696 2590 sententia
725 2565 765 2590 v.
797 2547 994 2605 Sympos.
1022 2563 1064 2602 p.
1096 2549 1190 2589 209.
1231 2548 1285 2589 A.
1327 2553 1370 2589 et
1398 2547 1455 2588 D.
1495 2539 1612 2590 0011.ssAE

268 2603 336 2645 De
380 2603 560 2658 Republ.
597 2603 678 2645 VI.
718 2620 759 2659 p.
803 2607 899 2647 500.
931 2605 987 2646 D.
1018 2602 1123 2645 VII.
1155 2619 1195 2658 p.
1228 2605 1324 2645 518.
1355 2603 1411 2644 D.
1444 2594 1612 2676 Enim-{4}

1602 2675 1612 2764 sl
