<?xml version="1.0" encoding="UTF-8"?>
<!DOCTYPE html PUBLIC "-//W3C//DTD XHTML 1.0 Transitional//EN"
    "http://www.w3.org/TR/xhtml1/DTD/xhtml1-transitional.dtd">
<html xmlns="http://www.w3.org/1999/xhtml" xml:lang="en" lang="en">
 <head>
  <title>
</title>
<meta http-equiv="Content-Type" content="text/html;charset=utf-8" />
  <meta name='ocr-system' content='tesseract 3.04.00' />
  <meta name='ocr-capabilities' content='ocr_page ocr_carea ocr_par ocr_line ocrx_word'/>
</head>
<body>
  <div class='ocr_page' id='page_1' title='image "./s1operaomniarece10platuoft_0041.png"; bbox 0 0 1612 2872; ppageno 0'>
   <div class='ocr_carea' id='block_1_1' title="bbox 393 940 1040 1088">
    <p class='ocr_par' dir='ltr' id='par_1_1' title="bbox 393 940 1040 1088">
     <span class='ocr_line' id='line_1_1' title="bbox 393 940 1040 1018; baseline 0 -15"><span class='ocrx_word' id='word_1_1' title='bbox 393 940 1040 1018; x_wconf 76' lang='lat' dir='ltr'>Prolegomena</span> 
     </span>
     <span class='ocr_line' id='line_1_2' title="bbox 694 1045 748 1088; baseline 0.019 -1"><span class='ocrx_word' id='word_1_2' title='bbox 694 1045 748 1088; x_wconf 92' lang='lat' dir='ltr'>de</span> 
     </span>
    </p>
   </div>
   <div class='ocr_carea' id='block_1_2' title="bbox 51 1126 1399 1194">
    <p class='ocr_par' dir='ltr' id='par_1_2' title="bbox 51 1126 1399 1194">
     <span class='ocr_line' id='line_1_3' title="bbox 51 1126 1399 1194; baseline -0.003 -2"><span class='ocrx_word' id='word_1_3' title='bbox 51 1131 262 1194; x_wconf 78' lang='lat' dir='ltr'>lAEGUM</span> <span class='ocrx_word' id='word_1_4' title='bbox 305 1132 447 1193; x_wconf 78' lang='lat' dir='ltr'>FlDE</span> <span class='ocrx_word' id='word_1_5' title='bbox 491 1133 572 1193; x_wconf 81' lang='grc' dir='ltr'>ΕΤ</span> <span class='ocrx_word' id='word_1_6' title='bbox 626 1131 1096 1194; x_wconf 82' lang='lat' dir='ltr'>AUCTORlTATE.</span> <span class='ocrx_word' id='word_1_7' title='bbox 1157 1126 1320 1190; x_wconf 83' lang='lat' dir='ltr'><strong>PARS</strong></span> <span class='ocrx_word' id='word_1_8' title='bbox 1362 1128 1399 1188; x_wconf 88' lang='lat'>1.</span> 
     </span>
    </p>
   </div>
   <div class='ocr_carea' id='block_1_3' title="bbox 619 1389 823 1466">
    <p class='ocr_par' dir='ltr' id='par_1_3' title="bbox 619 1389 823 1466">
     <span class='ocr_line' id='line_1_4' title="bbox 619 1389 823 1466; baseline -0.005 -16"><span class='ocrx_word' id='word_1_9' title='bbox 619 1389 742 1466; x_wconf 83' lang='lat' dir='ltr'>Gap.</span> <span class='ocrx_word' id='word_1_10' title='bbox 785 1389 823 1449; x_wconf 91' lang='grc' dir='ltr'>Ι.</span> 
     </span>
    </p>
   </div>
   <div class='ocr_carea' id='block_1_4' title="bbox 89 1500 1357 1593">
    <p class='ocr_par' dir='ltr' id='par_1_4' title="bbox 89 1500 1357 1593">
     <span class='ocr_line' id='line_1_5' title="bbox 89 1500 1357 1549; baseline -0.002 -10"><span class='ocrx_word' id='word_1_11' title='bbox 89 1503 443 1549; x_wconf 61' lang='lat' dir='ltr'>Exuet-duntur</span> <span class='ocrx_word' id='word_1_12' title='bbox 473 1502 761 1538; x_wconf 70' lang='lat' dir='ltr'>testimonia</span> <span class='ocrx_word' id='word_1_13' title='bbox 789 1502 852 1538; x_wconf 83' lang='lat' dir='ltr'>de</span> <span class='ocrx_word' id='word_1_14' title='bbox 888 1501 1102 1546; x_wconf 69' lang='lat' dir='ltr'>Legibus</span> <span class='ocrx_word' id='word_1_15' title='bbox 1133 1500 1357 1537; x_wconf 71' lang='lat' dir='ltr'>Platonis</span> 
     </span>
     <span class='ocr_line' id='line_1_6' title="bbox 472 1548 986 1593; baseline -0.002 -9"><span class='ocrx_word' id='word_1_16' title='bbox 472 1549 744 1593; x_wconf 73' lang='lat' dir='ltr'>antiquitus</span> <span class='ocrx_word' id='word_1_17' title='bbox 769 1548 986 1593; x_wconf 72' lang='lat' dir='ltr'>prodita.</span> 
     </span>
    </p>
   </div>
   <div class='ocr_carea' id='block_1_5' title="bbox 52 1633 1407 2698">
    <p class='ocr_par' dir='ltr' id='par_1_5' title="bbox 52 1633 1407 2697">
     <span class='ocr_line' id='line_1_7' title="bbox 52 1633 1402 1726; baseline 0.002 -18"><span class='ocrx_word' id='word_1_18' title='bbox 52 1633 238 1710; x_wconf 81' lang='lat' dir='ltr'>Nullum</span> <span class='ocrx_word' id='word_1_19' title='bbox 268 1669 396 1712; x_wconf 80' lang='lat' dir='ltr'>facile</span> <span class='ocrx_word' id='word_1_20' title='bbox 435 1676 558 1712; x_wconf 86' lang='lat' dir='ltr'>extat</span> <span class='ocrx_word' id='word_1_21' title='bbox 595 1671 754 1712; x_wconf 80' lang='lat' dir='ltr'>veteris</span> <span class='ocrx_word' id='word_1_22' title='bbox 795 1669 979 1711; x_wconf 84' lang='lat' dir='ltr'>alieuius</span> <span class='ocrx_word' id='word_1_23' title='bbox 1018 1669 1245 1726; x_wconf 83' lang='lat' dir='ltr'>scriptoris</span> <span class='ocrx_word' id='word_1_24' title='bbox 1276 1683 1402 1726; x_wconf 76' lang='lat' dir='ltr'>opus,</span> 
     </span>
     <span class='ocr_line' id='line_1_8' title="bbox 54 1725 1403 1783; baseline 0 -16"><span class='ocrx_word' id='word_1_25' title='bbox 54 1725 177 1768; x_wconf 82' lang='lat' dir='ltr'>euius</span> <span class='ocrx_word' id='word_1_26' title='bbox 213 1725 322 1769; x_wconf 88' lang='lat' dir='ltr'>fides</span> <span class='ocrx_word' id='word_1_27' title='bbox 362 1733 407 1769; x_wconf 90' lang='lat' dir='ltr'>et</span> <span class='ocrx_word' id='word_1_28' title='bbox 436 1728 675 1770; x_wconf 82' lang='lat' dir='ltr'>auotoritas</span> <span class='ocrx_word' id='word_1_29' title='bbox 708 1734 793 1769; x_wconf 88' lang='lat' dir='ltr'>tam</span> <span class='ocrx_word' id='word_1_30' title='bbox 823 1726 970 1769; x_wconf 85' lang='lat' dir='ltr'>multis</span> <span class='ocrx_word' id='word_1_31' title='bbox 1001 1727 1296 1783; x_wconf 83' lang='lat' dir='ltr'><strong>gravibusque</strong></span> <span class='ocrx_word' id='word_1_32' title='bbox 1329 1741 1403 1767; x_wconf 78' lang='lat' dir='ltr'>an—</span> 
     </span>
     <span class='ocr_line' id='line_1_9' title="bbox 54 1782 1403 1839; baseline 0.001 -16"><span class='ocrx_word' id='word_1_33' title='bbox 54 1783 270 1837; x_wconf 82' lang='lat' dir='ltr'>tiquitatis</span> <span class='ocrx_word' id='word_1_34' title='bbox 300 1784 560 1827; x_wconf 81' lang='lat' dir='ltr'>testimoniis</span> <span class='ocrx_word' id='word_1_35' title='bbox 591 1785 850 1826; x_wconf 73' lang='lat' dir='ltr'>confirmata</span> <span class='ocrx_word' id='word_1_36' title='bbox 868 1782 1098 1838; x_wconf 75' lang='lat' dir='ltr'>habeatur,</span> <span class='ocrx_word' id='word_1_37' title='bbox 1131 1800 1261 1838; x_wconf 85' lang='lat' dir='ltr'>quam</span> <span class='ocrx_word' id='word_1_38' title='bbox 1293 1798 1403 1839; x_wconf 73' lang='lat' dir='ltr'>opus</span> 
     </span>
     <span class='ocr_line' id='line_1_10' title="bbox 55 1839 1404 1898; baseline 0.002 -19"><span class='ocrx_word' id='word_1_39' title='bbox 55 1839 274 1887; x_wconf 79' lang='lat' dir='ltr'>Platonis,</span> <span class='ocrx_word' id='word_1_40' title='bbox 318 1840 435 1895; x_wconf 89' lang='lat' dir='ltr'>quod</span> <span class='ocrx_word' id='word_1_41' title='bbox 472 1842 722 1884; x_wconf 80' lang='lat' dir='ltr'>inscribitm</span> <span class='ocrx_word' id='word_1_42' title='bbox 759 1842 827 1883; x_wconf 91' lang='lat' dir='ltr'>De</span> <span class='ocrx_word' id='word_1_43' title='bbox 869 1841 1079 1898; x_wconf 82' lang='lat' dir='ltr'><strong>Legibus.</strong></span> <span class='ocrx_word' id='word_1_44' title='bbox 1140 1840 1276 1883; x_wconf 89' lang='lat' dir='ltr'>Cuius</span> <span class='ocrx_word' id='word_1_45' title='bbox 1309 1856 1404 1895; x_wconf 74' lang='lat' dir='ltr'>qui-</span> 
     </span>
     <span class='ocr_line' id='line_1_11' title="bbox 57 1895 1403 1950; baseline 0.002 -14"><span class='ocrx_word' id='word_1_46' title='bbox 57 1895 154 1937; x_wconf 90' lang='lat' dir='ltr'>dem</span> <span class='ocrx_word' id='word_1_47' title='bbox 196 1896 386 1950; x_wconf 79' lang='lat' dir='ltr'>origines</span> <span class='ocrx_word' id='word_1_48' title='bbox 424 1898 480 1939; x_wconf 86' lang='lat' dir='ltr'>ad</span> <span class='ocrx_word' id='word_1_49' title='bbox 519 1898 746 1941; x_wconf 82' lang='lat' dir='ltr'>Platonem</span> <span class='ocrx_word' id='word_1_50' title='bbox 777 1903 998 1939; x_wconf 76' lang='lat' dir='ltr'>auctorem</span> <span class='ocrx_word' id='word_1_51' title='bbox 1029 1913 1123 1940; x_wconf 84' lang='lat' dir='ltr'>esse</span> <span class='ocrx_word' id='word_1_52' title='bbox 1154 1897 1403 1940; x_wconf 78' lang='lat' dir='ltr'>referendas</span> 
     </span>
     <span class='ocr_line' id='line_1_12' title="bbox 57 1952 1404 2020; baseline 0.002 -26"><span class='ocrx_word' id='word_1_53' title='bbox 57 1967 144 1994; x_wconf 90' lang='lat' dir='ltr'>non</span> <span class='ocrx_word' id='word_1_54' title='bbox 183 1952 312 1995; x_wconf 88' lang='lat' dir='ltr'>modo</span> <span class='ocrx_word' id='word_1_55' title='bbox 351 1954 525 2009; x_wconf 86' lang='lat' dir='ltr'>plurimi</span> <span class='ocrx_word' id='word_1_56' title='bbox 569 1970 717 1996; x_wconf 86' lang='lat' dir='ltr'>eorum</span> <span class='ocrx_word' id='word_1_57' title='bbox 759 1955 905 1996; x_wconf 85' lang='lat' dir='ltr'>testati</span> <span class='ocrx_word' id='word_1_58' title='bbox 941 1961 1063 2008; x_wconf 77' lang='lat' dir='ltr'>sunt,</span> <span class='ocrx_word' id='word_1_59' title='bbox 1097 1955 1170 2019; x_wconf 80' lang='lat' dir='ltr'>qui</span> <span class='ocrx_word' id='word_1_60' title='bbox 1200 1961 1302 2020; x_wconf 88' lang='lat' dir='ltr'>post</span> <span class='ocrx_word' id='word_1_61' title='bbox 1333 1970 1404 1996; x_wconf 78' lang='lat' dir='ltr'>ae-</span> 
     </span>
     <span class='ocr_line' id='line_1_13' title="bbox 56 2011 1403 2066; baseline 0.001 -15"><span class='ocrx_word' id='word_1_62' title='bbox 56 2016 189 2051; x_wconf 82' lang='lat' dir='ltr'><strong>tatem</strong></span> <span class='ocrx_word' id='word_1_63' title='bbox 222 2011 419 2053; x_wconf 81' lang='lat' dir='ltr'>Platonis</span> <span class='ocrx_word' id='word_1_64' title='bbox 454 2018 497 2053; x_wconf 89' lang='lat' dir='ltr'>et</span> <span class='ocrx_word' id='word_1_65' title='bbox 517 2012 768 2055; x_wconf 83' lang='lat' dir='ltr'>Aristotelis</span> <span class='ocrx_word' id='word_1_66' title='bbox 786 2026 926 2066; x_wconf 87' lang='lat' dir='ltr'>usque</span> <span class='ocrx_word' id='word_1_67' title='bbox 958 2011 1012 2052; x_wconf 88' lang='lat' dir='ltr'>ad</span> <span class='ocrx_word' id='word_1_68' title='bbox 1032 2012 1244 2054; x_wconf 77' lang='lat' dir='ltr'>citerioris</span> <span class='ocrx_word' id='word_1_69' title='bbox 1266 2011 1403 2053; x_wconf 78' lang='lat' dir='ltr'>Grae-</span> 
     </span>
     <span class='ocr_line' id='line_1_14' title="bbox 54 2067 1405 2133; baseline -0.001 -23"><span class='ocrx_word' id='word_1_70' title='bbox 54 2067 197 2110; x_wconf 79' lang='lat' dir='ltr'>citatis</span> <span class='ocrx_word' id='word_1_71' title='bbox 233 2068 482 2133; x_wconf 82' lang='lat' dir='ltr'>memoriam</span> <span class='ocrx_word' id='word_1_72' title='bbox 518 2069 744 2123; x_wconf 79' lang='lat' dir='ltr'>vixerunt,</span> <span class='ocrx_word' id='word_1_73' title='bbox 788 2068 867 2110; x_wconf 87' lang='lat' dir='ltr'>sed</span> <span class='ocrx_word' id='word_1_74' title='bbox 918 2068 1227 2111; x_wconf 79' lang='lat' dir='ltr'>confirmarunt</span> <span class='ocrx_word' id='word_1_75' title='bbox 1275 2069 1405 2110; x_wconf 74' lang='lat' dir='ltr'>etiam</span> 
     </span>
     <span class='ocr_line' id='line_1_15' title="bbox 54 2123 1404 2183; baseline 0.002 -18"><span class='ocrx_word' id='word_1_76' title='bbox 54 2123 132 2166; x_wconf 84' lang='lat' dir='ltr'>viri</span> <span class='ocrx_word' id='word_1_77' title='bbox 162 2125 372 2167; x_wconf 84' lang='lat' dir='ltr'>maximae</span> <span class='ocrx_word' id='word_1_78' title='bbox 402 2125 486 2168; x_wconf 83' lang='lat' dir='ltr'>hoe</span> <span class='ocrx_word' id='word_1_79' title='bbox 515 2127 560 2168; x_wconf 91' lang='lat' dir='ltr'>in</span> <span class='ocrx_word' id='word_1_80' title='bbox 591 2142 750 2183; x_wconf 72' lang='lat' dir='ltr'>renere</span> <span class='ocrx_word' id='word_1_81' title='bbox 769 2126 1058 2181; x_wconf 73' lang='lat' dir='ltr'>auctoritatis,</span> <span class='ocrx_word' id='word_1_82' title='bbox 1090 2126 1164 2182; x_wconf 92' lang='lat' dir='ltr'>qui</span> <span class='ocrx_word' id='word_1_83' title='bbox 1194 2126 1277 2182; x_wconf 89' lang='lat' dir='ltr'>ipsi</span> <span class='ocrx_word' id='word_1_84' title='bbox 1307 2126 1404 2167; x_wconf 60' lang='lat' dir='ltr'>Pz-lt</span> 
     </span>
     <span class='ocr_line' id='line_1_16' title="bbox 56 2161 1405 2249; baseline 0.002 -27"><span class='ocrx_word' id='word_1_85' title='bbox 56 2182 149 2224; x_wconf 88' lang='lat' dir='ltr'>toni</span> <span class='ocrx_word' id='word_1_86' title='bbox 194 2182 262 2224; x_wconf 85' lang='lat' dir='ltr'>vel</span> <span class='ocrx_word' id='word_1_87' title='bbox 292 2182 496 2237; x_wconf 82' lang='lat' dir='ltr'>aequales</span> <span class='ocrx_word' id='word_1_88' title='bbox 525 2161 618 2225; x_wconf 63' lang='lat' dir='ltr'>velo</span> <span class='ocrx_word' id='word_1_89' title='bbox 613 2198 837 2249; x_wconf 82' lang='lat' dir='ltr'>suppares</span> <span class='ocrx_word' id='word_1_90' title='bbox 869 2184 1057 2227; x_wconf 85' lang='lat' dir='ltr'>fuerunt.</span> <span class='ocrx_word' id='word_1_91' title='bbox 1116 2183 1231 2226; x_wconf 83' lang='lat' dir='ltr'>Nam</span> <span class='ocrx_word' id='word_1_92' title='bbox 1260 2191 1311 2225; x_wconf 91' lang='lat' dir='ltr'>ut</span> <span class='ocrx_word' id='word_1_93' title='bbox 1341 2198 1405 2225; x_wconf 74' lang='lat' dir='ltr'>ie-</span> 
     </span>
     <span class='ocr_line' id='line_1_17' title="bbox 56 2239 1407 2298; baseline 0.002 -19"><span class='ocrx_word' id='word_1_94' title='bbox 56 2244 255 2293; x_wconf 86' lang='lat' dir='ltr'>petamus</span> <span class='ocrx_word' id='word_1_95' title='bbox 285 2239 339 2282; x_wconf 91' lang='lat' dir='ltr'>ab</span> <span class='ocrx_word' id='word_1_96' title='bbox 370 2240 534 2283; x_wconf 87' lang='lat' dir='ltr'>ultimis</span> <span class='ocrx_word' id='word_1_97' title='bbox 561 2241 624 2283; x_wconf 90' lang='lat' dir='ltr'>rei</span> <span class='ocrx_word' id='word_1_98' title='bbox 653 2241 815 2295; x_wconf 76' lang='lat' dir='ltr'>initiis,</span> <span class='ocrx_word' id='word_1_99' title='bbox 849 2241 1012 2297; x_wconf 85' lang='lat' dir='ltr'>primus</span> <span class='ocrx_word' id='word_1_100' title='bbox 1044 2247 1088 2282; x_wconf 91' lang='lat' dir='ltr'>et</span> <span class='ocrx_word' id='word_1_101' title='bbox 1118 2240 1329 2298; x_wconf 77' lang='lat' dir='ltr'>dignitate</span> <span class='ocrx_word' id='word_1_102' title='bbox 1362 2246 1407 2282; x_wconf 93' lang='lat' dir='ltr'>et</span> 
     </span>
     <span class='ocr_line' id='line_1_18' title="bbox 56 2297 1405 2364; baseline 0.002 -28"><span class='ocrx_word' id='word_1_103' title='bbox 56 2302 264 2351; x_wconf 84' lang='lat' dir='ltr'>tempore,</span> <span class='ocrx_word' id='word_1_104' title='bbox 297 2297 372 2351; x_wconf 89' lang='lat' dir='ltr'>qui</span> <span class='ocrx_word' id='word_1_105' title='bbox 391 2298 696 2364; x_wconf 82' lang='lat' dir='ltr'>gravissimum</span> <span class='ocrx_word' id='word_1_106' title='bbox 718 2313 798 2354; x_wconf 89' lang='lat' dir='ltr'>pro</span> <span class='ocrx_word' id='word_1_107' title='bbox 830 2298 998 2355; x_wconf 87' lang='lat' dir='ltr'>Legum</span> <span class='ocrx_word' id='word_1_108' title='bbox 1026 2297 1113 2340; x_wconf 85' lang='lat' dir='ltr'>fide</span> <span class='ocrx_word' id='word_1_109' title='bbox 1141 2304 1186 2340; x_wconf 92' lang='lat' dir='ltr'>et</span> <span class='ocrx_word' id='word_1_110' title='bbox 1215 2298 1405 2340; x_wconf 86' lang='lat' dir='ltr'>auetori-</span> 
     </span>
     <span class='ocr_line' id='line_1_19' title="bbox 55 2353 1406 2421; baseline 0.001 -28"><span class='ocrx_word' id='word_1_111' title='bbox 55 2358 148 2394; x_wconf 91' lang='lat' dir='ltr'>tate</span> <span class='ocrx_word' id='word_1_112' title='bbox 188 2353 383 2396; x_wconf 86' lang='lat' dir='ltr'>exhibuit</span> <span class='ocrx_word' id='word_1_113' title='bbox 421 2356 741 2421; x_wconf 79' lang='lat' dir='ltr'>testimonium,</span> <span class='ocrx_word' id='word_1_114' title='bbox 763 2355 1029 2398; x_wconf 86' lang='lat' dir='ltr'>Aristoteles</span> <span class='ocrx_word' id='word_1_115' title='bbox 1059 2361 1139 2397; x_wconf 85' lang='lat' dir='ltr'>est.</span> <span class='ocrx_word' id='word_1_116' title='bbox 1206 2355 1252 2398; x_wconf 87' lang='lat' dir='ltr'>Is</span> <span class='ocrx_word' id='word_1_117' title='bbox 1292 2353 1406 2397; x_wconf 84' lang='lat' dir='ltr'>enim</span> 
     </span>
     <span class='ocr_line' id='line_1_20' title="bbox 58 2411 1405 2469; baseline 0.002 -19"><span class='ocrx_word' id='word_1_118' title='bbox 58 2424 191 2463; x_wconf 90' lang='lat' dir='ltr'>quum</span> <span class='ocrx_word' id='word_1_119' title='bbox 230 2411 275 2452; x_wconf 91' lang='lat' dir='ltr'>in</span> <span class='ocrx_word' id='word_1_120' title='bbox 314 2411 409 2454; x_wconf 86' lang='lat' dir='ltr'>aliis</span> <span class='ocrx_word' id='word_1_121' title='bbox 459 2413 634 2468; x_wconf 83' lang='lat' dir='ltr'>scriptis</span> <span class='ocrx_word' id='word_1_122' title='bbox 676 2413 767 2455; x_wconf 88' lang='lat' dir='ltr'>suis</span> <span class='ocrx_word' id='word_1_123' title='bbox 807 2411 936 2454; x_wconf 88' lang='lat' dir='ltr'>huius</span> <span class='ocrx_word' id='word_1_124' title='bbox 966 2412 1110 2469; x_wconf 87' lang='lat' dir='ltr'>operis</span> <span class='ocrx_word' id='word_1_125' title='bbox 1140 2413 1405 2455; x_wconf 86' lang='lat' dir='ltr'>mentionem</span> 
     </span>
     <span class='ocr_line' id='line_1_21' title="bbox 58 2465 1404 2527; baseline 0.004 -20"><span class='ocrx_word' id='word_1_126' title='bbox 58 2465 278 2522; x_wconf 82' lang='lat' dir='ltr'>iniecerit,</span> <span class='ocrx_word' id='word_1_127' title='bbox 324 2468 459 2513; x_wconf 88' lang='lat' dir='ltr'>veluti</span> <span class='ocrx_word' id='word_1_128' title='bbox 498 2469 643 2512; x_wconf 82' lang='lat' dir='ltr'>Ethio.</span> <span class='ocrx_word' id='word_1_129' title='bbox 681 2470 852 2512; x_wconf 75' lang='lat' dir='ltr'>Nicom.</span> <span class='ocrx_word' id='word_1_130' title='bbox 911 2469 973 2511; x_wconf 91' lang='lat' dir='ltr'>II.</span> <span class='ocrx_word' id='word_1_131' title='bbox 1103 2486 1145 2527; x_wconf 87' lang='lat' dir='ltr'>p.</span> <span class='ocrx_word' id='word_1_132' title='bbox 1198 2472 1320 2514; x_wconf 84' lang='lat'>1104.</span> <span class='ocrx_word' id='word_1_133' title='bbox 1362 2469 1404 2512; x_wconf 93' lang='lat' dir='ltr'>b.</span> 
     </span>
     <span class='ocr_line' id='line_1_22' title="bbox 58 2472 1406 2593; baseline 0.002 -29"><span class='ocrx_word' id='word_1_134' title='bbox 58 2538 167 2566; x_wconf 80' lang='lat' dir='ltr'>vers</span> <span class='ocrx_word' id='word_1_135' title='bbox 210 2499 278 2593; x_wconf 52' lang='lat'>115⁹</span> <span class='ocrx_word' id='word_1_136' title='bbox 317 2525 385 2569; x_wconf 87' lang='lat' dir='ltr'>ed.</span> <span class='ocrx_word' id='word_1_137' title='bbox 424 2527 615 2570; x_wconf 84' lang='lat' dir='ltr'>Bekkor.</span> <span class='ocrx_word' id='word_1_138' title='bbox 656 2530 725 2569; x_wconf 76' lang='grc' dir='ltr'>διὸ</span> <span class='ocrx_word' id='word_1_139' title='bbox 767 2530 834 2570; x_wconf 77' lang='grc' dir='ltr'>δεῖ</span> <span class='ocrx_word' id='word_1_140' title='bbox 877 2472 1040 2584; x_wconf 58' lang='grc' dir='ltr'>ἦχθαίὶ</span> <span class='ocrx_word' id='word_1_141' title='bbox 1059 2543 1149 2577; x_wconf 82' lang='grc' dir='ltr'>πως</span> <span class='ocrx_word' id='word_1_142' title='bbox 1188 2527 1331 2577; x_wconf 69' lang='grc' dir='ltr'><strong><em>ευθύς</em></strong></span> <span class='ocrx_word' id='word_1_143' title='bbox 1360 2531 1406 2568; x_wconf 85' lang='grc' dir='ltr'>ὲκ</span> 
     </span>
     <span class='ocr_line' id='line_1_23' title="bbox 59 2583 1404 2652; baseline 0.002 -30"><span class='ocrx_word' id='word_1_144' title='bbox 59 2584 192 2629; x_wconf 78' lang='grc' dir='ltr'><em>νέων,</em></span> <span class='ocrx_word' id='word_1_145' title='bbox 235 2598 291 2632; x_wconf 86' lang='grc' dir='ltr'>ως</span> <span class='ocrx_word' id='word_1_146' title='bbox 338 2583 528 2626; x_wconf 81' lang='grc' dir='ltr'><em>Πλάτων</em></span> <span class='ocrx_word' id='word_1_147' title='bbox 551 2590 726 2651; x_wconf 58' lang='lat' dir='ltr'>(sijai),</span> <span class='ocrx_word' id='word_1_148' title='bbox 766 2584 871 2635; x_wconf 75' lang='grc' dir='ltr'>ὥςτε</span> <span class='ocrx_word' id='word_1_149' title='bbox 916 2589 1085 2652; x_wconf 76' lang='grc' dir='ltr'><em>χαίοειν</em></span> <span class='ocrx_word' id='word_1_150' title='bbox 1133 2600 1178 2627; x_wconf 84' lang='grc' dir='ltr'>τε</span> <span class='ocrx_word' id='word_1_151' title='bbox 1220 2602 1292 2627; x_wconf 85' lang='grc' dir='ltr'>και</span> <span class='ocrx_word' id='word_1_152' title='bbox 1332 2585 1404 2626; x_wconf 82' lang='grc' dir='ltr'>λυ-</span> 
     </span>
     <span class='ocr_line' id='line_1_24' title="bbox 62 2637 1405 2698; baseline 0.002 -19"><span class='ocrx_word' id='word_1_153' title='bbox 62 2641 248 2681; x_wconf 60' lang='lat' dir='ltr'>natoliae</span> <span class='ocrx_word' id='word_1_154' title='bbox 293 2637 361 2690; x_wconf 81' lang='grc' dir='ltr'>οἷς</span> <span class='ocrx_word' id='word_1_155' title='bbox 400 2644 490 2684; x_wconf 77' lang='grc' dir='ltr'><em>δεῖ·</em></span> <span class='ocrx_word' id='word_1_156' title='bbox 538 2640 562 2693; x_wconf 74' lang='grc' dir='ltr'>ἡ</span> <span class='ocrx_word' id='word_1_157' title='bbox 607 2660 689 2698; x_wconf 67' lang='grc' dir='ltr'>μευ</span> <span class='ocrx_word' id='word_1_158' title='bbox 722 2645 895 2685; x_wconf 77' lang='grc' dir='ltr'><em>παιδεία</em></span> <span class='ocrx_word' id='word_1_159' title='bbox 929 2640 1040 2695; x_wconf 80' lang='grc' dir='ltr'>αὕτη</span> <span class='ocrx_word' id='word_1_160' title='bbox 1069 2645 1212 2691; x_wconf 74' lang='grc' dir='ltr'><em>ἐστίν,</em></span> <span class='ocrx_word' id='word_1_161' title='bbox 1243 2640 1319 2683; x_wconf 90' lang='lat' dir='ltr'>ubi</span> <span class='ocrx_word' id='word_1_162' title='bbox 1348 2639 1405 2683; x_wconf 88' lang='lat' dir='ltr'>si-</span> 
     </span>
    </p>
   </div>
  </div>
 </body>
</html>
