1612 2872
245 111 329 151 408*
740 107 1107 150 PLATONIS

346 227 449 268 KA.
521 228 607 265 Καὶ
653 225 742 271 πῶς
787 222 979 277 οἰόμεθα
1024 223 1133 279 ταχὺ
1174 224 1578 276 ξυνακολουθήσειν

250 291 351 340 ῐοὺς
393 288 553 338 ἄλλους
596 290 779 337 πολίτας
826 290 885 342 τῷ
933 286 1011 340 τὴν
1054 289 1264 342 τοιαύτην
1308 287 1450 332 πειθώ
1507 293 1577 332 καὶ

248 357 342 410 ἅμα
377 357 480 410 βίαν
516 354 739 410 εἰληφότις

347 422 445 463 ΑΘ.
515 421 681 472 Μηδεὶς
717 418 833 472 ἡμᾶς
867 415 1120 470 auster-QG)
1158 425 1292 478 φίλοι,
1313 419 1422 480 ἄλλῃ
1461 422 1577 461 {hir-

250 503 326 528 τον
365 489 438 528 καὶ
490 483 604 542 ῥᾷον
645 484 933 540 μεταβάλλειν
974 483 1031 527 ἄν
1067 501 1170 538 ποτε
1207 485 1334 530 πόλιν
1371 484 1472 534 τοὺς
1505 486 1577 527 νό-

248 568 359 606 μους
403 548 428 603 ἢ
473 552 523 610 τῇ
566 553 651 593 τῶν
694 548 1049 593 δυναστευόντων
1095 550 1325 606 ἡγεμονίᾳ.
1359 553 1465 605 μηδὲ
1498 552 1578 593 νῦν

247 634 292 671 γε
326 615 436 675 ἄλλῃ
474 619 703 669 γίγνεσθαι
739 615 840 670 μηδ’
881 609 1020 665 αὖθίς
1055 634 1161 660 ποτε
1194 617 1475 670 γενήσεσθαι.
1506 619 1576 658 καὶ

248 682 333 737 γὰρ
378 677 458 725 οὖν
502 680 604 735 ἡμῖν
654 681 706 725 οὐ
746 681 866 724 τοῦτ’
909 684 1025 724 ἐστὶν
1059 682 1287 726 ἀδύνατον
1321 681 1421 725 οὐδὲ
1453 685 1582 735 χαλε-,

248 750 339 798 πῶς
371 748 429 791 ἂν
463 748 712 803 γενόμενον,
747 746 860 789 ἀλλὰ
899 745 992 790 τὸδ’
1033 751 1120 791 ἐστὶ
1157 747 1206 791 τὸ
1240 746 1432 803 χαλεπὸν
1465 753 1578 799 γενέ-

246 817 373 865 σθαι,
394 816 465 856 καὶ
501 812 650 863 ὀλίγον
685 812 736 865 δὴ
775 813 822 855 τὸ
857 812 1034 867 γεγονὸς
1068 819 1112 856 ὲν
1147 816 1206 868 τῷ
1243 815 1388 867 πολλῷ
1409 811 1576 868 χρόνῳ·

247 880 358 922 ὅταν
401 882 445 922 δὲ
490 880 649 938 ξυμβῇ,
694 882 827 933 μυρία
872 881 943 921 καὶ
989 879 1112 922 πάντ’
1163 885 1208 922 ἐν
1251 880 1370 923 πόλει
1416 877 1576 932 ἀγαθὰ

247 946 550 999 ἀπεργάζεται,
586 950 632 987 ὲν
668 938 694 1003 ’ᾗ
729 942 820 986 ποτ’
859 941 916 986 οἳν
951 949 1185 998 ἐγγένηται.

352 1012 448 1054 ΚΛ.
524 1011 584 1053 Τὸ
622 1018 752 1053 ποῖον
789 1009 841 1060 δὴ
877 1013 1035 1062 λέγεις;

349 1079 441 1119 ΑΘ,
502 1074 639 1119 ‘'Orav
661 1080 767 1131 ἔρως
789 1079 915 1125 θεῖος
936 1071 1020 1118 τῶν
1054 1076 1293 1134 σωφρόνων
1331 1077 1476 1117 renai
1517 1078 1578 1116 δι-

248 1147 381 1185 καίων
425 1142 776 1194 ἐπιτηδευμάτων
820 1146 1040 1194 ἐγγένηται
1085 1141 1295 1195 μεγάλαις
1330 1143 1410 1182 τισὶ
1448 1143 1576 1182 δυνα-

338 1292 377 1324 C.
427 1291 506 1323 Καὶ
537 1294 623 1324 πῶς
655 1292 845 1330 οἰόμεθα
875 1294 933 1333 ψ]
960 1290 1113 1331 οὰύμεθα
1145 1302 1195 1332 pr.
1225 1289 1262 1322 Ω.
1289 1301 1357 1322 non
1388 1292 1468 1322 item
1495 1290 1575 1322 Par.

250 1339 291 1368 A.
316 1339 345 1368 si
370 1337 491 1369 Bastio
516 1339 602 1370 fides
627 1343 689 1370 est.
737 1338 916 1369 Bekkerus
940 1342 1054 1369 tamen
1077 1338 1220 1377 nuperis
1250 1338 1407 1368 omnibus
1440 1337 1576 1367 imitan·
1599 1359 1601 1361 .

249 1383 340 1413 tibus
367 1381 520 1421 οἰώμεθα
537 1384 643 1419 dedit,
661 1394 733 1414 eam
759 1385 962 1423 scripturam
987 1385 1090 1414 etiam
1115 1383 1149 1413 in
1176 1382 1255 1413 Par.
1277 1383 1318 1412 A.
1346 1391 1435 1412 corr.
1460 1386 1576 1412 extare

247 1438 406 1460 narrans.
439 1429 506 1460 Pro
525 1429 590 1460 Καὶ
617 1429 687 1460 πῶς
701 1428 933 1460 Schneiderus
944 1428 1014 1460 Καί
1037 1436 1125 1458 mos:
1153 1437 1342 1468 perperam.
1369 1427 1452 1458 Mox
1478 1427 1576 1458 codd.

943 1571 1037 1592 sum
1072 1558 1199 1600 (τάδε),
1231 1559 1425 1594 difficile
1455 1559 1575 1592 factu

248 1560 382 1603 ψόγον
413 1560 585 1604 ἄγοντα,
611 1563 633 1593 i.
661 1572 690 1592 e.
717 1561 875 1601 ψέγοντα.

943 1610 1008 1637 est
1056 1609 1186 1646 atque
1227 1605 1339 1635 omni
1381 1608 1575 1645 tempore

244 1607 299 1638 De
329 1618 366 1638 re
402 1609 485 1639 audi
526 1606 726 1638 Cicer-on.
764 1607 874 1647 Legg.

245 1652 367 1686 ΙΙΙ.14.
393 1652 498 1684 Nam
523 1653 631 1683 licet
656 1652 874 1690 videre‚si

244 1697 355 1728 velis
381 1698 604 1738 replicare
628 1697 873 1728 memoriam

242 1747 497 1782 temporum,
552 1742 874 1783 qualescunque

243 1789 391 1818 summi
427 1789 629 1819 civitatis
666 1787 751 1817 viri
789 1787 873 1818 fue-

242 1833 356 1871 rint,
388 1833 515 1863 talem
553 1832 775 1863 civitatem
810 1831 873 1862 fu-

242 1879 350 1916 isse3
377 1887 657 1918 quaeeunque
689 1877 874 1908 mutatio

241 1933 406 1954 morum
432 1924 476 1954 in
506 1922 785 1964 principibus
811 1931 875 1952 ex-

242 1969 408 2004 titerit,
434 1969 609 2000 eandem
640 1969 681 1998 in
712 1967 873 2010 poupulo

240 2018 357 2045 secut
370 2023 439 2045 am.
471 2019 535 2044 ete.
581 2014 633 2043 Ac
658 2013 874 2044 notissimum

240 2064 293 2090 est
327 2059 428 2090 illud:
471 2059 602 2099 Regis
646 2058 698 2088 ad
739 2066 874 2089 exem-

239 2105 356 2145 plum
415 2107 530 2136 totus
595 2103 873 2143 componitur

240 2150 543 2188 orbis,petitum
565 2157 607 2179 ex
625 2147 870 2179 Claudiano

238 2193 293 2226 De
329 2198 452 2234 quarto
489 2193 682 2225 Consulatu
721 2192 872 2223 Honorii

239 2249 271 2270 v.
293 2239 371 2272 299.
391 2240 448 2280 qui
467 2241 565 2271 locus
579 2239 663 2270 item
685 2238 752 2268 huc
777 2237 870 2269 facit.

283 2283 327 2315 D.
377 2284 441 2314 καὶ
475 2282 551 2325 γὰρ
585 2278 661 2314 οὖν
692 2279 790 2323 ἡμῖν
823 2278 870 2312 οὐ

242 2324 355 2359 τοῦτ’
380 2327 575 2370 ἐστίν-]
593 2328 738 2368 Neque
761 2328 871 2358 enim

241 2373 319 2405 hoo
354 2379 502 2405 nostro
543 2373 715 2404 iudicio
757 2369 870 2413 (ἡμῖν)

241 2428 324 2450 non
350 2424 495 2458 potest
518 2419 619 2450 fieri
652 2423 724 2450 aut
749 2418 869 2449 diffi-

241 2463 381 2494 culter
405 2465 637 2504 acciderit,
663 2463 779 2504 quod
810 2463 868 2493 di-

243 2509 452 2546 xi-musba
498 2513 681 2549 tyranno
730 2509 869 2548 leges,

243 2554 382 2585 mores
415 2558 453 2584 et
481 2554 693 2584 instituta
718 2553 870 2585 eivita-

243 2599 302 2630 tis
337 2599 494 2630 mutari
535 2602 763 2639 oportere3
796 2598 868 2630 sed

243 2644 338 2682 hoe,
370 2643 479 2685 quod
520 2652 628 2675 nunc
668 2643 870 2674 dicturus

943 1660 1044 1682 raro
1070 1650 1240 1681 factum.

980 1692 1102 1727 Ὅταν
1127 1695 1232 1735 ἔρως
1256 1692 1381 1724 θεῖος
1406 1694 1572 1725 wivom-

944 1738 1119 1780 φρόνων
1144 1750 1182 1770 τε
1206 1739 1272 1770 καὶ
1298 1737 1470 1770 δικαίων
1497 1738 1572 1780 ἐτι]

943 1785 1078 1817 Similia
1101 1786 1187 1816 haec
1215 1785 1258 1816 iis
1289 1789 1386 1817 sunt.
1412 1795 1500 1825 quae
1524 1785 1573 1816 le-

942 1835 1070 1870 guntur
1095 1830 1148 1862 De
1162 1830 1246 1870 Rep.
1268 1828 1305 1860 V.
1330 1839 1362 1869 p.
1375 1828 1452 1863 473.
1472 1829 1511 1861 C.
1528 1848 1570 1852 ——

941 1876 983 1907 E.
1011 1881 1044 1907 et
1070 1875 1132 1906 VI.
1158 1885 1190 1915 p.
1215 1874 1293 1908 499.
1319 1873 1359 1904 Β.
1385 1874 1425 1905 C.
1445 1875 1488 1906 D.
1514 1875 1573 1906 ubi

941 1921 1168 1962 philosophus
1199 1920 1450 1950 nobilissimam
1480 1920 1573 1951 illam

942 1967 1146 1998 sententiam
1182 1966 1350 2002 illustrat,
1383 1974 1451 2005 qua
1489 1966 1572 1996 civi-

940 2016 1028 2043 tates
1054 2011 1175 2043 statuit
1201 2014 1270 2041 tum
1296 2011 1430 2041 demum
1454 2010 1572 2042 beatas

940 2057 1028 2096 fore,
1042 2067 1147 2097 quum
1168 2065 1266 2096 reges
1295 2055 1473 2087 extiterint
1495 2055 1571 2095 phi·

940 2102 1090 2142 losophi.
1139 2099 1209 2132 Sed
1235 2101 1270 2131 in
1307 2101 1372 2131 hac
1409 2100 1570 2131 similitu—

941 2147 1022 2178 dine
1070 2151 1184 2177 tamen
1222 2145 1265 2176 ab
1305 2145 1427 2176 iisdem
1468 2146 1570 2176 etiam

939 2192 1034 2223 adeo·
1053 2192 1272 2230 discrepant,
1297 2195 1335 2221 ut
1368 2199 1478 2230 paene
1507 2190 1570 2221 mi-

938 2237 1065 2269 rabilia
1088 2236 1279 2268 videantur,
1305 2245 1392 2275 quae
1417 2235 1460 2266 de
1485 2235 1569 2266 utri-

938 2291 1047 2323 usque
1082 2282 1149 2313 loci
1191 2281 1432 2311 convenientia
1478 2289 1569 2311 eom-

938 2331 1072 2358 mentus
1111 2330 1163 2357 est
1198 2325 1409 2357 Zellerus.
1478 2324 1567 2356 Nam

938 2373 1121 2403 verborum
1179 2371 1317 2411 quidem
1377 2370 1566 2401 similitudo

938 2418 1078 2449 omnino
1102 2416 1208 2448 nulla.
1246 2415 1446 2447 Sententiae
1460 2415 1566 2446 ratio·

937 2472 1000 2496 nes,
1026 2471 1107 2492 vero
1134 2461 1176 2492 ab
1201 2462 1257 2500 iis,
1283 2471 1369 2501 qua-e
1392 2461 1427 2491 in
1453 2460 1569 2503 Repu-¹

938 2508 1028 2538 blica
1058 2507 1294 2545 disseruntur,
1321 2506 1462 2536 multum
1495 2506 1564 2536 dis-

937 2561 1096 2593 crepare,
1144 2552 1197 2582 vel
1247 2550 1372 2582 exinde
1416 2549 1564 2589 intelligi

937 2597 1073 2636 licebit,
1099 2597 1193 2637 quod
1220 2597 1279 2637 qui
1303 2596 1359 2627 hic
1383 2595 1563 2627 adumbra-

937 2647 992 2675 tur
1023 2647 1210 2683 tyrannus‚
1238 2641 1269 2672 is
1300 2639 1458 2682 populari
1490 2644 1564 2671 tan-
