<?xml version="1.0" encoding="UTF-8"?>
<!DOCTYPE html PUBLIC "-//W3C//DTD XHTML 1.0 Transitional//EN"
    "http://www.w3.org/TR/xhtml1/DTD/xhtml1-transitional.dtd">
<html xmlns="http://www.w3.org/1999/xhtml" xml:lang="en" lang="en">
 <head>
  <title>
</title>
<meta http-equiv="Content-Type" content="text/html;charset=utf-8" />
  <meta name='ocr-system' content='tesseract 3.04.00' />
  <meta name='ocr-capabilities' content='ocr_page ocr_carea ocr_par ocr_line ocrx_word'/>
</head>
<body>
  <div class='ocr_page' id='page_1' title='image "./s1operaomniarece10platuoft_0439.png"; bbox 0 0 1612 2872; ppageno 0'>
   <div class='ocr_carea' id='block_1_1' title="bbox 167 126 1406 182">
    <p class='ocr_par' dir='ltr' id='par_1_1' title="bbox 167 126 1406 182">
     <span class='ocr_line' id='line_1_1' title="bbox 167 126 1406 182; baseline -0.012 0"><span class='ocrx_word' id='word_1_1' title='bbox 167 138 251 182; x_wconf 86' lang='lat' dir='ltr'>DE</span> <span class='ocrx_word' id='word_1_2' title='bbox 285 132 563 179; x_wconf 84' lang='lat' dir='ltr'>LEGIBUS</span> <span class='ocrx_word' id='word_1_3' title='bbox 595 133 716 176; x_wconf 84' lang='lat' dir='ltr'>LIB.</span> <span class='ocrx_word' id='word_1_4' title='bbox 749 126 912 176; x_wconf 57' lang='lat' dir='ltr'>111fP.</span> <span class='ocrx_word' id='word_1_5' title='bbox 945 131 1039 174; x_wconf 87' lang='lat'>677.</span> <span class='ocrx_word' id='word_1_6' title='bbox 1071 130 1166 172; x_wconf 84' lang='lat'>678.</span> <span class='ocrx_word' id='word_1_7' title='bbox 1199 126 1263 172; x_wconf 80' lang='lat' dir='ltr'>St.</span> <span class='ocrx_word' id='word_1_8' title='bbox 1321 127 1406 171; x_wconf 77' lang='lat'>259</span> 
     </span>
    </p>
   </div>
   <div class='ocr_carea' id='block_1_2' title="bbox 48 245 1406 312">
    <p class='ocr_par' dir='ltr' id='par_1_2' title="bbox 48 245 1406 312">
     <span class='ocr_line' id='line_1_2' title="bbox 48 245 1406 312; baseline -0.01 -8.854"><span class='ocrx_word' id='word_1_9' title='bbox 48 259 259 308; x_wconf 73' lang='grc' dir='ltr'><strong><em>Ησίοδος</em></strong></span> <span class='ocrx_word' id='word_1_10' title='bbox 291 251 553 312; x_wconf 66' lang='grc' dir='ltr'><strong><em>ἐμαντεύετο</em></strong></span> <span class='ocrx_word' id='word_1_11' title='bbox 588 250 748 301; x_wconf 74' lang='grc' dir='ltr'>πάλαι,</span> <span class='ocrx_word' id='word_1_12' title='bbox 785 252 846 305; x_wconf 82' lang='grc' dir='ltr'>τῷ</span> <span class='ocrx_word' id='word_1_13' title='bbox 881 252 926 293; x_wconf 77' lang='grc' dir='ltr'>δὲ</span> <span class='ocrx_word' id='word_1_14' title='bbox 960 253 1072 306; x_wconf 69' lang='grc' dir='ltr'>ἔργῳ</span> <span class='ocrx_word' id='word_1_15' title='bbox 1106 253 1270 298; x_wconf 69' lang='grc' dir='ltr'><strong><em>ἐκεῖνος</em></strong></span> <span class='ocrx_word' id='word_1_16' title='bbox 1298 245 1406 289; x_wconf 79' lang='grc' dir='ltr'><strong><em>άπε-</em></strong></span> 
     </span>
    </p>
   </div>
   <div class='ocr_carea' id='block_1_3' title="bbox 57 322 640 519">
    <p class='ocr_par' dir='ltr' id='par_1_3' title="bbox 57 322 640 519">
     <span class='ocr_line' id='line_1_3' title="bbox 57 322 640 380; baseline -0.016 -9"><span class='ocrx_word' id='word_1_17' title='bbox 57 329 235 376; x_wconf 58' lang='lat' dir='ltr'>tamar,</span> <span class='ocrx_word' id='word_1_18' title='bbox 270 322 328 374; x_wconf 87' lang='grc' dir='ltr'>ὡς</span> <span class='ocrx_word' id='word_1_19' title='bbox 359 322 483 378; x_wconf 77' lang='grc' dir='ltr'><strong><em>ὑμεῖς</em></strong></span> <span class='ocrx_word' id='word_1_20' title='bbox 513 324 640 380; x_wconf 76' lang='grc' dir='ltr'><strong>φατέ.</strong></span> 
     </span>
     <span class='ocr_line' id='line_1_4' title="bbox 157 394 259 436; baseline 0.011 -1"><span class='ocrx_word' id='word_1_21' title='bbox 157 394 259 436; x_wconf 87' lang='lat' dir='ltr'>KA.</span> 
     </span>
     <span class='ocr_line' id='line_1_5' title="bbox 157 454 366 519; baseline -0.01 -17"><span class='ocrx_word' id='word_1_22' title='bbox 157 456 268 519; x_wconf 81' lang='lat' dir='ltr'>Cap.</span> <span class='ocrx_word' id='word_1_23' title='bbox 309 454 366 501; x_wconf 93' lang='lat' dir='ltr'>II.</span> 
     </span>
    </p>
   </div>
   <div class='ocr_carea' id='block_1_4' title="bbox 330 379 1406 505">
    <p class='ocr_par' dir='ltr' id='par_1_4' title="bbox 330 379 1406 505">
     <span class='ocr_line' id='line_1_6' title="bbox 330 379 740 447; baseline -0.012 -13"><span class='ocrx_word' id='word_1_24' title='bbox 330 392 489 447; x_wconf 78' lang='grc' dir='ltr'><strong><em>Φαμὲν</em></strong></span> <span class='ocrx_word' id='word_1_25' title='bbox 526 385 612 443; x_wconf 78' lang='grc' dir='ltr'>γὰρ</span> <span class='ocrx_word' id='word_1_26' title='bbox 648 379 740 430; x_wconf 79' lang='grc' dir='ltr'><strong>οὖν.</strong></span> 
     </span>
     <span class='ocr_line' id='line_1_7' title="bbox 437 447 1406 505; baseline -0.008 -6"><span class='ocrx_word' id='word_1_27' title='bbox 437 456 535 500; x_wconf 86' lang='grc' dir='ltr'><strong>ΛΘ.</strong></span> <span class='ocrx_word' id='word_1_28' title='bbox 610 453 784 498; x_wconf 80' lang='grc' dir='ltr'><strong><em>Οὐκοῦν</em></strong></span> <span class='ocrx_word' id='word_1_29' title='bbox 822 449 939 495; x_wconf 78' lang='grc' dir='ltr'><strong><em>οὕτω</em></strong></span> <span class='ocrx_word' id='word_1_30' title='bbox 982 447 1036 502; x_wconf 84' lang='grc' dir='ltr'>δὴ</span> <span class='ocrx_word' id='word_1_31' title='bbox 1072 451 1262 504; x_wconf 74' lang='grc' dir='ltr'><strong><em>λέγωμεν</em></strong></span> <span class='ocrx_word' id='word_1_32' title='bbox 1295 453 1406 505; x_wconf 75' lang='grc' dir='ltr'><strong>ἔχειν</strong></span> 
     </span>
    </p>
   </div>
   <div class='ocr_carea' id='block_1_5' title="bbox 53 513 1408 788">
    <p class='ocr_par' dir='ltr' id='par_1_5' title="bbox 53 513 1408 788">
     <span class='ocr_line' id='line_1_8' title="bbox 54 513 1408 580; baseline -0.01 -10"><span class='ocrx_word' id='word_1_33' title='bbox 54 526 168 577; x_wconf 79' lang='grc' dir='ltr'><em>τότε,</em></span> <span class='ocrx_word' id='word_1_34' title='bbox 194 524 267 569; x_wconf 77' lang='grc' dir='ltr'>ὅτε</span> <span class='ocrx_word' id='word_1_35' title='bbox 304 529 470 578; x_wconf 79' lang='grc' dir='ltr'><strong><em>ἐγένετο</em></strong></span> <span class='ocrx_word' id='word_1_36' title='bbox 505 521 532 574; x_wconf 81' lang='grc' dir='ltr'><em>ἡ</em></span> <span class='ocrx_word' id='word_1_37' title='bbox 567 520 745 580; x_wconf 73' lang='grc' dir='ltr'><strong><em>φθορα,</em></strong></span> <span class='ocrx_word' id='word_1_38' title='bbox 771 517 826 561; x_wconf 77' lang='grc' dir='ltr'>τὰ</span> <span class='ocrx_word' id='word_1_39' title='bbox 869 518 966 574; x_wconf 77' lang='grc' dir='ltr'><strong><em>περὶ</em></strong></span> <span class='ocrx_word' id='word_1_40' title='bbox 1001 513 1108 567; x_wconf 75' lang='grc' dir='ltr'><strong><em>τοὺς</em></strong></span> <span class='ocrx_word' id='word_1_41' title='bbox 1133 514 1408 574; x_wconf 75' lang='grc' dir='ltr'><strong><em>ἀνθρώπους</em></strong></span> 
     </span>
     <span class='ocr_line' id='line_1_9' title="bbox 55 582 1400 650; baseline -0.01 -12"><span class='ocrx_word' id='word_1_42' title='bbox 55 595 313 650; x_wconf 76' lang='grc' dir='ltr'><em>πράγματα,</em></span> <span class='ocrx_word' id='word_1_43' title='bbox 332 595 494 648; x_wconf 82' lang='grc' dir='ltr'><strong><em>μυρίαν</em></strong></span> <span class='ocrx_word' id='word_1_44' title='bbox 529 595 607 644; x_wconf 79' lang='grc' dir='ltr'>μὲν</span> <span class='ocrx_word' id='word_1_45' title='bbox 642 604 740 630; x_wconf 84' lang='grc' dir='ltr'>τινα</span> <span class='ocrx_word' id='word_1_46' title='bbox 775 583 977 645; x_wconf 75' lang='grc' dir='ltr'><strong><em>φοβερὰν</em></strong></span> <span class='ocrx_word' id='word_1_47' title='bbox 1011 587 1211 640; x_wconf 76' lang='grc' dir='ltr'><strong><em>ἐρημίαν,</em></strong></span> <span class='ocrx_word' id='word_1_48' title='bbox 1243 584 1325 638; x_wconf 78' lang='grc' dir='ltr'>γῆς</span> <span class='ocrx_word' id='word_1_49' title='bbox 1359 582 1400 626; x_wconf 81' lang='grc' dir='ltr'>δ’</span> 
     </span>
     <span class='ocr_line' id='line_1_10' title="bbox 54 649 1406 719; baseline -0.009 -15"><span class='ocrx_word' id='word_1_50' title='bbox 54 660 272 719; x_wconf 73' lang='grc' dir='ltr'><strong><em>ἀφθόνου</em></strong></span> <span class='ocrx_word' id='word_1_51' title='bbox 302 661 484 711; x_wconf 74' lang='grc' dir='ltr'><strong><em>πλῆθος</em></strong></span> <span class='ocrx_word' id='word_1_52' title='bbox 518 654 751 705; x_wconf 76' lang='grc' dir='ltr'><strong><em>πάμπολυ,</em></strong></span> <span class='ocrx_word' id='word_1_53' title='bbox 787 652 909 706; x_wconf 82' lang='grc' dir='ltr'><strong><em>ζώων</em></strong></span> <span class='ocrx_word' id='word_1_54' title='bbox 953 654 998 694; x_wconf 77' lang='grc' dir='ltr'>δὲ</span> <span class='ocrx_word' id='word_1_55' title='bbox 1033 652 1124 694; x_wconf 78' lang='grc' dir='ltr'>τῶν</span> <span class='ocrx_word' id='word_1_56' title='bbox 1156 649 1303 694; x_wconf 80' lang='grc' dir='ltr'><strong><em>ἄλλων</em></strong></span> <span class='ocrx_word' id='word_1_57' title='bbox 1336 650 1406 709; x_wconf 80' lang='grc' dir='ltr'>ὲρ-</span> 
     </span>
     <span class='ocr_line' id='line_1_11' title="bbox 53 719 1407 788; baseline -0.008 -17"><span class='ocrx_word' id='word_1_58' title='bbox 53 728 225 788; x_wconf 84' lang='grc' dir='ltr'><strong><em>ῥόντων</em></strong></span> <span class='ocrx_word' id='word_1_59' title='bbox 260 724 446 782; x_wconf 79' lang='grc' dir='ltr'><strong><em>βουκόλι’</em></strong></span> <span class='ocrx_word' id='word_1_60' title='bbox 488 721 617 772; x_wconf 81' lang='grc' dir='ltr'><em>ἅττα,</em></span> <span class='ocrx_word' id='word_1_61' title='bbox 639 725 713 765; x_wconf 85' lang='grc' dir='ltr'>καὶ</span> <span class='ocrx_word' id='word_1_62' title='bbox 747 721 788 765; x_wconf 75' lang='grc' dir='ltr'>εἴ</span> <span class='ocrx_word' id='word_1_63' title='bbox 821 724 861 763; x_wconf 83' lang='grc' dir='ltr'>τί</span> <span class='ocrx_word' id='word_1_64' title='bbox 907 734 996 763; x_wconf 77' lang='grc' dir='ltr'><strong><em>που</em></strong></span> <span class='ocrx_word' id='word_1_65' title='bbox 1039 719 1178 773; x_wconf 72' lang='grc' dir='ltr'><strong><em>αὶμόν</em></strong></span> <span class='ocrx_word' id='word_1_66' title='bbox 1222 721 1407 774; x_wconf 73' lang='grc' dir='ltr'><strong>περιλει-</strong></span> 
     </span>
    </p>
   </div>
   <div class='ocr_carea' id='block_1_6' title="bbox 54 784 1521 869">
    <p class='ocr_par' dir='ltr' id='par_1_6' title="bbox 54 784 1521 869">
     <span class='ocr_line' id='line_1_12' title="bbox 54 784 1521 869; baseline -0.008 -30"><span class='ocrx_word' id='word_1_67' title='bbox 54 798 180 854; x_wconf 75' lang='grc' dir='ltr'><strong><em>φθὲν</em></strong></span> <span class='ocrx_word' id='word_1_68' title='bbox 216 795 422 850; x_wconf 56' lang='lat' dir='ltr'>&amp;tumente</span> <span class='ocrx_word' id='word_1_69' title='bbox 449 797 587 869; x_wconf 63' lang='grc' dir='ltr'><strong><em>μένος,</em></strong></span> <span class='ocrx_word' id='word_1_70' title='bbox 607 789 774 851; x_wconf 79' lang='grc' dir='ltr'><strong>σπάνια</strong></span> <span class='ocrx_word' id='word_1_71' title='bbox 811 805 883 832; x_wconf 84' lang='grc' dir='ltr'>και</span> <span class='ocrx_word' id='word_1_72' title='bbox 903 787 1050 830; x_wconf 84' lang='grc' dir='ltr'><strong><em>ταῦτα</em></strong></span> <span class='ocrx_word' id='word_1_73' title='bbox 1070 792 1276 840; x_wconf 79' lang='grc' dir='ltr'><strong><em>νέμουσιν</em></strong></span> <span class='ocrx_word' id='word_1_74' title='bbox 1296 784 1408 829; x_wconf 62' lang='lat' dir='ltr'><strong><em>elnac</em></strong></span> <span class='ocrx_word' id='word_1_75' title='bbox 1439 795 1521 837; x_wconf 77' lang='lat'>(578</span> 
     </span>
    </p>
   </div>
   <div class='ocr_carea' id='block_1_7' title="bbox 55 859 586 982">
    <p class='ocr_par' dir='ltr' id='par_1_7' title="bbox 55 859 586 982">
     <span class='ocr_line' id='line_1_13' title="bbox 55 859 586 916; baseline -0.01 -11"><span class='ocrx_word' id='word_1_76' title='bbox 55 865 133 916; x_wconf 86' lang='grc' dir='ltr'>ζῆν</span> <span class='ocrx_word' id='word_1_77' title='bbox 167 863 267 905; x_wconf 81' lang='grc' dir='ltr'><em>τότε</em></span> <span class='ocrx_word' id='word_1_78' title='bbox 302 860 390 904; x_wconf 81' lang='grc' dir='ltr'><em>κατ’</em></span> <span class='ocrx_word' id='word_1_79' title='bbox 432 859 586 915; x_wconf 76' lang='grc' dir='ltr'><strong><em>ἁρχας</em></strong></span> 
     </span>
     <span class='ocr_line' id='line_1_14' title="bbox 159 926 531 982; baseline -0.013 -9"><span class='ocrx_word' id='word_1_80' title='bbox 159 931 260 973; x_wconf 86' lang='grc' dir='ltr'>ΚΛ.</span> <span class='ocrx_word' id='word_1_81' title='bbox 333 931 387 971; x_wconf 82' lang='grc' dir='ltr'>Τί</span> <span class='ocrx_word' id='word_1_82' title='bbox 420 926 531 982; x_wconf 77' lang='grc' dir='ltr'><strong><em>μήν,·</em></strong></span> 
     </span>
    </p>
   </div>
   <div class='ocr_carea' id='block_1_8' title="bbox 150 1051 1410 1104">
    <p class='ocr_par' dir='ltr' id='par_1_8' title="bbox 150 1051 1410 1104">
     <span class='ocr_line' id='line_1_15' title="bbox 150 1051 1410 1104; baseline -0.008 -10"><span class='ocrx_word' id='word_1_83' title='bbox 150 1062 235 1104; x_wconf 87' lang='lat' dir='ltr'>Cap.</span> <span class='ocrx_word' id='word_1_84' title='bbox 264 1061 306 1093; x_wconf 89' lang='lat' dir='ltr'>ll.</span> <span class='ocrx_word' id='word_1_85' title='bbox 355 1061 397 1092; x_wconf 83' lang='grc' dir='ltr'>Ε.</span> <span class='ocrx_word' id='word_1_86' title='bbox 446 1056 582 1101; x_wconf 74' lang='grc' dir='ltr'>γῆςδ’</span> <span class='ocrx_word' id='word_1_87' title='bbox 608 1051 893 1098; x_wconf 77' lang='grc' dir='ltr'><strong><em>ἀφθόνου]ι’</em></strong></span> <span class='ocrx_word' id='word_1_88' title='bbox 923 1053 962 1087; x_wconf 84' lang='grc' dir='ltr'>Ω.</span> <span class='ocrx_word' id='word_1_89' title='bbox 987 1065 1039 1097; x_wconf 88' lang='lat' dir='ltr'>pr.</span> <span class='ocrx_word' id='word_1_90' title='bbox 1055 1054 1149 1087; x_wconf 82' lang='lat' dir='ltr'>eth.</span> <span class='ocrx_word' id='word_1_91' title='bbox 1174 1053 1199 1084; x_wconf 85' lang='lat' dir='ltr'>f.</span> <span class='ocrx_word' id='word_1_92' title='bbox 1226 1063 1253 1084; x_wconf 91' lang='lat' dir='ltr'>r.</span> <span class='ocrx_word' id='word_1_93' title='bbox 1281 1051 1359 1087; x_wconf 59' lang='grc' dir='ltr'><strong>ιδ.</strong></span> <span class='ocrx_word' id='word_1_94' title='bbox 1379 1063 1410 1084; x_wconf 92' lang='grc' dir='ltr'>ο.</span> 
     </span>
    </p>
   </div>
   <div class='ocr_carea' id='block_1_9' title="bbox 59 1103 696 1150">
    <p class='ocr_par' dir='ltr' id='par_1_9' title="bbox 59 1103 696 1150">
     <span class='ocr_line' id='line_1_16' title="bbox 59 1103 696 1150; baseline -0.011 -9"><span class='ocrx_word' id='word_1_95' title='bbox 59 1109 144 1141; x_wconf 84' lang='lat' dir='ltr'>Mox</span> <span class='ocrx_word' id='word_1_96' title='bbox 169 1118 277 1150; x_wconf 84' lang='lat' dir='ltr'>marg.</span> <span class='ocrx_word' id='word_1_97' title='bbox 302 1117 336 1139; x_wconf 97' lang='grc' dir='ltr'>Χ.</span> <span class='ocrx_word' id='word_1_98' title='bbox 364 1103 455 1138; x_wconf 81' lang='grc' dir='ltr'><strong><em>οὕτω</em></strong></span> <span class='ocrx_word' id='word_1_99' title='bbox 479 1104 521 1147; x_wconf 83' lang='grc' dir='ltr'>δὴ</span> <span class='ocrx_word' id='word_1_100' title='bbox 546 1104 696 1146; x_wconf 80' lang='grc' dir='ltr'><strong><em>λέγομεν.</em></strong></span> 
     </span>
    </p>
   </div>
   <div class='ocr_carea' id='block_1_10' title="bbox 59 1218 697 1346">
    <p class='ocr_par' dir='ltr' id='par_1_10' title="bbox 59 1218 697 1346">
     <span class='ocr_line' id='line_1_17' title="bbox 59 1218 697 1261; baseline -0.005 -8"><span class='ocrx_word' id='word_1_101' title='bbox 59 1221 204 1254; x_wconf 76' lang='lat' dir='ltr'>delum</span> <span class='ocrx_word' id='word_1_102' title='bbox 267 1224 526 1261; x_wconf 89' lang='lat' dir='ltr'>ceterosque</span> <span class='ocrx_word' id='word_1_103' title='bbox 586 1218 697 1250; x_wconf 85' lang='lat' dir='ltr'>dico.</span> 
     </span>
     <span class='ocr_line' id='line_1_18' title="bbox 59 1265 695 1300; baseline -0.008 0"><span class='ocrx_word' id='word_1_104' title='bbox 59 1277 214 1300; x_wconf 87' lang='lat' dir='ltr'>rursus</span> <span class='ocrx_word' id='word_1_105' title='bbox 278 1265 564 1298; x_wconf 87' lang='lat' dir='ltr'>interciderit</span> <span class='ocrx_word' id='word_1_106' title='bbox 629 1273 695 1295; x_wconf 89' lang='lat' dir='ltr'>ne-</span> 
     </span>
     <span class='ocr_line' id='line_1_19' title="bbox 60 1309 697 1346; baseline -0.006 -1"><span class='ocrx_word' id='word_1_107' title='bbox 60 1324 183 1346; x_wconf 83' lang='lat' dir='ltr'>cesse</span> <span class='ocrx_word' id='word_1_108' title='bbox 209 1310 309 1346; x_wconf 84' lang='lat' dir='ltr'>est.’⁷</span> <span class='ocrx_word' id='word_1_109' title='bbox 353 1311 516 1344; x_wconf 86' lang='lat' dir='ltr'>Ceterum</span> <span class='ocrx_word' id='word_1_110' title='bbox 541 1311 584 1342; x_wconf 90' lang='lat' dir='ltr'>de</span> <span class='ocrx_word' id='word_1_111' title='bbox 610 1309 697 1342; x_wconf 83' lang='lat' dir='ltr'>Dae-</span> 
     </span>
    </p>
   </div>
   <div class='ocr_carea' id='block_1_11' title="bbox 15 1355 697 1392">
    <p class='ocr_par' dir='ltr' id='par_1_11' title="bbox 15 1355 697 1392">
     <span class='ocr_line' id='line_1_20' title="bbox 15 1355 697 1392; baseline -0.003 0"><span class='ocrx_word' id='word_1_112' title='bbox 15 1366 22 1370; x_wconf 72' lang='lat'><em>&#39;</em></span> <span class='ocrx_word' id='word_1_113' title='bbox 59 1360 140 1392; x_wconf 73' lang='lat' dir='ltr'>delo</span> <span class='ocrx_word' id='word_1_114' title='bbox 165 1370 198 1391; x_wconf 84' lang='lat' dir='ltr'>v.</span> <span class='ocrx_word' id='word_1_115' title='bbox 223 1358 406 1391; x_wconf 86' lang='lat' dir='ltr'>Diodor.</span> <span class='ocrx_word' id='word_1_116' title='bbox 435 1358 523 1390; x_wconf 90' lang='lat' dir='ltr'>Sic.</span> <span class='ocrx_word' id='word_1_117' title='bbox 547 1357 612 1391; x_wconf 83' lang='lat' dir='ltr'>IV.</span> <span class='ocrx_word' id='word_1_118' title='bbox 642 1355 697 1390; x_wconf 84' lang='grc'>76.</span> 
     </span>
    </p>
   </div>
   <div class='ocr_carea' id='block_1_12' title="bbox 59 1403 715 2781">
    <p class='ocr_par' dir='ltr' id='par_1_12' title="bbox 59 1403 704 1860">
     <span class='ocr_line' id='line_1_21' title="bbox 59 1403 698 1448; baseline -0.008 -9"><span class='ocrx_word' id='word_1_119' title='bbox 59 1407 180 1448; x_wconf 87' lang='lat' dir='ltr'>ibique</span> <span class='ocrx_word' id='word_1_120' title='bbox 224 1405 492 1446; x_wconf 87' lang='lat' dir='ltr'>Wesseling.</span> <span class='ocrx_word' id='word_1_121' title='bbox 551 1403 698 1436; x_wconf 85' lang='lat' dir='ltr'>Palae—</span> 
     </span>
     <span class='ocr_line' id='line_1_22' title="bbox 60 1449 698 1495; baseline -0.008 -10"><span class='ocrx_word' id='word_1_122' title='bbox 60 1453 174 1495; x_wconf 80' lang='lat' dir='ltr'>phat.</span> <span class='ocrx_word' id='word_1_123' title='bbox 200 1451 287 1483; x_wconf 84' lang='lat' dir='ltr'>Fab.</span> <span class='ocrx_word' id='word_1_124' title='bbox 306 1450 363 1484; x_wconf 77' lang='lat'>22.</span> <span class='ocrx_word' id='word_1_125' title='bbox 389 1452 431 1483; x_wconf 88' lang='lat' dir='ltr'>de</span> <span class='ocrx_word' id='word_1_126' title='bbox 449 1449 590 1491; x_wconf 85' lang='lat' dir='ltr'>Orpheo</span> <span class='ocrx_word' id='word_1_127' title='bbox 610 1449 698 1481; x_wconf 83' lang='lat' dir='ltr'>Ari-</span> 
     </span>
     <span class='ocr_line' id='line_1_23' title="bbox 62 1495 702 1539; baseline -0.009 -8"><span class='ocrx_word' id='word_1_128' title='bbox 62 1498 206 1539; x_wconf 86' lang='lat' dir='ltr'>stoph.</span> <span class='ocrx_word' id='word_1_129' title='bbox 241 1497 354 1531; x_wconf 83' lang='lat' dir='ltr'>Rann.</span> <span class='ocrx_word' id='word_1_130' title='bbox 390 1508 422 1531; x_wconf 84' lang='lat' dir='ltr'>v.</span> <span class='ocrx_word' id='word_1_131' title='bbox 454 1495 557 1531; x_wconf 86' lang='lat'>1064.</span> <span class='ocrx_word' id='word_1_132' title='bbox 584 1496 702 1538; x_wconf 81' lang='lat' dir='ltr'>ibique</span> 
     </span>
     <span class='ocr_line' id='line_1_24' title="bbox 61 1541 703 1586; baseline -0.005 -10"><span class='ocrx_word' id='word_1_133' title='bbox 61 1546 172 1586; x_wconf 84' lang='lat' dir='ltr'>intpp.</span> <span class='ocrx_word' id='word_1_134' title='bbox 217 1543 260 1575; x_wconf 79' lang='lat' dir='ltr'>de</span> <span class='ocrx_word' id='word_1_135' title='bbox 291 1543 479 1575; x_wconf 79' lang='lat' dir='ltr'><strong>Palamede</strong></span> <span class='ocrx_word' id='word_1_136' title='bbox 511 1544 622 1584; x_wconf 84' lang='lat' dir='ltr'>intpp.</span> <span class='ocrx_word' id='word_1_137' title='bbox 657 1541 703 1573; x_wconf 85' lang='lat' dir='ltr'>ad</span> 
     </span>
     <span class='ocr_line' id='line_1_25' title="bbox 62 1587 700 1631; baseline -0.008 -8"><span class='ocrx_word' id='word_1_138' title='bbox 62 1589 153 1623; x_wconf 85' lang='lat' dir='ltr'>Plat.</span> <span class='ocrx_word' id='word_1_139' title='bbox 180 1588 300 1631; x_wconf 87' lang='lat' dir='ltr'>Remp.</span> <span class='ocrx_word' id='word_1_140' title='bbox 328 1589 408 1621; x_wconf 87' lang='lat' dir='ltr'>VH.</span> <span class='ocrx_word' id='word_1_141' title='bbox 437 1589 468 1624; x_wconf 87' lang='lat'>6.</span> <span class='ocrx_word' id='word_1_142' title='bbox 495 1587 700 1621; x_wconf 85' lang='lat' dir='ltr'>Gataker.</span> 
     </span>
     <span class='ocr_line' id='line_1_26' title="bbox 61 1634 702 1675; baseline -0.005 -7"><span class='ocrx_word' id='word_1_143' title='bbox 61 1636 212 1668; x_wconf 83' lang='lat' dir='ltr'>Advers.</span> <span class='ocrx_word' id='word_1_144' title='bbox 237 1634 361 1667; x_wconf 85' lang='lat' dir='ltr'>Posth.</span> <span class='ocrx_word' id='word_1_145' title='bbox 393 1646 421 1668; x_wconf 89' lang='lat' dir='ltr'>c.</span> <span class='ocrx_word' id='word_1_146' title='bbox 454 1634 510 1668; x_wconf 93' lang='lat'>10.</span> <span class='ocrx_word' id='word_1_147' title='bbox 537 1639 571 1666; x_wconf 93' lang='lat' dir='ltr'>et</span> <span class='ocrx_word' id='word_1_148' title='bbox 595 1634 702 1675; x_wconf 85' lang='lat' dir='ltr'>Hey-</span> 
     </span>
     <span class='ocr_line' id='line_1_27' title="bbox 60 1679 700 1723; baseline -0.005 -8"><span class='ocrx_word' id='word_1_149' title='bbox 60 1682 158 1715; x_wconf 86' lang='lat' dir='ltr'>nius</span> <span class='ocrx_word' id='word_1_150' title='bbox 173 1681 218 1713; x_wconf 81' lang='lat' dir='ltr'>ad</span> <span class='ocrx_word' id='word_1_151' title='bbox 235 1681 361 1723; x_wconf 84' lang='lat' dir='ltr'>Virgil.</span> <span class='ocrx_word' id='word_1_152' title='bbox 383 1682 475 1713; x_wconf 86' lang='lat' dir='ltr'>Aen.</span> <span class='ocrx_word' id='word_1_153' title='bbox 487 1679 536 1713; x_wconf 93' lang='lat' dir='ltr'>II.</span> <span class='ocrx_word' id='word_1_154' title='bbox 550 1681 700 1712; x_wconf 61' lang='grc' dir='ltr'><strong>ΕΧοιιιει</strong></span> 
     </span>
     <span class='ocr_line' id='line_1_28' title="bbox 62 1726 701 1769; baseline -0.006 -8"><span class='ocrx_word' id='word_1_155' title='bbox 62 1727 121 1762; x_wconf 85' lang='grc' dir='ltr'><strong>ΙΙΙ.</strong></span> <span class='ocrx_word' id='word_1_156' title='bbox 145 1727 188 1760; x_wconf 83' lang='lat' dir='ltr'>de</span> <span class='ocrx_word' id='word_1_157' title='bbox 212 1726 356 1769; x_wconf 76' lang='lat' dir='ltr'>Marsya</span> <span class='ocrx_word' id='word_1_158' title='bbox 384 1732 420 1760; x_wconf 86' lang='lat' dir='ltr'>et</span> <span class='ocrx_word' id='word_1_159' title='bbox 445 1726 595 1769; x_wconf 81' lang='lat' dir='ltr'>Olympo</span> <span class='ocrx_word' id='word_1_160' title='bbox 621 1736 701 1758; x_wconf 88' lang='lat' dir='ltr'>ann.</span> 
     </span>
     <span class='ocr_line' id='line_1_29' title="bbox 60 1771 704 1816; baseline -0.005 -10"><span class='ocrx_word' id='word_1_161' title='bbox 60 1773 108 1806; x_wconf 81' lang='lat' dir='ltr'>ad</span> <span class='ocrx_word' id='word_1_162' title='bbox 138 1773 250 1807; x_wconf 77' lang='lat' dir='ltr'>Plat.</span> <span class='ocrx_word' id='word_1_163' title='bbox 275 1773 393 1816; x_wconf 82' lang='lat' dir='ltr'>Symp.</span> <span class='ocrx_word' id='word_1_164' title='bbox 429 1785 463 1816; x_wconf 87' lang='lat' dir='ltr'>p.</span> <span class='ocrx_word' id='word_1_165' title='bbox 493 1773 572 1808; x_wconf 78' lang='lat'>215</span> <span class='ocrx_word' id='word_1_166' title='bbox 600 1771 640 1807; x_wconf 84' lang='lat' dir='ltr'>C.</span> <span class='ocrx_word' id='word_1_167' title='bbox 669 1776 704 1804; x_wconf 92' lang='lat' dir='ltr'>et</span> 
     </span>
     <span class='ocr_line' id='line_1_30' title="bbox 62 1818 381 1860; baseline 0.003 -9"><span class='ocrx_word' id='word_1_168' title='bbox 62 1820 152 1852; x_wconf 72' lang='lat' dir='ltr'>Min.</span> <span class='ocrx_word' id='word_1_169' title='bbox 175 1829 210 1860; x_wconf 92' lang='lat' dir='ltr'>p,</span> <span class='ocrx_word' id='word_1_170' title='bbox 234 1818 315 1854; x_wconf 85' lang='grc'>318</span> <span class='ocrx_word' id='word_1_171' title='bbox 339 1819 381 1852; x_wconf 89' lang='grc' dir='ltr'>Β.</span> 
     </span>
    </p>

    <p class='ocr_par' dir='ltr' id='par_1_13' title="bbox 65 1859 707 1992">
     <span class='ocr_line' id='line_1_31' title="bbox 109 1859 706 1906; baseline -0.002 -9"><span class='ocrx_word' id='word_1_172' title='bbox 109 1862 182 1897; x_wconf 75' lang='grc' dir='ltr'>τὸν</span> <span class='ocrx_word' id='word_1_173' title='bbox 212 1859 395 1906; x_wconf 55' lang='grc' dir='ltr'>ἀτεχνῶς</span> <span class='ocrx_word' id='word_1_174' title='bbox 424 1863 532 1906; x_wconf 75' lang='grc' dir='ltr'>χθὲς</span> <span class='ocrx_word' id='word_1_175' title='bbox 569 1863 623 1906; x_wconf 81' lang='grc' dir='ltr'>γ.]</span> <span class='ocrx_word' id='word_1_176' title='bbox 651 1864 706 1896; x_wconf 88' lang='lat' dir='ltr'>De</span> 
     </span>
     <span class='ocr_line' id='line_1_32' title="bbox 65 1911 707 1953; baseline -0.002 -10"><span class='ocrx_word' id='word_1_177' title='bbox 65 1911 283 1953; x_wconf 84' lang='lat' dir='ltr'>Epimenidis</span> <span class='ocrx_word' id='word_1_178' title='bbox 345 1915 459 1943; x_wconf 78' lang='lat' dir='ltr'>aetate</span> <span class='ocrx_word' id='word_1_179' title='bbox 518 1911 707 1942; x_wconf 86' lang='lat' dir='ltr'>secundum</span> 
     </span>
     <span class='ocr_line' id='line_1_33' title="bbox 65 1955 695 1998; baseline 0 -8"><span class='ocrx_word' id='word_1_180' title='bbox 65 1957 298 1992; x_wconf 80' lang='lat' dir='ltr'>Platonemv.</span> <span class='ocrx_word' id='word_1_181' title='bbox 315 1957 360 1988; x_wconf 81' lang='lat' dir='ltr'>ad</span> <span class='ocrx_word' id='word_1_182' title='bbox 376 1957 455 1989; x_wconf 82' lang='lat' dir='ltr'>libr.</span> <span class='ocrx_word' id='word_1_183' title='bbox 479 1955 545 1998; x_wconf 73' lang='lat' dir='ltr'>Lp</span> <span class='ocrx_word' id='word_1_184' title='bbox 551 1955 695 1990; x_wconf 69' lang='lat'>6421)</span> 
     </span>
    </p>

    <p class='ocr_par' dir='ltr' id='par_1_14' title="bbox 67 1966 710 2505">
     <span class='ocr_line' id='line_1_34' title="bbox 108 1966 708 2045; baseline -0.003 -9.983"><span class='ocrx_word' id='word_1_185' title='bbox 108 1997 345 2045; x_wconf 60' lang='lat'>&#39;210&#39;02&#39;200</span> <span class='ocrx_word' id='word_1_186' title='bbox 354 2013 380 2033; x_wconf 87' lang='grc' dir='ltr'>ω</span> <span class='ocrx_word' id='word_1_187' title='bbox 398 1966 708 2044; x_wconf 44' lang='lat' dir='ltr'>Kzezvgamuod</span> 
     </span>
     <span class='ocr_line' id='line_1_35' title="bbox 67 2048 708 2090; baseline -0.005 -8"><span class='ocrx_word' id='word_1_188' title='bbox 67 2050 168 2083; x_wconf 84' lang='lat' dir='ltr'>codd.</span> <span class='ocrx_word' id='word_1_189' title='bbox 195 2049 318 2090; x_wconf 86' lang='lat' dir='ltr'>optimi</span> <span class='ocrx_word' id='word_1_190' title='bbox 343 2049 418 2082; x_wconf 82' lang='lat' dir='ltr'>fere</span> <span class='ocrx_word' id='word_1_191' title='bbox 443 2059 561 2081; x_wconf 87' lang='lat' dir='ltr'>omnes</span> <span class='ocrx_word' id='word_1_192' title='bbox 576 2048 708 2080; x_wconf 82' lang='lat' dir='ltr'>habent</span> 
     </span>
     <span class='ocr_line' id='line_1_36' title="bbox 67 2091 709 2137; baseline -0.002 -10"><span class='ocrx_word' id='word_1_193' title='bbox 67 2091 137 2128; x_wconf 75' lang='grc' dir='ltr'>ἴστ’</span> <span class='ocrx_word' id='word_1_194' title='bbox 138 2120 147 2136; x_wconf 91' lang='grc'>,</span> <span class='ocrx_word' id='word_1_195' title='bbox 162 2105 183 2127; x_wconf 85' lang='lat' dir='ltr'>a</span> <span class='ocrx_word' id='word_1_196' title='bbox 196 2093 469 2128; x_wconf 70' lang='lat' dir='ltr'>Schneidero</span> <span class='ocrx_word' id='word_1_197' title='bbox 486 2105 597 2137; x_wconf 86' lang='lat' dir='ltr'>nuper</span> <span class='ocrx_word' id='word_1_198' title='bbox 613 2094 709 2126; x_wconf 86' lang='lat' dir='ltr'>evul-</span> 
     </span>
     <span class='ocr_line' id='line_1_37' title="bbox 67 2141 709 2184; baseline -0.002 -11"><span class='ocrx_word' id='word_1_199' title='bbox 67 2146 204 2184; x_wconf 76' lang='lat' dir='ltr'>gatum,</span> <span class='ocrx_word' id='word_1_200' title='bbox 243 2141 280 2173; x_wconf 90' lang='lat' dir='ltr'>id</span> <span class='ocrx_word' id='word_1_201' title='bbox 326 2142 392 2174; x_wconf 90' lang='lat' dir='ltr'>etsi</span> <span class='ocrx_word' id='word_1_202' title='bbox 439 2141 709 2183; x_wconf 76' lang='lat' dir='ltr'>explicationem</span> 
     </span>
     <span class='ocr_line' id='line_1_38' title="bbox 67 2187 709 2230; baseline -0.002 -10"><span class='ocrx_word' id='word_1_203' title='bbox 67 2192 224 2230; x_wconf 76' lang='lat' dir='ltr'>paratam</span> <span class='ocrx_word' id='word_1_204' title='bbox 255 2187 362 2220; x_wconf 76' lang='lat' dir='ltr'>habet</span> <span class='ocrx_word' id='word_1_205' title='bbox 393 2197 436 2219; x_wconf 84' lang='lat' dir='ltr'>ex</span> <span class='ocrx_word' id='word_1_206' title='bbox 459 2188 524 2228; x_wconf 88' lang='lat' dir='ltr'>iis,</span> <span class='ocrx_word' id='word_1_207' title='bbox 553 2197 642 2229; x_wconf 83' lang='lat' dir='ltr'>quae</span> <span class='ocrx_word' id='word_1_208' title='bbox 666 2187 709 2219; x_wconf 90' lang='lat' dir='ltr'>de</span> 
     </span>
     <span class='ocr_line' id='line_1_39' title="bbox 68 2233 708 2276; baseline 0.003 -11"><span class='ocrx_word' id='word_1_209' title='bbox 68 2234 136 2266; x_wconf 76' lang='lat' dir='ltr'>hoc</span> <span class='ocrx_word' id='word_1_210' title='bbox 157 2233 324 2276; x_wconf 84' lang='lat' dir='ltr'>loquendi</span> <span class='ocrx_word' id='word_1_211' title='bbox 349 2243 477 2276; x_wconf 80' lang='lat' dir='ltr'>genere</span> <span class='ocrx_word' id='word_1_212' title='bbox 497 2234 540 2266; x_wconf 87' lang='lat' dir='ltr'>ad</span> <span class='ocrx_word' id='word_1_213' title='bbox 561 2233 708 2275; x_wconf 84' lang='lat' dir='ltr'>Protag.</span> 
     </span>
     <span class='ocr_line' id='line_1_40' title="bbox 69 2278 708 2322; baseline -0.005 -8"><span class='ocrx_word' id='word_1_214' title='bbox 69 2288 104 2321; x_wconf 81' lang='lat' dir='ltr'>p,</span> <span class='ocrx_word' id='word_1_215' title='bbox 136 2278 216 2314; x_wconf 84' lang='lat'>311.</span> <span class='ocrx_word' id='word_1_216' title='bbox 245 2279 292 2311; x_wconf 88' lang='lat' dir='ltr'>D.</span> <span class='ocrx_word' id='word_1_217' title='bbox 323 2281 568 2322; x_wconf 79' lang='lat' dir='ltr'>exposuimus,</span> <span class='ocrx_word' id='word_1_218' title='bbox 587 2285 708 2315; x_wconf 75' lang='lat' dir='ltr'>,tamen</span> 
     </span>
     <span class='ocr_line' id='line_1_41' title="bbox 71 2322 710 2368; baseline 0.002 -12"><span class='ocrx_word' id='word_1_219' title='bbox 71 2325 236 2367; x_wconf 79' lang='lat' dir='ltr'>quoniam</span> <span class='ocrx_word' id='word_1_220' title='bbox 265 2326 432 2359; x_wconf 81' lang='lat' dir='ltr'>continuo</span> <span class='ocrx_word' id='word_1_221' title='bbox 466 2327 625 2368; x_wconf 84' lang='lat' dir='ltr'>sequitur</span> <span class='ocrx_word' id='word_1_222' title='bbox 658 2322 710 2357; x_wconf 75' lang='grc' dir='ltr'>ὅτι</span> 
     </span>
     <span class='ocr_line' id='line_1_42' title="bbox 72 2370 710 2415; baseline 0.003 -13"><span class='ocrx_word' id='word_1_223' title='bbox 72 2370 266 2412; x_wconf 65' lang='grc' dir='ltr'><strong><em>παρέλιπες,</em></strong></span> <span class='ocrx_word' id='word_1_224' title='bbox 299 2376 390 2405; x_wconf 86' lang='lat' dir='ltr'>certe</span> <span class='ocrx_word' id='word_1_225' title='bbox 436 2383 604 2415; x_wconf 80' lang='lat' dir='ltr'>perquam</span> <span class='ocrx_word' id='word_1_226' title='bbox 634 2382 710 2404; x_wconf 91' lang='lat' dir='ltr'>mo-</span> 
     </span>
     <span class='ocr_line' id='line_1_43' title="bbox 71 2418 710 2461; baseline 0 -11"><span class='ocrx_word' id='word_1_227' title='bbox 71 2418 196 2450; x_wconf 82' lang='lat' dir='ltr'>lestum</span> <span class='ocrx_word' id='word_1_228' title='bbox 229 2418 373 2457; x_wconf 87' lang='lat' dir='ltr'>accidit,</span> <span class='ocrx_word' id='word_1_229' title='bbox 397 2422 437 2450; x_wconf 91' lang='lat' dir='ltr'>ut</span> <span class='ocrx_word' id='word_1_230' title='bbox 465 2429 483 2451; x_wconf 85' lang='lat' dir='ltr'>e</span> <span class='ocrx_word' id='word_1_231' title='bbox 516 2420 710 2461; x_wconf 78' lang='lat' dir='ltr'>scripturae</span> 
     </span>
     <span class='ocr_line' id='line_1_44' title="bbox 73 2463 616 2505; baseline 0.004 -9"><span class='ocrx_word' id='word_1_232' title='bbox 73 2463 282 2505; x_wconf 86' lang='lat' dir='ltr'>compendio</span> <span class='ocrx_word' id='word_1_233' title='bbox 307 2469 422 2498; x_wconf 83' lang='lat' dir='ltr'>ortum</span> <span class='ocrx_word' id='word_1_234' title='bbox 443 2465 616 2498; x_wconf 79' lang='lat' dir='ltr'>videatur.</span> 
     </span>
    </p>

    <p class='ocr_par' dir='ltr' id='par_1_15' title="bbox 73 2505 715 2781">
     <span class='ocr_line' id='line_1_45' title="bbox 119 2505 710 2588; baseline 0.005 -48"><span class='ocrx_word' id='word_1_235' title='bbox 119 2505 436 2588; x_wconf 52' lang='grc' dir='ltr'><em>ὑπερεπήδὲσε</em></span> <span class='ocrx_word' id='word_1_236' title='bbox 460 2511 511 2554; x_wconf 78' lang='grc' dir='ltr'>τῷ</span> <span class='ocrx_word' id='word_1_237' title='bbox 550 2510 606 2554; x_wconf 87' lang='grc' dir='ltr'><strong>μ.]</strong></span> <span class='ocrx_word' id='word_1_238' title='bbox 649 2521 710 2543; x_wconf 91' lang='lat' dir='ltr'>su-</span> 
     </span>
     <span class='ocr_line' id='line_1_46' title="bbox 74 2556 711 2612; baseline 0.008 -25"><span class='ocrx_word' id='word_1_239' title='bbox 74 2556 267 2597; x_wconf 81' lang='lat' dir='ltr'>peravit,</span> <span class='ocrx_word' id='word_1_240' title='bbox 291 2559 331 2587; x_wconf 88' lang='lat' dir='ltr'>ut</span> <span class='ocrx_word' id='word_1_241' title='bbox 374 2557 563 2612; x_wconf 80' lang='grc' dir='ltr'><strong>περθεῖνΙ.</strong></span> <span class='ocrx_word' id='word_1_242' title='bbox 581 2568 615 2600; x_wconf 84' lang='lat' dir='ltr'>p.</span> <span class='ocrx_word' id='word_1_243' title='bbox 632 2556 711 2592; x_wconf 88' lang='grc'>648.</span> 
     </span>
     <span class='ocr_line' id='line_1_47' title="bbox 73 2599 712 2647; baseline 0.005 -14"><span class='ocrx_word' id='word_1_244' title='bbox 73 2601 120 2633; x_wconf 88' lang='lat' dir='ltr'>D.</span> <span class='ocrx_word' id='word_1_245' title='bbox 172 2601 354 2636; x_wconf 79' lang='lat' dir='ltr'>Proxima·</span> <span class='ocrx_word' id='word_1_246' title='bbox 390 2599 410 2634; x_wconf 81' lang='grc' dir='ltr'><strong><em>ὃ</em></strong></span> <span class='ocrx_word' id='word_1_247' title='bbox 447 2601 536 2647; x_wconf 79' lang='grc' dir='ltr'><strong><em>λόγῳ</em></strong></span> <span class='ocrx_word' id='word_1_248' title='bbox 575 2602 636 2644; x_wconf 83' lang='grc' dir='ltr'>μὲν</span> <span class='ocrx_word' id='word_1_249' title='bbox 668 2622 712 2627; x_wconf 88' lang='grc'>-</span> 
     </span>
     <span class='ocr_line' id='line_1_48' title="bbox 75 2643 713 2692; baseline 0.003 -12"><span class='ocrx_word' id='word_1_250' title='bbox 75 2643 280 2688; x_wconf 68' lang='grc' dir='ltr'><strong><em>ἐπετέλεσεν,</em></strong></span> <span class='ocrx_word' id='word_1_251' title='bbox 296 2649 531 2691; x_wconf 82' lang='lat' dir='ltr'>superioribus</span> <span class='ocrx_word' id='word_1_252' title='bbox 552 2660 616 2692; x_wconf 88' lang='lat' dir='ltr'>per</span> <span class='ocrx_word' id='word_1_253' title='bbox 634 2659 713 2691; x_wconf 89' lang='lat' dir='ltr'>epe-</span> 
     </span>
     <span class='ocr_line' id='line_1_49' title="bbox 75 2694 715 2749; baseline 0.002 -23"><span class='ocrx_word' id='word_1_254' title='bbox 75 2694 220 2749; x_wconf 81' lang='lat' dir='ltr'>xegesin</span> <span class='ocrx_word' id='word_1_255' title='bbox 245 2694 456 2727; x_wconf 72' lang='lat' dir='ltr'>adduntur-.-</span> <span class='ocrx_word' id='word_1_256' title='bbox 479 2694 715 2734; x_wconf 76' lang='lat' dir='ltr'>Quamobrem</span> 
     </span>
     <span class='ocr_line' id='line_1_50' title="bbox 77 2735 713 2781; baseline 0.002 -9"><span class='ocrx_word' id='word_1_257' title='bbox 77 2742 157 2780; x_wconf 73' lang='lat' dir='ltr'>post</span> <span class='ocrx_word' id='word_1_258' title='bbox 186 2735 214 2772; x_wconf 80' lang='grc' dir='ltr'><em>ὦ</em></span> <span class='ocrx_word' id='word_1_259' title='bbox 249 2741 342 2781; x_wconf 36' lang='grc' dir='ltr'>φιᾝλε</span> <span class='ocrx_word' id='word_1_260' title='bbox 367 2742 504 2774; x_wconf 80' lang='lat' dir='ltr'>sublato</span> <span class='ocrx_word' id='word_1_261' title='bbox 531 2746 713 2781; x_wconf 73' lang='lat' dir='ltr'>commate.</span> 
     </span>
    </p>
   </div>
   <div class='ocr_carea' id='block_1_13' title="bbox 764 1210 1423 2783">
    <p class='ocr_par' dir='ltr' id='par_1_16' title="bbox 764 1210 1420 2551">
     <span class='ocr_line' id='line_1_51' title="bbox 766 1210 1412 1255; baseline -0.006 -9"><span class='ocrx_word' id='word_1_262' title='bbox 766 1214 869 1246; x_wconf 87' lang='lat' dir='ltr'>colon</span> <span class='ocrx_word' id='word_1_263' title='bbox 908 1214 1103 1255; x_wconf 88' lang='lat' dir='ltr'>posuimus.</span> <span class='ocrx_word' id='word_1_264' title='bbox 1168 1210 1289 1244; x_wconf 88' lang='lat' dir='ltr'>Genus</span> <span class='ocrx_word' id='word_1_265' title='bbox 1330 1220 1412 1243; x_wconf 87' lang='lat' dir='ltr'>con-</span> 
     </span>
     <span class='ocr_line' id='line_1_52' title="bbox 766 1258 1413 1301; baseline -0.005 -9"><span class='ocrx_word' id='word_1_266' title='bbox 766 1260 971 1293; x_wconf 71' lang='lat' dir='ltr'>structionis</span> <span class='ocrx_word' id='word_1_267' title='bbox 1007 1259 1103 1301; x_wconf 82' lang='lat' dir='ltr'>apud</span> <span class='ocrx_word' id='word_1_268' title='bbox 1135 1258 1322 1290; x_wconf 77' lang='lat' dir='ltr'>Platonem</span> <span class='ocrx_word' id='word_1_269' title='bbox 1359 1262 1413 1290; x_wconf 87' lang='lat' dir='ltr'>est</span> 
     </span>
     <span class='ocr_line' id='line_1_53' title="bbox 764 1305 1411 1350; baseline -0.006 -10"><span class='ocrx_word' id='word_1_270' title='bbox 764 1307 1101 1350; x_wconf 82' lang='lat' dir='ltr'>frequentissimum.</span> <span class='ocrx_word' id='word_1_271' title='bbox 1135 1305 1287 1337; x_wconf 84' lang='lat' dir='ltr'>Hesiodi</span> <span class='ocrx_word' id='word_1_272' title='bbox 1301 1305 1411 1347; x_wconf 83' lang='lat' dir='ltr'>locus</span> 
     </span>
     <span class='ocr_line' id='line_1_54' title="bbox 766 1350 1413 1407; baseline -0.006 -21"><span class='ocrx_word' id='word_1_273' title='bbox 766 1355 825 1396; x_wconf 91' lang='lat' dir='ltr'>qui</span> <span class='ocrx_word' id='word_1_274' title='bbox 849 1354 1047 1395; x_wconf 85' lang='lat' dir='ltr'>respicitur,</span> <span class='ocrx_word' id='word_1_275' title='bbox 1073 1356 1126 1384; x_wconf 88' lang='lat' dir='ltr'>est</span> <span class='ocrx_word' id='word_1_276' title='bbox 1139 1350 1241 1407; x_wconf 87' lang='lat' dir='ltr'>Opp.</span> <span class='ocrx_word' id='word_1_277' title='bbox 1274 1355 1308 1383; x_wconf 87' lang='lat' dir='ltr'>et</span> <span class='ocrx_word' id='word_1_278' title='bbox 1330 1350 1413 1382; x_wconf 89' lang='lat' dir='ltr'>DD.</span> 
     </span>
     <span class='ocr_line' id='line_1_55' title="bbox 765 1393 1412 1453; baseline -0.006 -21"><span class='ocrx_word' id='word_1_279' title='bbox 765 1411 799 1432; x_wconf 79' lang='lat' dir='ltr'>v.</span> <span class='ocrx_word' id='word_1_280' title='bbox 822 1400 879 1435; x_wconf 82' lang='lat'>40</span> <span class='ocrx_word' id='word_1_281' title='bbox 906 1397 1040 1442; x_wconf 83' lang='grc' dir='ltr'><strong><em>νήπιοι,</em></strong></span> <span class='ocrx_word' id='word_1_282' title='bbox 1066 1393 1148 1430; x_wconf 79' lang='grc' dir='ltr'><strong><em>ουδ’</em></strong></span> <span class='ocrx_word' id='word_1_283' title='bbox 1182 1399 1313 1435; x_wconf 79' lang='grc' dir='ltr'>ἴσασιν,</span> <span class='ocrx_word' id='word_1_284' title='bbox 1330 1394 1412 1453; x_wconf 84' lang='grc' dir='ltr'>ὅσῳ</span> 
     </span>
     <span class='ocr_line' id='line_1_56' title="bbox 767 1440 1414 1488; baseline -0.006 -9"><span class='ocrx_word' id='word_1_285' title='bbox 767 1446 870 1480; x_wconf 73' lang='grc' dir='ltr'><strong><em>πλέον</em></strong></span> <span class='ocrx_word' id='word_1_286' title='bbox 896 1443 1000 1488; x_wconf 83' lang='grc' dir='ltr'><strong>ἥμισυ</strong></span> <span class='ocrx_word' id='word_1_287' title='bbox 1032 1442 1180 1482; x_wconf 74' lang='grc' dir='ltr'><strong><em>παντός,</em></strong></span> <span class='ocrx_word' id='word_1_288' title='bbox 1206 1441 1298 1477; x_wconf 68' lang='grc' dir='ltr'>Οὐδ’</span> <span class='ocrx_word' id='word_1_289' title='bbox 1325 1440 1414 1475; x_wconf 80' lang='grc' dir='ltr'><strong><em>ὅσον</em></strong></span> 
     </span>
     <span class='ocr_line' id='line_1_57' title="bbox 768 1485 1414 1534; baseline -0.008 -9"><span class='ocrx_word' id='word_1_290' title='bbox 768 1492 806 1526; x_wconf 78' lang='grc' dir='ltr'>ἐν</span> <span class='ocrx_word' id='word_1_291' title='bbox 830 1491 957 1534; x_wconf 79' lang='grc' dir='ltr'><strong><em>μαλάχῃ</em></strong></span> <span class='ocrx_word' id='word_1_292' title='bbox 992 1503 1024 1524; x_wconf 80' lang='grc' dir='ltr'><strong>ιε</strong></span> <span class='ocrx_word' id='word_1_293' title='bbox 1055 1492 1109 1523; x_wconf 81' lang='grc' dir='ltr'>καὶ</span> <span class='ocrx_word' id='word_1_294' title='bbox 1136 1488 1318 1533; x_wconf 73' lang='grc' dir='ltr'><strong><em>ἀσφοδέλῳ</em></strong></span> <span class='ocrx_word' id='word_1_295' title='bbox 1343 1485 1414 1532; x_wconf 82' lang='grc' dir='ltr'>μέγ’</span> 
     </span>
     <span class='ocr_line' id='line_1_58' title="bbox 770 1537 1416 1581; baseline -0.005 -9"><span class='ocrx_word' id='word_1_296' title='bbox 770 1538 897 1581; x_wconf 82' lang='grc' dir='ltr'>ὄνειαρ.</span> <span class='ocrx_word' id='word_1_297' title='bbox 931 1539 1029 1571; x_wconf 90' lang='lat' dir='ltr'>Veri</span> <span class='ocrx_word' id='word_1_298' title='bbox 1022 1539 1119 1570; x_wconf 90' lang='lat' dir='ltr'>sime</span> <span class='ocrx_word' id='word_1_299' title='bbox 1142 1537 1416 1570; x_wconf 82' lang='lat' dir='ltr'>Boeckhius:</span> 
     </span>
     <span class='ocr_line' id='line_1_59' title="bbox 769 1583 1416 1627; baseline -0.003 -11"><span class='ocrx_word' id='word_1_300' title='bbox 769 1611 793 1626; x_wconf 78' lang='grc'>,,</span> <span class='ocrx_word' id='word_1_301' title='bbox 810 1586 925 1626; x_wconf 81' lang='lat' dir='ltr'>Vates,</span> <span class='ocrx_word' id='word_1_302' title='bbox 950 1586 1077 1627; x_wconf 83' lang='lat' dir='ltr'>inquit,</span> <span class='ocrx_word' id='word_1_303' title='bbox 1103 1593 1247 1626; x_wconf 83' lang='lat' dir='ltr'>parcum</span> <span class='ocrx_word' id='word_1_304' title='bbox 1274 1586 1308 1614; x_wconf 91' lang='lat' dir='ltr'>et</span> <span class='ocrx_word' id='word_1_305' title='bbox 1332 1583 1416 1615; x_wconf 88' lang='lat' dir='ltr'>sim-</span> 
     </span>
     <span class='ocr_line' id='line_1_60' title="bbox 767 1629 1416 1674; baseline -0.005 -11"><span class='ocrx_word' id='word_1_306' title='bbox 767 1633 894 1674; x_wconf 84' lang='lat' dir='ltr'>plicem</span> <span class='ocrx_word' id='word_1_307' title='bbox 919 1633 1051 1664; x_wconf 84' lang='lat' dir='ltr'>victum</span> <span class='ocrx_word' id='word_1_308' title='bbox 1074 1631 1206 1670; x_wconf 78' lang='lat' dir='ltr'>laudat,</span> <span class='ocrx_word' id='word_1_309' title='bbox 1228 1629 1342 1672; x_wconf 89' lang='lat' dir='ltr'>qualis</span> <span class='ocrx_word' id='word_1_310' title='bbox 1362 1634 1416 1662; x_wconf 83' lang='lat' dir='ltr'>est</span> 
     </span>
     <span class='ocr_line' id='line_1_61' title="bbox 767 1676 1415 1719; baseline -0.005 -9"><span class='ocrx_word' id='word_1_311' title='bbox 767 1679 883 1711; x_wconf 84' lang='lat' dir='ltr'>malva</span> <span class='ocrx_word' id='word_1_312' title='bbox 908 1682 943 1710; x_wconf 81' lang='lat' dir='ltr'>et</span> <span class='ocrx_word' id='word_1_313' title='bbox 966 1677 1193 1719; x_wconf 81' lang='lat' dir='ltr'>asphodelus.</span> <span class='ocrx_word' id='word_1_314' title='bbox 1247 1676 1320 1708; x_wconf 87' lang='lat' dir='ltr'>Sed</span> <span class='ocrx_word' id='word_1_315' title='bbox 1350 1686 1415 1718; x_wconf 85' lang='lat' dir='ltr'>po-</span> 
     </span>
     <span class='ocr_line' id='line_1_62' title="bbox 768 1726 1415 1766; baseline -0.006 -9"><span class='ocrx_word' id='word_1_316' title='bbox 768 1730 862 1757; x_wconf 89' lang='lat' dir='ltr'>stera</span> <span class='ocrx_word' id='word_1_317' title='bbox 894 1730 1011 1766; x_wconf 84' lang='lat' dir='ltr'>aetas,</span> <span class='ocrx_word' id='word_1_318' title='bbox 1042 1734 1114 1756; x_wconf 90' lang='lat' dir='ltr'>non</span> <span class='ocrx_word' id='word_1_319' title='bbox 1148 1726 1315 1755; x_wconf 84' lang='lat' dir='ltr'>contenta</span> <span class='ocrx_word' id='word_1_320' title='bbox 1341 1726 1415 1754; x_wconf 86' lang='lat' dir='ltr'>tam</span> 
     </span>
     <span class='ocr_line' id='line_1_63' title="bbox 769 1769 1416 1812; baseline -0.005 -9"><span class='ocrx_word' id='word_1_321' title='bbox 769 1772 832 1804; x_wconf 81' lang='lat' dir='ltr'>vili</span> <span class='ocrx_word' id='word_1_322' title='bbox 870 1781 994 1812; x_wconf 85' lang='lat' dir='ltr'>sensu,</span> <span class='ocrx_word' id='word_1_323' title='bbox 1031 1770 1245 1812; x_wconf 77' lang='lat' dir='ltr'>profundam</span> <span class='ocrx_word' id='word_1_324' title='bbox 1283 1769 1321 1800; x_wconf 90' lang='lat' dir='ltr'>in</span> <span class='ocrx_word' id='word_1_325' title='bbox 1358 1769 1416 1801; x_wconf 89' lang='lat' dir='ltr'>his</span> 
     </span>
     <span class='ocr_line' id='line_1_64' title="bbox 771 1815 1413 1859; baseline -0.002 -11"><span class='ocrx_word' id='word_1_326' title='bbox 771 1818 886 1850; x_wconf 82' lang='lat' dir='ltr'>verbis</span> <span class='ocrx_word' id='word_1_327' title='bbox 909 1818 1118 1859; x_wconf 83' lang='lat' dir='ltr'>sapientiam</span> <span class='ocrx_word' id='word_1_328' title='bbox 1133 1816 1339 1858; x_wconf 81' lang='lat' dir='ltr'>requisivit:</span> <span class='ocrx_word' id='word_1_329' title='bbox 1365 1815 1413 1847; x_wconf 88' lang='lat' dir='ltr'>si-</span> 
     </span>
     <span class='ocr_line' id='line_1_65' title="bbox 773 1861 1415 1905; baseline -0.003 -10"><span class='ocrx_word' id='word_1_330' title='bbox 773 1864 933 1905; x_wconf 83' lang='lat' dir='ltr'>gnificari</span> <span class='ocrx_word' id='word_1_331' title='bbox 958 1864 1050 1896; x_wconf 89' lang='lat' dir='ltr'>enim</span> <span class='ocrx_word' id='word_1_332' title='bbox 1079 1863 1206 1895; x_wconf 81' lang='lat' dir='ltr'>herbas</span> <span class='ocrx_word' id='word_1_333' title='bbox 1239 1861 1415 1903; x_wconf 84' lang='lat' dir='ltr'>dicebant,</span> 
     </span>
     <span class='ocr_line' id='line_1_66' title="bbox 773 1907 1417 1951; baseline -0.003 -10"><span class='ocrx_word' id='word_1_334' title='bbox 773 1919 817 1942; x_wconf 89' lang='lat' dir='ltr'>ex</span> <span class='ocrx_word' id='word_1_335' title='bbox 848 1909 975 1950; x_wconf 88' lang='lat' dir='ltr'>quibus</span> <span class='ocrx_word' id='word_1_336' title='bbox 1006 1909 1125 1951; x_wconf 85' lang='lat' dir='ltr'>parari</span> <span class='ocrx_word' id='word_1_337' title='bbox 1155 1911 1275 1950; x_wconf 81' lang='lat' dir='ltr'>posset</span> <span class='ocrx_word' id='word_1_338' title='bbox 1305 1907 1417 1939; x_wconf 88' lang='lat' dir='ltr'>medi-</span> 
     </span>
     <span class='ocr_line' id='line_1_67' title="bbox 774 1949 1416 1994; baseline -0.005 -7"><span class='ocrx_word' id='word_1_339' title='bbox 774 1965 894 1987; x_wconf 82' lang='lat' dir='ltr'>camen</span> <span class='ocrx_word' id='word_1_340' title='bbox 922 1951 1064 1994; x_wconf 76' lang='grc' dir='ltr'><strong><em>ἀλίμουε</em></strong></span> <span class='ocrx_word' id='word_1_341' title='bbox 1087 1954 1243 1986; x_wconf 80' lang='lat' dir='ltr'>efficiens</span> <span class='ocrx_word' id='word_1_342' title='bbox 1263 1953 1320 1984; x_wconf 81' lang='grc' dir='ltr'>καὶ</span> <span class='ocrx_word' id='word_1_343' title='bbox 1345 1949 1416 1984; x_wconf 80' lang='grc' dir='ltr'><strong><em>α’δί-</em></strong></span> 
     </span>
     <span class='ocr_line' id='line_1_68' title="bbox 774 1999 1419 2043; baseline 0 -11"><span class='ocrx_word' id='word_1_344' title='bbox 774 2006 886 2041; x_wconf 75' lang='grc' dir='ltr'><strong><em>ψουε,·</em></strong></span> <span class='ocrx_word' id='word_1_345' title='bbox 933 2001 1027 2043; x_wconf 89' lang='lat' dir='ltr'>quod</span> <span class='ocrx_word' id='word_1_346' title='bbox 1062 2001 1180 2041; x_wconf 89' lang='lat' dir='ltr'>ipsum</span> <span class='ocrx_word' id='word_1_347' title='bbox 1222 1999 1419 2032; x_wconf 87' lang='lat' dir='ltr'>Hesiodum</span> 
     </span>
     <span class='ocr_line' id='line_1_69' title="bbox 774 2045 1419 2087; baseline 0 -9"><span class='ocrx_word' id='word_1_348' title='bbox 774 2047 1001 2080; x_wconf 79' lang='lat' dir='ltr'>vaticinatum</span> <span class='ocrx_word' id='word_1_349' title='bbox 1041 2056 1136 2086; x_wconf 86' lang='lat' dir='ltr'>esse,</span> <span class='ocrx_word' id='word_1_350' title='bbox 1174 2045 1419 2087; x_wconf 83' lang='lat' dir='ltr'>Epimenidem</span> 
     </span>
     <span class='ocr_line' id='line_1_70' title="bbox 774 2089 1417 2133; baseline -0.005 -7"><span class='ocrx_word' id='word_1_351' title='bbox 774 2103 898 2126; x_wconf 86' lang='lat' dir='ltr'>revera</span> <span class='ocrx_word' id='word_1_352' title='bbox 921 2089 1116 2133; x_wconf 86' lang='lat' dir='ltr'>invenisse,</span> <span class='ocrx_word' id='word_1_353' title='bbox 1142 2091 1330 2124; x_wconf 80' lang='lat' dir='ltr'>Cretenses</span> <span class='ocrx_word' id='word_1_354' title='bbox 1361 2102 1417 2124; x_wconf 76' lang='lat' dir='ltr'>as-</span> 
     </span>
     <span class='ocr_line' id='line_1_71' title="bbox 775 2139 1417 2180; baseline -0.003 -8"><span class='ocrx_word' id='word_1_355' title='bbox 775 2139 1004 2180; x_wconf 85' lang='lat' dir='ltr'>severabant,</span> <span class='ocrx_word' id='word_1_356' title='bbox 1028 2139 1132 2171; x_wconf 90' lang='lat' dir='ltr'>nimis</span> <span class='ocrx_word' id='word_1_357' title='bbox 1165 2148 1227 2180; x_wconf 90' lang='lat' dir='ltr'>per</span> <span class='ocrx_word' id='word_1_358' title='bbox 1251 2147 1290 2170; x_wconf 90' lang='lat' dir='ltr'>se</span> <span class='ocrx_word' id='word_1_359' title='bbox 1311 2139 1417 2180; x_wconf 85' lang='lat' dir='ltr'>proni</span> 
     </span>
     <span class='ocr_line' id='line_1_72' title="bbox 774 2183 1418 2218; baseline -0.002 0"><span class='ocrx_word' id='word_1_360' title='bbox 774 2186 819 2218; x_wconf 85' lang='lat' dir='ltr'>ad</span> <span class='ocrx_word' id='word_1_361' title='bbox 864 2186 1059 2218; x_wconf 73' lang='lat' dir='ltr'>mendacia.</span> <span class='ocrx_word' id='word_1_362' title='bbox 1097 2184 1188 2218; x_wconf 85' lang='lat' dir='ltr'>conf.</span> <span class='ocrx_word' id='word_1_363' title='bbox 1229 2183 1418 2217; x_wconf 76' lang='lat' dir='ltr'>meursii</span> 
     </span>
     <span class='ocr_line' id='line_1_73' title="bbox 778 2230 1416 2266; baseline -0.005 -1"><span class='ocrx_word' id='word_1_364' title='bbox 778 2231 872 2265; x_wconf 87' lang='lat' dir='ltr'>Cret.</span> <span class='ocrx_word' id='word_1_365' title='bbox 900 2232 955 2265; x_wconf 87' lang='lat' dir='ltr'>lv.</span> <span class='ocrx_word' id='word_1_366' title='bbox 984 2231 1039 2266; x_wconf 79' lang='lat'>12.</span> <span class='ocrx_word' id='word_1_367' title='bbox 1066 2236 1101 2264; x_wconf 87' lang='lat' dir='ltr'>et</span> <span class='ocrx_word' id='word_1_368' title='bbox 1124 2230 1245 2263; x_wconf 87' lang='lat' dir='ltr'>Schol.</span> <span class='ocrx_word' id='word_1_369' title='bbox 1269 2230 1416 2263; x_wconf 86' lang='lat' dir='ltr'>Hesiod.</span> 
     </span>
     <span class='ocr_line' id='line_1_74' title="bbox 774 2276 1419 2311; baseline 0 -1"><span class='ocrx_word' id='word_1_370' title='bbox 774 2279 798 2310; x_wconf 92' lang='lat' dir='ltr'>l.</span> <span class='ocrx_word' id='word_1_371' title='bbox 825 2289 852 2310; x_wconf 92' lang='lat' dir='ltr'>c.</span> <span class='ocrx_word' id='word_1_372' title='bbox 863 2278 882 2291; x_wconf 91' lang='lat'>‘&#39;</span> <span class='ocrx_word' id='word_1_373' title='bbox 929 2278 1034 2311; x_wconf 87' lang='lat' dir='ltr'>Adde</span> <span class='ocrx_word' id='word_1_374' title='bbox 1066 2277 1291 2310; x_wconf 77' lang='lat' dir='ltr'>Plutarch.</span> <span class='ocrx_word' id='word_1_375' title='bbox 1323 2276 1419 2310; x_wconf 82' lang='lat' dir='ltr'>Con-</span> 
     </span>
     <span class='ocr_line' id='line_1_75' title="bbox 779 2322 1417 2366; baseline 0 -10"><span class='ocrx_word' id='word_1_376' title='bbox 779 2325 847 2356; x_wconf 84' lang='lat' dir='ltr'>viv.</span> <span class='ocrx_word' id='word_1_377' title='bbox 878 2322 1037 2366; x_wconf 81' lang='lat' dir='ltr'>Sapient.</span> <span class='ocrx_word' id='word_1_378' title='bbox 1069 2323 1140 2358; x_wconf 80' lang='lat' dir='ltr'>Vll.</span> <span class='ocrx_word' id='word_1_379' title='bbox 1182 2333 1217 2365; x_wconf 86' lang='lat' dir='ltr'>p.</span> <span class='ocrx_word' id='word_1_380' title='bbox 1255 2322 1334 2357; x_wconf 87' lang='grc'><strong>157.</strong></span> <span class='ocrx_word' id='word_1_381' title='bbox 1374 2324 1417 2356; x_wconf 87' lang='grc' dir='ltr'>Ε.</span> 
     </span>
     <span class='ocr_line' id='line_1_76' title="bbox 777 2369 1416 2418; baseline -0.003 -15"><span class='ocrx_word' id='word_1_382' title='bbox 777 2372 896 2413; x_wconf 90' lang='lat' dir='ltr'>ibique</span> <span class='ocrx_word' id='word_1_383' title='bbox 922 2369 1229 2418; x_wconf 77' lang='lat' dir='ltr'>Wyttenbach.</span> <span class='ocrx_word' id='word_1_384' title='bbox 1252 2369 1333 2402; x_wconf 84' lang='lat' dir='ltr'>Vol.</span> <span class='ocrx_word' id='word_1_385' title='bbox 1359 2369 1416 2402; x_wconf 83' lang='lat' dir='ltr'>Vl.</span> 
     </span>
     <span class='ocr_line' id='line_1_77' title="bbox 777 2416 1418 2459; baseline -0.014 -3"><span class='ocrx_word' id='word_1_386' title='bbox 777 2417 820 2450; x_wconf 82' lang='grc' dir='ltr'>Ρ·</span> <span class='ocrx_word' id='word_1_387' title='bbox 853 2416 967 2459; x_wconf 81' lang='lat'>11-1&gt;</span> <span class='ocrx_word' id='word_1_388' title='bbox 999 2417 1068 2453; x_wconf 88' lang='grc'>969</span> <span class='ocrx_word' id='word_1_389' title='bbox 1098 2425 1147 2458; x_wconf 80' lang='lat' dir='ltr'>sq.</span> <span class='ocrx_word' id='word_1_390' title='bbox 1185 2416 1418 2448; x_wconf 82' lang='lat' dir='ltr'>Heinrich.</span> 
     </span>
     <span class='ocr_line' id='line_1_78' title="bbox 778 2461 1420 2506; baseline -0.003 -10"><span class='ocrx_word' id='word_1_391' title='bbox 778 2464 939 2505; x_wconf 82' lang='lat' dir='ltr'>Epimen.</span> <span class='ocrx_word' id='word_1_392' title='bbox 964 2474 999 2506; x_wconf 86' lang='lat' dir='ltr'>p.</span> <span class='ocrx_word' id='word_1_393' title='bbox 1025 2462 1071 2499; x_wconf 88' lang='grc'>68</span> <span class='ocrx_word' id='word_1_394' title='bbox 1095 2473 1148 2505; x_wconf 84' lang='lat' dir='ltr'>sq.</span> <span class='ocrx_word' id='word_1_395' title='bbox 1173 2462 1337 2495; x_wconf 85' lang='lat' dir='ltr'>Hoeck.</span> <span class='ocrx_word' id='word_1_396' title='bbox 1363 2461 1420 2494; x_wconf 80' lang='lat' dir='ltr'>De</span> 
     </span>
     <span class='ocr_line' id='line_1_79' title="bbox 780 2508 1419 2562; baseline -0.002 -20"><span class='ocrx_word' id='word_1_397' title='bbox 780 2509 888 2542; x_wconf 82' lang='lat' dir='ltr'>Creta</span> <span class='ocrx_word' id='word_1_398' title='bbox 902 2510 1017 2543; x_wconf 82' lang='lat' dir='ltr'>insula</span> <span class='ocrx_word' id='word_1_399' title='bbox 1034 2510 1110 2543; x_wconf 88' lang='lat' dir='ltr'>Vol.</span> <span class='ocrx_word' id='word_1_400' title='bbox 1128 2508 1195 2541; x_wconf 91' lang='lat'>111.</span> <span class='ocrx_word' id='word_1_401' title='bbox 1206 2519 1240 2550; x_wconf 89' lang='lat' dir='ltr'>p.</span> <span class='ocrx_word' id='word_1_402' title='bbox 1257 2509 1325 2547; x_wconf 82' lang='lat'>256</span> <span class='ocrx_word' id='word_1_403' title='bbox 1341 2519 1419 2562; x_wconf 80' lang='lat' dir='ltr'>sqq.</span> 
     </span>
    </p>

    <p class='ocr_par' dir='ltr' id='par_1_17' title="bbox 780 2554 1423 2783">
     <span class='ocr_line' id='line_1_80' title="bbox 827 2554 1418 2597; baseline -0.003 -9"><span class='ocrx_word' id='word_1_404' title='bbox 827 2555 929 2597; x_wconf 78' lang='lat' dir='ltr'>Cup,</span> <span class='ocrx_word' id='word_1_405' title='bbox 955 2556 1005 2590; x_wconf 87' lang='grc' dir='ltr'>Π.</span> <span class='ocrx_word' id='word_1_406' title='bbox 1055 2554 1209 2588; x_wconf 70' lang='grc' dir='ltr'><strong>σπάνια</strong></span> <span class='ocrx_word' id='word_1_407' title='bbox 1234 2555 1301 2587; x_wconf 81' lang='grc' dir='ltr'>καὶ</span> <span class='ocrx_word' id='word_1_408' title='bbox 1326 2555 1418 2587; x_wconf 77' lang='grc' dir='ltr'><em>ταῦ-</em></span> 
     </span>
     <span class='ocr_line' id='line_1_81' title="bbox 781 2595 1422 2645; baseline -0.002 -11"><span class='ocrx_word' id='word_1_409' title='bbox 781 2613 827 2634; x_wconf 84' lang='grc' dir='ltr'>τα</span> <span class='ocrx_word' id='word_1_410' title='bbox 865 2613 896 2634; x_wconf 79' lang='grc' dir='ltr'>ν.</span> <span class='ocrx_word' id='word_1_411' title='bbox 939 2595 1050 2635; x_wconf 79' lang='grc' dir='ltr'><strong>εἶναι</strong></span> <span class='ocrx_word' id='word_1_412' title='bbox 1087 2602 1166 2645; x_wconf 76' lang='grc' dir='ltr'>ζῆν</span> <span class='ocrx_word' id='word_1_413' title='bbox 1200 2601 1269 2644; x_wconf 91' lang='lat'>——]</span> <span class='ocrx_word' id='word_1_414' title='bbox 1313 2602 1422 2634; x_wconf 78' lang='lat' dir='ltr'>haec</span> 
     </span>
     <span class='ocr_line' id='line_1_82' title="bbox 780 2648 1423 2692; baseline 0 -12"><span class='ocrx_word' id='word_1_415' title='bbox 780 2657 957 2691; x_wconf 87' lang='lat' dir='ltr'>quoque</span> <span class='ocrx_word' id='word_1_416' title='bbox 1001 2658 1138 2692; x_wconf 82' lang='lat' dir='ltr'>parva</span> <span class='ocrx_word' id='word_1_417' title='bbox 1183 2658 1230 2681; x_wconf 88' lang='lat' dir='ltr'>ac</span> <span class='ocrx_word' id='word_1_418' title='bbox 1269 2648 1423 2680; x_wconf 81' lang='lat' dir='ltr'>tenuia</span> 
     </span>
     <span class='ocr_line' id='line_1_83' title="bbox 780 2694 1423 2728; baseline -0.002 -2"><span class='ocrx_word' id='word_1_419' title='bbox 780 2694 927 2727; x_wconf 73' lang='lat' dir='ltr'>fuisse</span> <span class='ocrx_word' id='word_1_420' title='bbox 960 2697 1011 2728; x_wconf 79' lang='lat' dir='ltr'>ad</span> <span class='ocrx_word' id='word_1_421' title='bbox 1044 2697 1182 2727; x_wconf 81' lang='lat' dir='ltr'>vitam</span> <span class='ocrx_word' id='word_1_422' title='bbox 1223 2694 1423 2726; x_wconf 78' lang='lat' dir='ltr'>toleran-</span> 
     </span>
     <span class='ocr_line' id='line_1_84' title="bbox 782 2741 1422 2783; baseline -0.003 -11"><span class='ocrx_word' id='word_1_423' title='bbox 782 2741 885 2774; x_wconf 83' lang='lat' dir='ltr'>dam.</span> <span class='ocrx_word' id='word_1_424' title='bbox 926 2741 1016 2775; x_wconf 86' lang='lat' dir='ltr'>Nam</span> <span class='ocrx_word' id='word_1_425' title='bbox 1037 2742 1097 2783; x_wconf 78' lang='grc' dir='ltr'>ζῆν</span> <span class='ocrx_word' id='word_1_426' title='bbox 1121 2741 1316 2773; x_wconf 86' lang='lat' dir='ltr'>infinitivus</span> <span class='ocrx_word' id='word_1_427' title='bbox 1339 2749 1422 2780; x_wconf 87' lang='lat' dir='ltr'>pen-</span> 
     </span>
    </p>
   </div>
   <div class='ocr_carea' id='block_1_14' title="bbox 1037 2804 1132 2844">
    <p class='ocr_par' dir='ltr' id='par_1_18' title="bbox 1037 2804 1132 2844">
     <span class='ocr_line' id='line_1_85' title="bbox 1037 2804 1132 2844; baseline -0.021 0"><span class='ocrx_word' id='word_1_428' title='bbox 1037 2804 1132 2844; x_wconf 74' lang='lat'>17*</span> 
     </span>
    </p>
   </div>
  </div>
 </body>
</html>
