1612 2872
219 83 378 126 XVIll
695 79 1057 121 PRAEFATIO.

220 195 302 237 erit
329 201 404 235 aut
434 193 590 246 quibus
631 207 674 231 se
705 190 961 231 continuerit
988 189 1168 241 tinibus,
1209 190 1384 230 definire
1426 186 1546 230 dississ

220 250 422 293 cillimum
453 255 533 300 est,
566 248 813 302 praesertim
844 244 1030 285 nondum
1060 245 1165 286 satis
1206 246 1427 300 explorata
1468 259 1539 285 ve-

222 314 358 348 terum
389 303 584 346 codicum
617 302 854 355 scripturae
883 300 1157 353 diversitate,
1189 302 1355 355 qualem
1385 301 1467 342 hoc
1497 300 1540 340 in

223 375 377 418 genere
397 358 512 415 apud
533 372 678 399 omnes
701 359 786 398 lere
807 356 1038 411 scriptores
1061 357 1235 412 reperiri
1256 372 1339 398 non
1359 357 1540 398 obscure

223 423 406 459 testatur
442 413 726 455 Bekkerus
765 412 978 454 Anecdot.
1018 411 1172 454 Graec.
1212 412 1296 454 Ill.
1336 428 1378 467 p.
1404 413 1540 452 ‘1401.

225 472 430 514 videmur
465 476 606 510 tamen
645 469 827 523 primum
861 468 1031 522 quidem
1063 469 1153 509 inre
1184 468 1367 523 quodam
1396 474 1542 508 nostro

224 525 481 570 contendere
521 537 564 566 et
599 525 811 566 affirmare
840 525 994 565 falsum
1025 538 1144 577 esse,
1187 524 1303 579 quod
1339 523 1541 564 Planu-
1601 523 1605 531 '

225 583 317 624 des
347 580 461 636 apud
480 580 720 622 Bekkerum
751 581 776 622 l.
808 595 846 622 c.
863 579 1050 635 scripsit,
1084 595 1207 621 usum
1235 580 1359 621 istius
1377 578 1542 633 {Tapud
1602 607 1604 609 -

224 639 397 680 Atticos
435 637 566 678 fuisse
605 643 871 678 constantem
913 651 962 677 ac
1007 643 1270 691 perpetuum.
1341 635 1394 676 Id
1432 635 1544 676 enim

225 709 349 736 secus
379 707 487 745 esse,
517 692 748 734 clarissime
777 691 991 747 intelligas
1021 706 1074 732 ex
1099 693 1238 747 poEtis
1267 691 1438 739 Atticis,
1470 690 1544 742 qni

225 751 286 792 ita
322 756 489 791 tantum
528 749 600 790 illo
637 759 733 790 ante
771 749 934 789 litteras
971 761 1180 789 consonas
1209 748 1276 788 usi
1306 761 1397 788 esse
1425 760 1545 800 repe-

225 807 404 858 riuntur,
434 805 470 846 si
498 810 678 846 metrum
708 803 935 860 flagitaret,
966 803 1040 844 sed
1061 802 1210 844 eodem
1234 803 1544 852 abstinuerunt,

226 862 364 904 sicubi
411 861 571 902 numeri
621 860 958 902 adversarentur.
1040 859 1109 900 Ex
1156 874 1240 914 quo
1292 858 1544 913 colligimus,

226 918 417 960 Atticum
455 916 625 970 quidem
663 929 757 956 esse
794 916 907 956 hunc
945 930 1095 968 usum,
1135 925 1347 969 quatenus
1385 913 1546 955 Atticis

226 975 307 1015 fnit
337 973 589 1028 permissus,
621 972 868 1025 ceteroquin
899 977 1042 1012 autem
1072 971 1352 1012 arbitrarium.
1411 969 1547 1010 Nimi-

228 1045 318 1071 rum
348 1028 647 1084 grammaticos
676 1033 842 1069 veteres
871 1026 1066 1068 novimus
1096 1041 1222 1082 saepe
1251 1026 1443 1068 Atticum
1474 1039 1547 1064 vo-

228 1100 365 1137 casse,
396 1083 512 1138 quod
542 1083 702 1125 Atticis
731 1081 872 1124 dicere
901 1082 1066 1123 licitum
1096 1082 1269 1135 fuisset,
1308 1081 1473 1123 etiamsi
1503 1079 1547 1120 id

228 1141 343 1198 apud
371 1140 490 1195 ipsos
522 1155 607 1181 non
637 1145 750 1180 esset
787 1145 987 1180 constans
1018 1153 1067 1179 ac
1098 1138 1344 1194 legitimum.
1403 1137 1549 1190 Atque

229 1197 335 1239 haec
365 1197 403 1238 si
432 1204 648 1248 tenemus,
689 1201 802 1236 certe
833 1194 1101 1248 aliquatenus
1142 1194 1268 1235 etiam
1307 1192 1548 1248 perspicere

228 1252 391 1305 licebit,
423 1251 526 1307 quid
555 1251 607 1293 de
638 1250 848 1305 pedestris
879 1250 1082 1291 orationis
1105 1249 1411 1291 consuetudine
1440 1247 1549 1288 iudi-

229 1309 315 1351 cari
346 1315 553 1365 oporteat.
611 1307 714 1349 Fuit
741 1307 852 1348 enim
882 1321 934 1346 ne
965 1306 1008 1346 in
1037 1305 1117 1346 hoc
1146 1305 1316 1359 quidem
1347 1303 1550 1345 orationis

231 1379 383 1407 evenere
419 1379 521 1406 usus
557 1363 628 1405 ille
667 1364 743 1404 τοῦ
773 1365 823 1403 νῦ
853 1370 949 1403 ante
979 1376 1189 1403 consonas
1218 1367 1449 1416 perpetuus
1477 1365 1551 1400 aut

229 1399 466 1478 legitimus,
497 1419 575 1461 sed
618 1434 730 1460 mere
754 1418 1015 1459 arbitrarius.
1083 1415 1256 1472 Quippe
1287 1431 1416 1470 quum
1447 1429 1550 1456 usus

230 1480 310 1520 τοῦ
344 1478 396 1518 νῦ
442 1491 495 1518 ex
532 1475 786 1529 antiquitate
833 1480 1062 1528 susceptus.
1105 1474 1192 1514 fere
1242 1479 1339 1513 ante
1388 1471 1551 1512 litteras

232 1532 403 1574 vocales
445 1531 633 1574 evitandi
669 1531 810 1571 hiatus
840 1531 978 1586 gratia
1007 1528 1272 1570 necessarius
1306 1527 1548 1578 haberetur,

232 1596 322 1631 tum
363 1594 460 1630 ante
509 1601 718 1629 consonas
765 1585 936 1628 videtur
981 1584 1191 1626 admissus
1231 1599 1280 1625 ac
1315 1583 1552 1624 celebratus

233 1659 341 1698 esse,
380 1644 519 1686 sicubi
549 1643 616 1684 vel
644 1657 780 1698 genus
819 1640 989 1682 dicendi
1030 1641 1097 1682 vel
1127 1640 1331 1682 orationis
1363 1638 1552 1694 gravitas

233 1708 362 1755 atque
392 1700 578 1755 dignitas
609 1700 677 1740 vel
707 1698 834 1739 etiam
863 1704 1070 1739 certarum
1099 1696 1372 1738 formularum
1403 1694 1553 1736 solem-

232 1758 343 1799 nitas
380 1756 642 1798 sonantiores
681 1760 812 1807 atque
843 1753 1055 1808 pleniores
1084 1752 1402 1802 vocabulorum,
1434 1764 1554 1804 prae·

232 1813 376 1855 sertim
406 1818 558 1853 natura
583 1825 660 1852 sua
686 1810 925 1851 breviorum
955 1814 999 1850 et
1017 1809 1250 1861 miliorum,
1276 1807 1434 1848 formas
1464 1805 1553 1846 sive

233 1869 449 1924 requirere
478 1868 568 1909 sive
607 1867 715 1907 ferre
745 1865 1067 1906 existimaretur.
1126 1864 1193 1904 De
1239 1878 1324 1917 quo
1361 1861 1556 1903 similiter

233 1925 370 1968 sensit
406 1924 532 1966 etiam
582 1922 912 1977 Apollonius
975 1919 1388 1961 Alexandrinus
1442 1918 1554 1967 Περὶ

235 1982 483 2035 συνδεσμῶν
520 1979 565 2020 in
595 1977 786 2020 Bekke
799 1977 843 2018 ri
871 1976 1086 2019 Anecdot.
1116 1974 1201 2017 ΙΙΙ.
1239 1990 1281 2029 p.
1320 1975 1416 2016 520.
1446 1977 1551 2012 extr.

235 2040 306 2079 καὶ
348 2038 562 2077 ἐκκείσθω
601 2033 651 2077 τὸ
678 2031 922 2088 ὑπόδειγμα
951 2032 1000 2074 τὸ
1030 2035 1099 2074 ἐπὶ
1127 2033 1206 2073 τοῦ
1233 2032 1281 2083 ἶ,
1313 2028 1339 2070 ὃ
1365 2026 1554 2082 μάλιστα

235 2089 488 2146 πάμπολλόν
525 2095 642 2133 ἐστιν
679 2095 724 2132 ὲν
761 2091 822 2142 τῷ
860 2089 1138 2142 πλεονασμῷ,
1182 2090 1343 2128 ἕνεκα
1382 2083 1552 2139 εὐφω-

235 2151 358 2196 νίας
385 2143 981 2202 παραλαμβανόμενον
1022 2145 1110 2185 ἐπὶ
1146 2139 1360 2190 παντὸς
1399 2141 1552 2195 βραχυ-

236 2201 505 2253 καταλήκτου
555 2201 774 2257 ῥήματος,
825 2202 968 2254 ἔλεγε
990 2215 1038 2249 ν,
1086 2200 1244 2252 ἔλαβε
1265 2213 1314 2246 ν,
1366 2199 1437 2238 καὶ
1485 2198 1555 2236 ἐπὶ

236 2261 421 2301 δοτικῶν
449 2259 534 2300 τῶν
565 2259 674 2306 εὶςῗ
692 2257 1109 2311 ληγουσῶν,.παισί
1130 2269 1179 2306 ν,
1198 2252 1366 2307 χρή[μ
1380 2251 1553 2307 odom·

236 2314 285 2356 οὐ
324 2312 409 2370 μὴν
445 2318 490 2355 έν
518 2315 580 2365 τῷ
618 2314 763 2367 λέγει
801 2315 875 2354 καὶ
913 2314 1064 2366 λέγοι
1101 2309 1182 2364 (sic
1217 2310 1246 2351 l.
1272 2323 1352 2364 pro
1381 2307 1553 2362 λέγειν).

236 2370 322 2423 Qui
352 2369 468 2424 quod
498 2369 604 2410 dicit
623 2371 691 2411 ἐπὶ
719 2366 882 2417 παντὸς
908 2363 1316 2421 βραχυκαταλήκτου
1346 2361 1553 2415 ῥήματος,

237 2427 281 2468 id
311 2442 395 2467 non
425 2426 486 2467 sic
515 2423 833 2480 intelligendum
859 2429 1072 2479 putamus,
1104 2436 1152 2463 ac
1182 2422 1219 2462 si
1246 2419 1292 2461 id
1317 2434 1484 2474 semper
1511 2423 1556 2458 et

238 2482 395 2536 ubique
435 2497 510 2536 per
546 2495 668 2522 usum
702 2479 906 2533 loquendi
949 2479 1010 2520 ita
1045 2478 1204 2519 factum
1241 2477 1322 2518 sit:
1360 2477 1445 2517 imo
1487 2474 1556 2515 hic

238 2553 408 2593 quoque
436 2536 667 2593 significari
698 2534 879 2587 videtur,
910 2550 1005 2576 eum
1035 2548 1157 2575 usum
1185 2533 1228 2574 in
1264 2531 1486 2574 vocabulis
1512 2530 1555 2569 in

238 2596 406 2636 brevem
452 2592 655 2648 syllabam
689 2591 939 2632 exeuntibus
971 2589 1207 2645 euphoniae
1235 2602 1387 2630 caussa
1417 2586 1554 2628 locum
