1612 2872
0 253 4 274 l

487 87 573 130 DE
608 86 888 132 LEGIBUS
924 93 1004 128 etc.
1206 85 1408 130 CXLIX

63 219 355 255 commuuem3
386 202 432 244 id
464 202 583 258 quod
613 202 788 259 egregie
817 202 1021 244 convenit
1048 215 1146 244 cum
1168 199 1292 257 Reip.
1322 200 1404 241 IV.

64 279 107 319 p.
138 263 237 306 430.
267 261 341 304 ubi
381 260 592 303 militibus
621 259 777 301 eximie
809 258 1034 314 fortitudo,
1065 258 1234 301 civibus
1265 258 1403 300 omni-

64 320 145 363 bus
176 334 280 362 vero
320 324 453 373 atque
491 317 659 360 cunctis
698 317 984 373 temperantia
1013 316 1189 374 propria
1216 329 1312 358 esse
1337 315 1404 359 iu-

63 377 247 419 dicatur.
305 375 480 418 Etenim
513 376 631 418 cives
670 373 954 416 secundariae
985 373 1249 430 reipublicae
1277 372 1403 415 simul

61 449 135 476 eas
174 441 320 490 partes
359 434 600 487 sustinent,
641 446 752 487 quae
783 432 828 473 in
861 432 1027 487 optima
1055 431 1231 474 civitate
1261 429 1404 473 ordini

61 491 245 533 militum
280 490 349 533 vel
388 489 619 533 custodum
657 494 759 531 sunt
795 488 1037 545 impositae.
1108 489 1309 544 Denique
1338 487 1404 530 iu-

61 549 224 590 stitiam
263 549 299 590 si
341 548 514 602 quaeris
555 546 731 588 ubinam
769 546 814 587 in
843 546 987 588 altera
1011 546 1188 601 civitate
1217 545 1404 601 reperia-

59 621 169 659 mus,
210 605 402 647 cernitur
430 605 506 647 illa
534 603 785 658 neutiquam
817 603 860 644 in
892 619 979 645 una
1007 604 1167 645 virtute
1194 602 1403 656 iudiciali,

60 662 137 705 sed
175 663 290 704 inest
329 663 476 718 potius
516 662 562 703 in
601 661 671 717 pia
709 660 784 702 illa
821 668 865 702 et
906 660 1112 717 religiosa
1149 675 1254 717 erga
1284 660 1404 717 leges

60 720 300 762 reverentia
326 724 425 761 cum
469 719 660 761 iustitiae
691 717 863 760 divinae
903 718 1182 773 veneratione
1221 718 1404 759 coniun-

57 784 144 830 cta,
175 792 262 833 qua
291 777 451 819 civium
490 783 535 820 et
564 775 896 832 magistratuum
927 776 1118 818 omnium
1147 774 1278 816 animi
1307 791 1404 830 per-

57 835 142 877 fusi
175 850 269 877 esse
309 833 484 889 debent,
516 833 646 877 sicuti
687 833 907 889 praeclare
939 832 1122 876 docetur
1151 833 1248 875 loco
1279 832 1402 874 Libr.

58 892 138 935 IV.
169 909 211 948 p.
245 894 340 936 713.
370 894 428 935 A.
458 907 555 948 sqq.
577 906 751 947 quaque
781 906 870 933 una
898 906 1047 934 omnes
1075 896 1220 947 partes
1247 889 1404 931 firmis-

15 975 24 1003 ᾗ
57 949 166 992 sime
215 950 506 992 continentur.
575 950 644 990 Ex
696 948 856 1003 quibus
904 948 1104 990 omnibus
1145 954 1262 990 certe
1305 961 1404 1003 per·

57 1007 256 1064 spicuum
295 1007 392 1062 erit,
433 1013 598 1063 quanta
628 1006 711 1048 hoe
743 1021 918 1061 quoque
959 1005 1132 1048 nomine
1173 1006 1217 1047 in
1248 1019 1405 1062 magna

57 1063 245 1120 quadam
275 1063 570 1122 discrepantia
605 1063 774 1121 Legum
804 1079 901 1106 cum
934 1063 1175 1121 Republica
1213 1063 1270 1105 sit
1300 1077 1402 1104 con-

59 1122 290 1164 venientia.

604 1347 728 1473 Caii.
771 1395 856 1456 ΧΙ.

59 1529 134 1565 lle
166 1524 406 1576 rengione
445 1532 497 1566 et
531 1532 664 1566 culm
696 1532 899 1567 deorum
940 1531 1204 1566 secumdum
1243 1531 1401 1575 nege-

59 1586 297 1624 Platonls.
351 1589 638 1624 ostenditur
685 1589 830 1625 simul
871 1588 1168 1634 philosopho
1218 1587 1403 1623 iniuria

57 1671 60 1673 —
110 1645 348 1680 tributam
383 1655 497 1683 esse
523 1646 766 1692 duplicem
800 1646 1014 1683 animam
1040 1645 1350 1686 mundanam,

285 1703 462 1738 honam
489 1703 719 1744 alteram,
745 1707 957 1741 alteram
983 1702 1182 1739 malam.

173 1804 391 1848 Cohaeret
420 1823 524 1849 vero
555 1824 650 1850 cum
683 1809 765 1850 hac
796 1808 970 1850 virtutis
992 1806 1239 1861 disciplina,
1273 1821 1402 1862 quam

57 1862 411 1917 examinavimus,
441 1865 679 1908 arctissime
710 1865 828 1908 aliud
858 1863 978 1920 quid,
1009 1863 1063 1905 de
1082 1879 1170 1918 quo
1199 1863 1284 1906 hoc
1313 1870 1401 1906 sta-

62 1919 138 1960 tim
176 1918 275 1960 loco
312 1920 481 1962 iuvabit
521 1923 803 1978 exposuisse,
850 1919 1206 1977 quandoquidem
1235 1928 1414 1963 rectum·

60 1975 115 2017 de
155 1990 207 2018 eo
245 1976 454 2019 iudicium
493 1979 582 2021 tere
621 1979 774 2026 iisdem
805 1995 857 2021 ex
889 1978 1056 2020 caussis
1088 1983 1133 2019 et
1160 1978 1400 2020 rationibus

59 2033 366 2089 suspenditur,
422 2035 537 2078 unde
586 2037 760 2078 virtutis
807 2035 1050 2078 doctrinam
1097 2034 1287 2090 pendere
1335 2035 1398 2077 in-

60 2090 324 2145 telleximus,
378 2091 563 2135 dicimus
615 2094 869 2151 religionem
916 2092 1167 2146 cultumque
1207 2091 1398 2134 deorum.

61 2145 199 2199 Quem
239 2147 414 2203 quidem
452 2150 596 2192 locum
645 2150 764 2206 quod
804 2149 1089 2207 philosophus
1140 2150 1184 2191 in
1228 2150 1399 2207 Legum

61 2219 190 2259 opere
227 2207 475 2262 saepissime
515 2209 663 2264 attigit
700 2207 1008 2265 copiosiusque
1048 2222 1173 2261 quam
1204 2206 1303 2250 alibi
1335 2207 1398 2249 fa-

61 2267 178 2302 ctum
209 2270 276 2303 est
303 2265 549 2318 exornavit,
582 2267 662 2307 etsi
694 2266 870 2320 nuperis
901 2264 1078 2317 criticis,
1108 2264 1240 2306 veluti
1274 2265 1396 2307 Zel-

62 2317 178 2360 lero
219 2318 343 2362 Stud.
387 2321 581 2365 Platonn.
621 2340 662 2380 p.
715 2326 783 2365 44.
834 2337 945 2377 sqq.,
988 2337 1195 2378 perquam
1243 2323 1396 2365 mirum

60 2375 234 2441 accidit,
255 2378 423 2435 ‘quippe
454 2381 528 2435 qui
560 2396 584 2422 a
627 2380 820 2422 Platonis
850 2379 1023 2435 ingenio
1055 2379 1240 2421 alienum
1269 2387 1396 2437 puta-

63 2434 365 2497 verint,'qiiod
394 2451 472 2491 per
501 2438 582 2479 hos
612 2438 746 2480 libros
777 2436 1032 2480 insolentior
1063 2436 1275 2492 quaedam
1305 2438 1396 2494 pie-

59 2495 163 2532 tatis
194 2490 417 2555 religiosae
446 2497 690 2537 reverentia
719 2502 985 2546 ostentetur,
1015 2502 1160 2536 tamen
1190 2510 1269 2538 nos
1301 2496 1396 2551 qui-

59 2545 156 2588 dem
195 2549 469 2593 iustissimam
511 2553 603 2594 eius
641 2553 701 2594 rei
734 2567 930 2594 caussam
958 2551 1092 2594 fuisse
1124 2552 1394 2595 arbitramur.

58 2603 204 2670 Facile
235 2606 345 2648 enim
377 2608 502 2651 Plato
534 2625 613 2665 pro
644 2610 804 2667 ingenii
833 2609 898 2652 sui
929 2610 1168 2665 mentisque
1199 2611 1396 2652 acumine

57 2661 254 2716 pervidit,
287 2663 628 2719 potentissimum
661 2667 906 2710 securitatis
945 2682 994 2708 ac
1023 2666 1175 2710 salutis
1206 2683 1395 2710 cominu-
