1612 2872
275 100 388 142 XVI
744 98 1113 141 PRAEFATIO.

275 211 367 262 nia,
409 209 614 264 imprimis
653 209 779 250 etiam
809 209 853 249 in
883 208 1247 266 orthographicis,
1290 212 1420 254 veluti
1448 214 1491 254 in
1522 215 1596 256 ad-

277 265 496 307 mittendis
525 265 713 307 hiatibus
744 273 788 305 et
817 264 1079 319 elisionibus,
1108 280 1395 322 sequeremur,
1425 283 1512 311 nec·
1531 276 1596 311 ta-

273 336 369 362 men
397 321 448 362 iis
477 326 642 362 tantum
672 319 968 374 tribueremus,
998 326 1047 363 ut
1075 321 1141 362 vel
1172 335 1337 365 errores
1365 339 1415 366 ac
1444 325 1598 367 menda

273 392 418 418 eorum
455 382 612 417 temere
643 374 968 418 defenderemus
997 382 1072 418 aut
1100 375 1334 421 deteriores
1362 394 1507 423 eorum
1537 381 1596 423 le-

272 433 436 474 ctiones
466 432 643 473 aliorum
683 429 878 472 codicum
906 431 1127 487 scripturis
1154 439 1307 475 natura
1335 449 1415 477 sua
1441 436 1596 492 proba-

274 488 494 529 bilioribus
542 486 859 529 anteferremus.
936 487 1080 530 Debet
1104 486 1240 530 'enim
1277 489 1323 531 in
1359 506 1406 533 re
1449 492 1598 534 critica

272 543 464 598 profecto
505 543 628 585 etiam
670 542 962 597 probabilitati
1000 550 1129 599 atque
1158 543 1377 587 iudicandi
1406 546 1594 589 libertati

270 613 374 641 suus
404 598 526 640 locus
556 613 791 640 concessus
818 613 926 652 esse,
945 600 1148 654 quamdiu
1178 600 1347 643 codices
1377 603 1444 644 vel
1474 618 1594 659 prae—

270 654 523 696 stantissimi
566 669 645 696 nec
683 654 1012 710 archetyporum
1063 657 1200 697 instar
1235 656 1421 698 habendi
1455 674 1534 700 nec
1571 675 1596 700 a

270 710 645 766 grammaticorum
694 710 941 752 commentis
991 726 1042 753 ac
1095 712 1431 755 correctionibus
1469 714 1593 756 liberi

270 767 478 809 mansisse
508 765 780 807 existimandi
818 772 966 818 erunt3
1007 767 1196 822 alioquin
1244 774 1358 810 certe
1405 770 1593 812 futurum

271 828 362 873 est,
391 828 441 863 ut
469 822 620 863 critica
647 821 763 863 nulla
792 822 848 864 sit
876 822 1054 878 amplius
1071 855 1084 877 ,
1115 822 1325 878 siquidem
1355 824 1408 866 ad
1437 841 1594 868 meram

271 878 466 920 codicum
522 877 822 919 nonnullorum
869 878 1198 935 descriptionem
1254 894 1339 921 uno
1394 896 1593 923 manuum

270 934 504 975 ministerio
536 949 560 974 a
588 934 742 987 quovis
772 934 1076 988 perficiendam
1103 935 1289 977 redierit.

380 992 528 1044 Atque
558 989 664 1031 haec
694 989 865 1044 quidem
903 989 955 1031 de
983 990 1175 1033 Platonis
1212 990 1445 1034 codicibus.
1476 991 1594 1044 ‚Sed

270 1052 439 1101 praeter
478 1046 557 1087 hos
597 1046 723 1087 etiam
761 1045 844 1086 alia
873 1046 1067 1088 subsidia
1095 1047 1244 1089 critica
1271 1048 1392 1090 nobis
1421 1053 1592 1102 praesto

269 1104 454 1143 fuerunt.
514 1101 718 1143 Laudant
755 1101 867 1142 enim
906 1108 1033 1156 atque
1068 1103 1250 1144 recitant
1286 1103 1475 1159 integros
1507 1104 1592 1145 Le-

267 1173 369 1214 gum
406 1158 524 1199 locos
550 1172 636 1199 non
664 1171 826 1212 paucos
856 1157 1085 1210 Stobaeus,
1116 1158 1439 1211 Theodoretus,
1480 1159 1592 1201 Iam-

268 1213 457 1265 blichus,
489 1213 727 1264 Eusebius,
759 1213 844 1254 alii.
905 1214 1072 1255 Bonum
1101 1214 1260 1255 factum
1288 1214 1444 1270 igitur,
1476 1215 1591 1269 quod

269 1284 406 1326 nuper
434 1269 664 1311 Thomas
704 1268 1068 1311 Gaisfordius
1110 1285 1238 1324 quum
1278 1269 1512 1313 Stobaeum
1550 1282 1593 1312 et

269 1324 588 1367 Theodoretum
629 1323 731 1368 Cur.
767 1323 925 1367 Affect.
963 1323 1117 1368 Graec.
1160 1325 1304 1367 critice
1345 1325 1592 1368 emendatos

268 1381 425 1434 edidit,
466 1387 555 1423 tum
594 1381 719 1422 etiam
748 1380 929 1423 Eusebii
954 1380 1332 1437 Praeparationem
1360 1381 1591 1438 Evangeli-

269 1453 361 1480 cam
407 1437 568 1480 Oxonii
615 1452 652 1478 a.
699 1438 814 1479 1843.
861 1444 1045 1491 quatuor
1090 1437 1375 1480 voluminibus
1425 1438 1591 1479 octonis

267 1493 439 1550 egregie
478 1493 729 1535 adornatam
766 1499 808 1534 et
838 1493 1059 1536 uberrimis
1089 1493 1402 1535 commentariis
1432 1493 1591 1535 criticis

266 1551 517 1591 instructam
557 1549 786 1604 evulgavit.
859 1548 1052 1591 Contulit
1088 1549 1199 1591 enim
1237 1548 1376 1591 editor
1405 1549 1590 1591 celeber-

267 1606 398 1647 rimus
437 1605 493 1646 ad
530 1605 765 1647 Eusebium
805 1604 994 1660 quinque
1030 1605 1162 1647 libros
1197 1604 1441 1658 Parisinos,
1481 1619 1591 1659 quos

266 1663 360 1716 ipse
398 1661 585 1716 signavit
630 1660 784 1703 litteris
821 1662 877 1702 A.
913 1660 966 1702 B.
1009 1659 1059 1704 C.
1099 1661 1155 1702 D.
1195 1660 1275 1713 E„
1314 1660 1422 1703 duos
1458 1660 1594 1702 libros

267 1718 558 1771 Florentinos,
589 1731 697 1771 quos
726 1717 888 1758 notavit
915 1716 1034 1773 siglis
1061 1716 1112 1758 F.
1152 1714 1207 1758 G.
1247 1715 1356 1758 duos
1395 1716 1587 1758 Venetos

266 1788 374 1827 quos
414 1773 523 1814 dixit
560 1773 618 1815 H.
650 1772 708 1823 1.;
746 1787 797 1814 ac
834 1778 1058 1828 praeterea
1097 1771 1293 1814 adhibuit
1322 1771 1591 1813 collationem

266 1829 363 1870 libri
407 1829 628 1882 Vossiani,
668 1829 813 1871 littera
850 1828 906 1870 V.
944 1828 1139 1886 insigniti
1174 1834 1218 1869 et
1255 1827 1450 1884 syllogen
1481 1842 1590 1870 varr.

266 1885 496 1926 lectionum
526 1884 690 1927 codicis
705 1884 928 1926 Harleiani
956 1885 1067 1941 siglo
1096 1884 1153 1927 Ο.
1173 1883 1332 1925 notati:
1351 1897 1404 1925 ex
1434 1882 1590 1937 quibus

265 1942 385 1982 libris
419 1941 543 1982 facile
572 1941 774 1996 princeps
804 1946 872 1982 est
897 1940 1031 1983 Paris.
1061 1942 1132 1993 A.,
1164 1939 1349 1994 scriptus
1377 1939 1448 1980 ille
1477 1953 1590 1980 anno

266 1998 363 2039 914.
393 2003 494 2052 post
525 1995 627 2038 Chr.
659 2012 701 2039 n.
758 1996 912 2051 Itaque
950 1996 1016 2039 his
1056 2010 1228 2051 quoque
1266 1994 1401 2050 copiis
1429 1994 1593 2035 criticis

267 2052 466 2108 religiose
495 2067 576 2094 nec
603 2068 707 2095 vero
736 2053 829 2094 sine
861 2053 1002 2094 fructu
1030 2052 1098 2094 usi
1127 2065 1296 2100 sumus3
1333 2048 1591 2091 redundavit

265 2108 378 2149 enim
405 2107 506 2149 inde
534 2109 579 2149 in
607 2124 779 2165 operam
808 2114 995 2150 nostram
1022 2107 1067 2149 id
1094 2106 1305 2158 utilitatis,
1347 2112 1399 2146 ut
1425 2105 1592 2159 aliquot

267 2164 385 2205 locos
412 2163 459 2204 in
487 2163 708 2207 codicibus
743 2164 934 2206 Platonis
974 2163 1169 2205 omnibus
1211 2162 1363 2203 vitiose
1403 2161 1588 2217 scriptos

266 2233 319 2260 ex
347 2208 600 2261 Eusebio
628 2227 722 2262 tuto
751 2219 974 2262 emendare
1003 2218 1192 2268 licuerit3
1223 2217 1268 2258 id
1298 2216 1414 2271 quod
1441 2230 1588 2258 rursus

265 2275 504 2316 certissimo
533 2280 598 2316 est
626 2281 903 2332 argumento,
941 2289 994 2316 ne
1031 2274 1216 2329 optimos
1245 2272 1418 2326 quidem
1444 2271 1589 2313 Plato-

264 2331 330 2372 nis
378 2330 509 2372 libros
553 2331 712 2385 ubique
754 2346 897 2373 veram
948 2336 1022 2372 aut
1070 2329 1333 2386 probabilem
1389 2327 1590 2370 exhibere

266 2386 533 2442 scripturam.
609 2386 879 2441 Quamquam
918 2401 1083 2428 omnem
1130 2385 1299 2427 illorum
1335 2384 1589 2439 scriptorum

264 2442 485 2483 varietatis
522 2440 851 2496 discrepantiam
889 2442 1038 2484 afferre
1069 2440 1411 2498 supersedimus,
1451 2438 1611 2483 sicubi.

263 2499 309 2539 in
345 2498 398 2539 iis
435 2497 542 2538 nihil
561 2499 680 2546 ‚novi
718 2504 934 2554 repertum
971 2504 1094 2540 esset.
1152 2495 1282 2550 Quod
1312 2501 1464 2537 contra
1490 2494 1610 2535 Pla—1

262 2554 503 2604 tonicorum
531 2553 748 2607 librorum,
779 2554 1069 2608 imprimisque
1103 2559 1288 2607 quatuor
1316 2551 1587 2607 optimorum,
1607 2559 1612 2598 J

260 2610 410 2666 copias
438 2624 585 2652 omnes
617 2624 827 2664 exponere
856 2607 1367 2658 necessariumduximus,
1396 2612 1608 2664 praeter-25
