1612 2872
262 109 463 169 Xovin
680 103 1154 165 PROLEGOMENA

260 251 509 301 possumus,
551 235 697 276 auctor
729 235 909 296 Legum
925 232 1030 273 illud
1059 233 1223 297 ipsum,
1265 233 1381 287 quod
1411 232 1577 275 deside-

258 292 370 334 ravit
399 291 619 341 Astius,
649 295 736 330 tam
766 287 938 343 egregie
967 289 1205 343 praestitit,
1236 289 1341 330 nihil
1368 295 1416 331 ut
1444 289 1580 345 possit

259 348 341 389 hoc
379 348 514 402 ipsius
554 345 735 387 consilio
773 344 880 399 fingi
918 343 1170 399 prudentius
1215 351 1289 385 aut
1325 345 1576 401 elegantius.

260 403 479 444 Conflavit
516 402 627 442 enim
659 400 783 441 Plato
828 400 1038 441 elementa
1075 400 1261 442 civitatis
1291 381 1417 442 suaeo
1423 416 1475 442 ex
1503 415 1577 442 va-

259 460 332 500 riis
363 457 627 499 Graecorum
666 456 878 509 moribus,
918 455 1087 519 legibus
1134 462 1177 496 et
1214 456 1417 497 institutis
1446 456 1577 497 artifi-

259 515 347 555 cios
332 514 515 565 issime,
565 513 627 554 ita
665 518 714 553 ut
753 511 851 552 inde
894 511 1094 553 existeret
1138 512 1380 567 respublica
1417 512 1577 567 optime

259 574 420 610 morata
451 575 579 622 atque
618 569 744 621 talis,
785 567 922 621 qualis
961 575 1076 609 recte
1113 574 1263 622 posset
1299 568 1577 632 populaiibus

259 625 347 666 suis
367 624 550 678 exempli
572 624 708 665 instar
735 623 788 664 ob
820 623 968 665 oculos
996 623 1211 665 collocari.
1251 624 1362 665 Nam
1392 625 1578 666 univerS1

260 679 433 735 quidem
464 680 605 735 operis
638 679 760 734 quasi
790 678 974 732 fundus,
1013 680 1056 720 in
1097 694 1181 733 quo
1220 686 1482 722 exstructum
1512 686 1580 720 est

258 742 392 778 totum
421 736 535 778 illius
565 735 819 788 aedificium,
852 711 1077 776 maniiesto
1108 741 1181 786 est
1203 736 1403 777 Doricus.
1446 736 1581 777 Terra

263 792 396 844 enim,
427 793 471 833 in
502 807 586 846 qua
614 791 728 832 illam
760 790 887 832 condi
915 791 1054 843 iussit,
1086 790 1205 845 regio
1235 797 1299 833 est
1329 790 1485 834 Cretae
1514 791 1579 832 in-

259 848 400 900 sulae,
432 847 484 888 de
515 862 599 902 qua
629 864 666 889 v.
674 847 819 957 pLibr.
849 846 929 888 IV.
959 821 1121 957 sn'l'Oai13
1138 847 1187 887 B.
1208 861 1289 902 sqq
1263 863 1302 902 q.
1333 847 1428 888 coll.
1449 846 1578 889 VIII.

258 920 299 959 p.
331 905 425 945 848.
457 863 542 944 D.q
561 903 644 946 IX.
748 903 842 943 860.
872 902 924 944 Ε.
959 862 1053 944 ΧΙ.
1126 904 1262 945 .¹)19.
1298 903 1350 946 D.
1396 902 1505 944 XII.
1535 919 1578 958 p.

259 962 355 1001 946.
388 960 438 999 B.
470 960 563 1000 969.
594 960 666 1011 A.,
674 918 788 999 phoc
817 963 901 1011 est,
940 917 1121 999 Doricap
1137 964 1180 999 et
1218 974 1244 1000 a
1279 959 1469 1000 Doribus
1499 959 1580 1000 cir-

260 1014 484 1065 cumdata3
514 1015 671 1067 coloni,
704 1013 778 1067 qui
806 989 954 1055 hab'ito
984 1013 1151 1055 delectu
1169 1014 1270 1056 illuc
1292 1013 1577 1069 deducuntur,

260 1072 363 1112 item
393 1077 493 1112 sunt
522 1071 767 1122 Dorienses,
801 1068 1146 1123 quandoquidem
1177 1068 1339 1112 Clinias
1360 1067 1579 1112 Cretensis

258 1127 354 1168 illos
385 1131 583 1167 narratur
615 1126 734 1167 iussu
763 1125 1030 1180 popularium
1071 1140 1244 1167 suorum
1285 1141 1335 1167 eo
1374 1125 1580 1168 ducturus

263 1197 356 1225 esse
387 1181 572 1236 ideoque
612 1181 812 1236 Hospitis
842 1181 1119 1223 Atheniensis
1160 1188 1203 1223 et
1232 1181 1400 1238 Megilli
1441 1183 1578 1224 Lace-

261 1238 472 1280 daemonii
500 1238 723 1279 consilium
754 1251 804 1278 ea
833 1236 885 1278 de
917 1252 961 1278 re
1006 1238 1087 1278 sibi
1115 1244 1338 1293 expetere3
1376 1253 1416 1279 v.
1459 1238 1578 1279 Libr.

205 1294 674 1349 '111..p702.-B
691 1292 744 1333 Ε.
785 1292 865 1333 IV.
904 1293 1292 1347 p.704...A705
1331 1293 1380 1335 G.
1412 1294 1578 1335 707.D

260 1351 436 1392 -708.
472 1350 527 1390 D.
558 1349 664 1391 VII.
695 1363 737 1402 p.
768 1349 860 1390 796.
890 1349 940 1390 B.
971 1349 1100 1391 VIII.
1131 1365 1172 1404 p.
1192 1350 1287 1392 842.
1318 1349 1370 1390 B.
1402 1349 1578 1400 847E.;

260 1406 444 1460 denique
474 1405 598 1446 etiam
630 1405 854 1446 universae
884 1404 1070 1446 civitatis
1093 1404 1322 1460 descriptio
1342 1405 1467 1460 plane
1490 1406 1580 1447 Do-

257 1463 346 1504 rica
387 1468 473 1515 est,
513 1467 587 1502 aut
627 1465 742 1501 certe
781 1459 987 1503 institutis
1024 1460 1324 1525 Doriensium,
1374 1461 1456 1502 hoc
1500 1467 1578 1515 est,

259 1517 434 1559 Cretum
454 1523 497 1559 et
518 1515 969 1570 Lacedaemoniorum,
995 1531 1119 1571 quam
1142 1517 1321 1558 maxime
1343 1531 1580 1559 accommo-

260 1574 374 1616 data.
434 1572 607 1629 Quippe
629 1571 912 1636 philosophus
932 1572 1233 1628 rempublicam
1253 1572 1580 1614 Atheniensium

263 1645 392 1684 quum
422 1628 588 1670 videret
630 1627 872 1669 labentibus
902 1628 1164 1683 temporibus
1193 1630 1328 1685 magis
1359 1628 1579 1684 magisque

258 1686 302 1726 in
331 1685 454 1740 peius
482 1685 618 1726 ruisse
655 1690 699 1725 et
718 1698 743 1725 a
772 1684 953 1738 pristina
982 1684 1140 1725 virtute
1171 1699 1261 1738 sua,
1296 1699 1423 1738 quam
1455 1685 1575 1726 Libr.

259 1740 344 1782 III.
375 1756 416 1795 p.
447 1742 541 1782 698.
573 1740 622 1782 Β.
653 1739 890 1781 illustribus
911 1745 1036 1781 ornat
1064 1716 1277 1792 laudibus,
1309 1740 1486 1781 multum
1507 1739 1579 1781 de-

260 1796 559 1853 generavisse,
601 1802 687 1837 tam
726 1795 771 1836 in
799 1795 921 1836 libris
964 1795 1017 1836 de
1046 1794 1232 1836 Civitate
1263 1810 1388 1850 quam
1419 1796 1464 1836 in
1494 1796 1579 1837 Le—

259 1831 385 1908 gibus
422 1852 625 1893 formam
640 1851 899 1916 reipublicae
932 1851 1366 1893 Lacedaemoniorum
1404 1857 1446 1892 et
1477 1850 1581 1892 Cre-

259 1909 469 1960 tensium,
500 1908 674 1949 remotis
703 1907 795 1948 eius
824 1907 940 1948 vitiis
970 1907 1248 1961 quibusdam,
1283 1907 1445 1948 civitati
1477 1922 1580 1949 suae

260 1979 337 2019 pro
369 1939 643 2005 fundamento
673 1962 868 2004 subiecit.
926 1963 1033 2004 Eam
1064 1963 1176 2004 enim
1206 1963 1287 2004 sibi
1312 1969 1581 2018 persuaserat

261 2035 391 2074 quum
421 2019 605 2075 priscam
635 2017 843 2060 Graeciae
871 2018 1059 2060 indolem
1088 2019 1333 2061 fidelissime
1371 2033 1578 2071 servasse,

261 2085 353 2117 tum
381 2076 573 2117 moribus
615 2081 658 2116 et
694 2073 803 2116 disci
836 2074 923 2116 lina
959 2075 1131 2130 publica
1171 2074 1329 2129 optime
1359 2049 1580 2116 fundatani

261 2146 368 2173 esse.
437 2132 507 2172 De
537 2145 688 2186 quare
718 2147 757 2172 v.
787 2090 1080 2172 Ιῗθῐιῃαῃῃ.
1120 2129 1356 2171 Comment.
1408 2130 1477 2171 De
1506 2144 1579 2172 ve-

259 2187 397 2240 stigiis
426 2187 660 2229 institutor.
689 2192 792 2228 vett.
830 2201 907 2242 per
935 2186 1129 2228 Platonis
1162 2185 1215 2227 de
1250 2185 1418 2241 legibus
1446 2185 1579 2228 libros

260 2242 516 2298 indagandis
547 2259 587 2298 p.
626 2244 673 2284 19
705 2256 799 2296 sqq.
829 2248 872 2284 et
901 2243 954 2285 23
987 2257 1108 2296 sqq.,
1141 2242 1215 2295 qui
1245 2256 1334 2282 rem
1362 2241 1578 2298 praeclare

258 2278 511 2351 illustravit,
542 2305 585 2340 et
613 2298 1129 2363 Morgensternium
1160 2298 1228 2339 De
1255 2297 1364 2339 Plat.
1394 2297 1457 2340 Re
1460 2298 1587 2352 publ,

222 2378 230 2386 ι
258 2370 300 2409 p.
334 2355 414 2396 305
445 2368 538 2408 sqq.
578 2353 683 2408 quid
715 2354 766 2395 in
805 2355 965 2410 optima
998 2353 1072 2395 illa
1109 2353 1327 2408 republica
1369 2353 1578 2395 Doricum

264 2410 340 2463 sit,
359 2410 540 2465 egregie
571 2409 835 2451 docentem.
878 2409 965 2453 Sed
1002 2424 1097 2451 cum
1133 2409 1409 2451 Doriensium
1437 2409 1577 2465 gravi·
1599 2443 1601 2446 .

260 2472 348 2507 tate
377 2480 430 2507 ac
458 2465 685 2507 severitate
718 2480 802 2519 quo
817 2466 1110 2521 coniungeret
1130 2465 1456 2507 Atheniensium
1484 2480 1578 2506 eru·-

262 2520 488 2586 ditionem,
520 2521 783 2585 sapientiam
814 2527 857 2562 et
886 2521 1215 2585 humanitatem,
1264 2536 1351 2562 rem
1392 2520 1577 2584 pruden-

260 2577 420 2620 tissime
457 2577 517 2618 ita
553 2576 768 2629 instituit,
815 2583 862 2618 ut
901 2577 1117 2619 Doricam
1143 2577 1358 2618 civitatem
1396 2577 1577 2640 instrue-

262 2639 330 2676 ret
359 2638 402 2675 et
433 2638 604 2675 ornaret
631 2631 799 2688 legibus
819 2633 1038 2675 maximam
1080 2639 1240 2688 partem
1278 2632 1457 2684 Atticis,
1502 2631 1599 2675 iis·.
