1612 2872
511 100 683 145 Lfflffl
714 98 941 143 TERTII.
1326 98 1410 141 245

60 217 369 274 rempublicam
401 215 768 260 conservandam.
840 216 908 258 Ae
946 215 983 257 si
1013 212 1135 255 idem
1175 213 1260 253 iam
1300 212 1410 255 anti-

61 275 210 331 quitus
246 274 291 315 in
339 273 541 316 omnibus
591 273 767 316 Doricis
816 271 1109 328 Peloponnesi
1156 267 1410 312 civitatibus

62 330 299 389 prudenter
339 330 495 373 fuisset
538 330 813 383 institutum,
863 328 982 371 haud
1033 326 1166 370 dubie
1214 326 1411 368 futurum

63 394 177 440 erat,
224 395 272 429 ut
310 387 471 430 Persae
508 387 671 442 aliique
724 386 876 443 populi
922 401 1147 440 nunquam
1195 382 1411 426 Graeciae

61 444 221 488 bellum
268 444 428 486 inferre
481 443 692 486 auderent
740 450 798 499 (p.
849 445 944 486 (589.
999 443 1048 484 E.
1080 467 1134 472 -
1174 442 1271 482 692.
1320 438 1410 494 C.).

59 505 126 544 At
163 501 363 543 nimirum
402 502 488 543 ista
529 516 672 542 rerum
702 500 954 542 conditione
984 499 1048 540 illi
1078 497 1276 540 Graecos
1307 511 1410 539 con·

60 558 332 608 temnebant3
373 573 515 613 neque
554 558 703 614 negari
754 557 919 612 poterit
960 571 1173 611 unquam,
1214 553 1419 596 Graecos-

61 615 238 657 omnino
268 616 312 656 in
343 614 468 656 bellis
490 615 679 656 Persicis
706 629 803 656 sese
830 620 901 655 tur
933 614 1017 655 iter
1035 612 1225 665 dedisse,
1246 611 1413 653 etiamsi

61 671 116 714 de
144 671 323 726 reliquis
341 670 667 713 eoncedendum
687 672 744 712 sit
769 670 894 726 splen
929 669 1146 713 idissimas
1177 669 1231 711 ab
1261 668 1315 711 iis
1345 683 1413 710 re-

60 733 257 784 portatas
297 742 394 770 esse
430 728 653 770 victorias.
735 727 852 770 Nam
891 727 1076 783 primum
1128 725 1304 780 quidem
1360 738 1413 765 ex

60 785 199 827 tribus
236 785 323 826 illis
368 785 660 841 Peloponnesi
699 784 952 827 civitatibus
990 784 1188 837 Doricis,
1230 781 1284 824 de
1315 781 1412 836 qui·

59 842 142 884 bus
193 841 496 897 exposuimus,
558 857 646 883 una
699 840 1002 883 tantummodo
1061 856 1139 896 pro
1193 839 1413 881 communi

61 897 275 941 Graeciae
316 898 456 940 salute
495 897 773 950 decertavit,
801 898 994 953 reliquae
1035 898 1148 939 duae
1180 896 1290 938 adeo
1320 895 1412 937 fue-

61 961 164 997 runt
201 955 485 1011 depravatae,
517 966 568 996 ut
597 955 801 997 Messene
832 955 1008 1010 quidem
1038 952 1414 996 Lacedaemonios

61 1011 172 1054 adeo
215 1027 241 1053 a
280 1027 428 1069 pugna
472 1011 682 1054 adversus
722 1012 930 1055 barbaros
968 1012 1203 1065 retineret,
1247 1009 1416 1066 Argiva

61 1075 204 1112 autem
243 1069 424 1123 civitas,
463 1069 660 1124 quamvis
703 1068 760 1111 ad
800 1068 1106 1111 debellandum
1145 1081 1416 1110 communem

63 1125 277 1168 Graeciae
309 1125 477 1168 hostem
503 1126 704 1180 invitata,
734 1140 782 1168 se
811 1141 868 1167 ne
898 1130 1192 1168 commoveret
1222 1122 1414 1179 quidem,

63 1183 149 1225 imo
189 1197 371 1238 prorsus
409 1189 606 1225 maneret
643 1183 795 1238 quieta
823 1189 868 1225 et
897 1183 1050 1226 otiosa.
1109 1180 1283 1224 Deinde
1315 1194 1415 1222 eve-

64 1245 223 1283 nerunt
260 1240 391 1282 etiam
437 1240 522 1282 alia
573 1239 756 1282 Graecis
804 1255 958 1295 parum
1005 1254 1109 1282 sane
1157 1237 1415 1281 honorifica.

64 1296 182 1339 Nam
211 1297 294 1338 soli
313 1296 401 1338 fere
422 1296 716 1340 Athenienses
733 1303 776 1339 et
795 1295 1152 1350 Lacedaemonii,
1183 1296 1416 1351 ingruente

65 1354 231 1410 impetu
268 1354 576 1408 barbororum,
616 1353 880 1410 depulerunt
906 1355 1165 1410 servitutem·
1185 1353 1416 1394 universae

65 1409 280 1453 Graeciae
331 1410 626 1453 imminentem
674 1412 1030 1467 libertatemque<
1059 1409 1415 1458 vindicaverunt3

66 1467 200 1510 ceteri
229 1482 365 1524 prope
396 1482 548 1510 omnes
577 1469 810 1510 noluerunt
836 1468 882 1510 in
911 1468 1011 1510 belli
1034 1467 1289 1510 societatem
1316 1480 1416 1521 per-

67 1524 227 1566 venire.
300 1524 425 1567 Haec
461 1525 596 1580 igitur
624 1531 726 1567 sunt
755 1526 873 1578 fere,
915 1540 1026 1580 quae
1056 1524 1149 1566 iure
1183 1522 1417 1566 videantur

66 1581 223 1638 priscis
252 1581 416 1637 pariter
443 1581 530 1624 illis
561 1587 692 1636 atque
723 1582 912 1637 posteris
942 1582 1091 1638 legum
1114 1580 1417 1624 conditoribus

45 1639 113 1681 'et
150 1637 416 1694 reipublicae
454 1638 822 1695 gubernatoribus
860 1638 1096 1695 opprobrio
1135 1637 1227 1679 dari
1270 1652 1415 1693 posse,

68 1704 113 1738 et
141 1695 257 1738 unde
292 1710 558 1752 cognoscere
588 1695 733 1750 liceat,
766 1694 872 1750 quid
902 1697 956 1739 ab
987 1696 1042 1738 iis
1062 1695 1308 1752 oportuerit
1338 1693 1417 1736 ali-

67 1759 134 1794 ter
169 1752 354 1794 institui.
424 1751 598 1794 Etenim
637 1769 726 1794 non
765 1753 963 1807 oportuit
1000 1753 1120 1808 ipsos
1150 1752 1418 1794 constituere

70 1824 121 1851 ac
166 1808 335 1850 sancire
381 1808 564 1863 imperia
598 1809 728 1851 nullis
771 1809 866 1851 aliis
910 1815 1167 1864 temperata,
1209 1808 1288 1851 sed
1337 1823 1416 1864 po·
1479 1828 1483 1831 ·

72 1865 158 1907 tius
219 1870 445 1920 reputare,
504 1865 753 1907 civitateme
811 1880 1030 1920 quamque
1091 1865 1250 1908 debere
1320 1879 1418 1907 esse

70 1921 327 1974 liberam,
377 1920 463 1963 sui
511 1922 679 1975 quasi
728 1922 1016 1964 consciam
1058 1921 1324 1977 (ἔμφρονα)
1375 1926 1420 1962 et

72 1977 433 2031 concordem,
473 1977 712 2033 eodemque
743 1993 895 2020 omnes
936 1979 1113 2020 omnino
1141 1978 1261 2033 leges
1291 1977 1418 2019 unice

72 2041 285 2092 spectare.
343 2032 478 2087 Quod
503 2049 609 2076 vero
640 2036 685 2076 in
715 2034 782 2076 his
811 2035 952 2077 tribus
982 2035 1113 2077 rebus
1144 2034 1420 2090 potissimum

72 2107 286 2136 summum
324 2090 471 2148 legum
500 2090 631 2133 finem
670 2097 715 2133 et
743 2091 974 2134 consilium
1003 2092 1123 2134 cerni
1150 2091 1420 2145 arbitramur,

74 2165 163 2192 non
190 2149 275 2190 iam
315 2148 390 2189 illa
426 2148 540 2190 inter
579 2148 676 2203 ipsa
705 2147 879 2191 differre
909 2155 985 2190 aut
1014 2148 1264 2205 discrepare
1294 2147 1419 2190 volu-

75 2221 197 2259 mus,
236 2204 314 2247 sed
353 2205 499 2262 potius
540 2204 670 2261 plane
708 2204 765 2246 ad
803 2221 938 2248 unum
968 2205 1171 2260 idemque
1201 2204 1420 2262 pertinere

77 2263 142 2318 (p.
174 2263 268 2306 (392.
298 2260 349 2305 C.
379 2287 435 2294 —
465 2263 563 2304 693.
595 2260 683 2316 C.).
744 2262 908 2304 Verum
941 2263 1068 2318 plura
1097 2277 1201 2305 sane
1232 2261 1420 2304 dicenda

76 2324 313 2376 supersunt
348 2317 402 2361 de
430 2318 689 2373 concordia,
730 2319 932 2361 libertate
978 2335 1029 2362 ac
1067 2319 1280 2376 sapientia
1329 2318 1419 2373 illa,

78 2391 207 2431 quam
243 2376 388 2432 legum
425 2376 676 2419 conditores
716 2377 928 2433 imprimis
965 2383 1211 2433 respectare
1251 2376 1420 2418 deceat.

78 2433 208 2475 Duae
246 2433 360 2474 enim
399 2439 503 2475 sunt
549 2448 693 2475 rerum
741 2434 1012 2490 publicarum
1058 2434 1195 2477 veluti
1243 2439 1420 2486 matres,

81 2488 196 2532 unde
232 2489 424 2545 reliquae
456 2505 606 2533 omnes
639 2506 762 2533 suam
794 2490 1009 2533 duxerunt
1043 2491 1280 2548 originem,
1325 2506 1421 2546 po-

84 2551 262 2588 testas
301 2547 510 2603 regalis
564 2547 867 2603 (monarchia)
907 2553 951 2590 et
987 2549 1174 2591 libera
1222 2562 1422 2602 respu-

84 2602 233 2646 blica
274 2602 616 2659 (democratia).
678 2603 912 2660 Imperium
944 2605 1116 2663 .regium
1158 2604 1305 2647 Persis
1343 2604 1423 2645 im-

81 2659 230 2715 primis
261 2660 485 2716 proprium
514 2661 619 2713 fuit3
657 2661 793 2704 libera
831 2668 975 2706 autem
1004 2662 1251 2719 respublica
1276 2660 1427 2703 'floruit
