1612 2872
238 87 319 129 264
712 87 1096 133 PLATONIS

239 205 349 258 μνῆς
382 207 455 246 καὶ
489 204 695 256 οἰκήσεων
728 204 802 246 καὶ
826 206 987 247 σκευῶν
1009 203 1208 260 ἐμπύρων
1227 221 1270 249 τε
1290 209 1360 249 καὶ
1385 206 1566 263 ἀπύρων

239 269 479 325 εὐπόρουν·
517 274 563 312 αὶ
599 272 827 312 πλαστικαὶ
865 268 950 326 γὰρ
983 274 1054 313 καὶ
1089 268 1192 315 ὅσαι
1226 274 1446 316 πλεκτικαὶ
1479 275 1564 315 τῶν

243 338 400 390 τεχνῶν
434 334 534 378 οὐδὲ
568 337 615 378 ἓν
634 337 917 390 προςδὲονται
939 335 1134 391 σιὸήρου.
1171 340 1309 380 ταῦτα
1345 342 1388 381 δὲ
1418 339 1564 382 πάντα

241 399 378 443 τούτω
415 399 472 442 τώ
509 405 635 456 τέχνα
671 399 780 450 θεὸς
813 404 938 445 ἔδωκε
970 404 1162 458 πορίζειν
1185 412 1275 453 τοῖς
1294 403 1565 460 ἀνθρώποις,

239 465 296 509 ἵν’
344 464 478 510 ὁπότε
525 471 584 517 εἰς
627 466 709 519 τὴν
753 467 964 520 τοιαύτην
1009 467 1204 524 ἀπορίαν
1246 472 1444 523 ἔλθοιεν,
1477 475 1566 527 ἔχοι

238 528 433 585 βλάστην
466 535 537 576 καὶ
579 535 771 576 ἐπίδοσιν
814 532 863 577 τὸ
898 536 985 577 τῶν
1027 533 1282 590 ἀνθρώπων
1324 541 1457 590 γένος.
1495 544 1565 580 πὲ-

241 613 365 648 νητες
407 601 486 652 μὲν
530 597 583 651 δὴ
628 598 699 642 διὰ
746 596 795 642 τὸ
844 601 1050 643 τοιοῦτον
1101 600 1274 659 σφόδρα
1318 603 1397 645 οὐκ
1440 596 1565 653 ἦσαν,

241 662 336 707 οὐδ’
386 663 473 708 ὑπὸ
525 668 676 715 πενίας
727 663 1076 720 ἀναγκαζόμενοι
1127 667 1337 726 διάφοροι
1394 673 1566 719 ἑαυτοῖς

237 732 483 784 ἐγίγνοντο·
518 731 718 774 πλούσιοι
751 730 790 773 δ’
832 730 910 775 οὐκ
942 730 1000 775 ἄν
1032 731 1134 777 ποτ’
1171 738 1366 786 ἐγένοντο
1384 732 1566 790 ἄχρυσοί

239 811 284 840 τε
316 799 389 839 καὶ
423 794 668 853 ἀνάργυροι
711 794 854 849 ὄντες,
887 796 910 841 ὃ
957 797 1054 842 τότε
1099 804 1144 842 ὲν
1187 803 1362 850 ἐκείνοις
1404 802 1562 856 παρῆν.

239 857 264 921 ᾖ
309 863 348 904 δ’
393 861 452 905 ἄν
496 879 604 907 ποτε
647 863 842 919 ξυνοικία
881 862 990 918 μήτε
1025 865 1213 915 πλοῦτος
1249 865 1421 926 ξυνοικῇ
1455 867 1564 921 μήτε

241 932 389 979 πενία,
431 926 583 985 σχεδὸν
627 933 674 972 ἐν
716 928 853 990 ταύτῃ
900 930 1188 982 γενναιότατα
1234 930 1332 983 ἢθη
1377 932 1562 986 γίγνοιτ’

331 1102 370 1136 Ρ.
394 1102 473 1142 679,
522 1101 626 1136 οὐδὲ
655 1104 698 1138 ἓν
729 1102 1039 1149 προεδέονιαι]
1079 1107 1117 1138 V.
1150 1102 1261 1138 οὐδέν.
1307 1104 1376 1138 Sed
1401 1106 1487 1137 illud
1511 1111 1562 1137 tu—

240 1151 340 1179 entur
363 1149 407 1182 A.
437 1146 476 1181 Ω.
502 1161 535 1182 v.
560 1150 594 1182 h.
621 1160 644 1182 r.
670 1161 700 1183 a.
726 1148 755 1181 δ.
781 1159 814 1182 x.
842 1150 909 1181 vi'd.
934 1160 1013 1182 ann.
1040 1161 1136 1193 exeg.

237 1284 365 1321 guntur
389 1291 455 1323 res,
473 1293 562 1326 quae
586 1286 660 1327 igni
684 1286 870 1319 admoven-

237 1330 294 1356 tur
323 1326 387 1368 vel·
406 1338 478 1360 non
511 1331 750 1364 admoventur.
777 1332 870 1364 conf.

241 1369 399 1423 Pollux
423 1374 470 1408 X.
496 1375 549 1410 13.
581 1381 615 1409 et
637 1377 697 1411 822
723 1374 868 1419 Ἀριστο-

239 1425 351 1457 (parm
387 1414 421 1449 δ’
458 1419 548 1452 ἔοικε
594 1421 733 1465 διαιρεῖν
776 1431 868 1454 uvas

239 1457 396 1503 ἀπύρους
431 1466 484 1496 καὶ
520 1465 695 1510 ἐμπύρους
735 1470 864 1500 πινακί-

239 1516 356 1545 σκους,
369 1509 391 1540 i.
407 1519 436 1542 e.
457 1513 613 1552 patellas.
629 1531 674 1538 —
694 1509 743 1545 οὕ
755 1512 798 1545 δὲ
819 1514 867 1545 ἒν

240 1557 308 1591 est,
339 1564 394 1586 ne
433 1557 546 1590 ulla
579 1560 778 1600 quidem
816 1560 869 1591 in

238 1603 383 1639 parte,
406 1601 532 1642 plane
554 1613 662 1644 n0n3
692 1605 785 1644 quod
814 1605 868 1635 di-

239 1644 328 1675 citur
339 1646 481 1684 gravius
494 1648 612 1688 paullo
637 1659 738 1690 quam
755 1644 867 1687 οὐδέν,

239 1693 277 1719 ut
292 1690 394 1730 vulgo
407 1692 631 1726 scribebatur.
654 1693 739 1725 Rem
754 1703 867 1726 exem-

236 1734 303 1774 plis
327 1735 638 1771 demonstravimus
652 1740 697 1771 ad
709 1738 867 1781 Sympos-

237 1789 270 1820 ρ.
296 1779 373 1813 214.
399 1781 444 1814 D.

285 1826 412 1856 ταῦτα
435 1824 478 1857 δὲ
502 1826 640 1859 πάντα
664 1826 800 1860 τούτω
817 1827 865 1860 ταὶ

239 1870 574 1912 ιὲχνα--]Ηαεο
600 1875 738 1905 omnia
762 1884 867 1907 vero

236 1917 468 1956 (vestimenta,
493 1920 659 1960 stragula,
681 1919 867 1952 habitatio-

238 1973 310 2002 nes,
334 1972 495 1995 vasorum
515 1966 615 1997 varia
628 1964 769 2006 genera)
785 1960 866 2006 quo

238 2009 633 2049 suppeditarentur
690 2010 867 2042 homini-

239 2055 331 2092 bus,
363 2054 465 2086 deus
505 2055 581 2087 bas
617 2056 719 2088 duas
749 2060 867 2088 artes

238 2099 408 2140 (fingendi
428 2103 462 2131 et
475 2101 632 2141 texendi)
649 2101 703 2133 iis
728 2101 868 2142 dedit,

238 2149 287 2175 ut
317 2154 475 2186 genus
507 2145 795 2186 humanum,
827 2147 867 2178 si

238 2191 414 2230 quando
439 2191 484 2222 in
514 2192 641 2223 talem
671 2192 866 2233 inopiam

239 2235 543 2277 incidisset,
591 2237 735 2278 qualis
779 2241 867 2274 tum

238 2279 343 2320 suit,
366 2282 609 2323 propagari
644 2287 684 2313 et
712 2282 866 2323 augeri

236 2335 287 2366 po
298 2330 396 2359 sset.
434 2326 553 2368 ltaque
563 2327 739 2369 iungenda
761 2328 867 2359 verba

237 2374 318 2402 sunt
339 2371 429 2402 hune
452 2372 489 2403 in
513 2373 673 2407 modum:
698 2371 803 2404 ἔδωκε
830 2371 867 2404 δὲ

236 2412 324 2447 θεὸς
358 2414 465 2448 τούτω
505 2415 548 2448 τιὸ
590 2417 684 2459 τέχνα
719 2418 867 2459 πορίζειν

236 2461 273 2500 (i.
287 2471 320 2502 q.
337 2459 419 2493 ὥστε
444 2463 610 2504 πορίζειν)
634 2466 705 2495 τοῖς
728 2459 866 2504 ἀνθρώ-

238 2515 317 2538 ποις
340 2507 443 2539 ταῦτα
467 2504 583 2547 πάντα,
609 2519 637 2540 κ.
664 2519 690 2542 τ.
714 2509 741 2540 2.
789 2507 866 2547 Quo

237 2561 308 2584 non
331 2555 512 2594 perspecto
527 2553 696 2593 Aetius,
709 2554 779 2587 alia.
797 2553 867 2586 loci

238 2598 514 2640 interpunctione
559 2598 669 2636 facta.
704 2597 740 2630 δὲ
787 2604 866 2641 post

241 2643 341 2676 ταῦτα
362 2643 507 2686 apodosi
538 2643 707 2677 inservire
731 2648 865 2683 ποι-ταις

936 1284 1043 1317 verba
1070 1287 1184 1315 autem
1194 1283 1375 1324 superiora
1387 1294 1394 1313 ε
1427 1282 1466 1314 αι’
1484 1284 1562 1314 πλα-

935 1330 1042 1362 στικαὶ
1071 1346 1116 1352 -
1140 1328 1194 1360 καὶ
1217 1326 1295 1360 ὅσαι
1318 1333 1382 1363 ete.
1413 1338 1477 1369 pro
1502 1338 1563 1360 no-

934 1374 1110 1408 minativis
1173 1375 1340 1406 absolutis
1399 1373 1564 1406 venditat.

934 1420 1088 1459 Quorum
1111 1420 1263 1451 omnium
1286 1419 1373 1451 nihil
1394 1429 1523 1451 verum.

978 1466 1018 1498 B.
1075 1463 1278 1496 πλούσιοι
1319 1463 1349 1496 δ’
1399 1460 1478 1496 οὐκ
1511 1462 1560 1495 ἅν

933 1522 957 1543 π
970 1508 1031 1543 ot'
1080 1509 1301 1552 ἐγένοντο]
1349 1519 1565 1551 nunquam

934 1567 1038 1589 vero
1085 1556 1228 1588 solent
1273 1555 1436 1586 divites
1479 1555 1562 1585 exi-

934 1606 1067 1641 stere,
1086 1601 1157 1642 qui
1182 1610 1288 1631 auro
1313 1605 1353 1631 et
1376 1604 1562 1640 argento

934 1650 1099 1684 carent,
1120 1646 1164 1677 id
1187 1645 1300 1686 quod
1323 1649 1423 1676 tune
1446 1645 1562 1676 inter

933 1692 1039 1724 illos
1075 1690 1258 1730 accidit,
1297 1701 1324 1722 s.
1361 1699 1448 1731 quae
1485 1690 1563 1730 ipsa

933 1738 1000 1769 fuit
1019 1737 1158 1769 illorum
1182 1735 1323 1767 fortuna
1342 1739 1377 1766 et
1390 1735 1562 1768 condicio.

934 1783 993 1814 Sic
1023 1792 1086 1814 nos
1116 1781 1201 1812 haec
1225 1781 1331 1812 verba
1355 1781 1563 1820 interpreta-

933 1837 1010 1860 mur
1020 1852 1029 1868 ‚
1061 1836 1149 1868 quae
1177 1826 1253 1858 aliis
1290 1827 1432 1857 multum
1467 1835 1562 1859 crea-

933 1877 1013 1905 runt
1048 1872 1193 1913 negotii.
1259 1870 1347 1903 Nam
1384 1870 1412 1902 F
1422 1871 1432 1901 i
1441 1871 1561 1904 cinus

935 1919 1072 1960 quidem
1093 1918 1176 1949 ista:
1204 1913 1222 1947 ὃ
1254 1914 1328 1948 τότε
1359 1915 1396 1947 ἐν
1420 1914 1563 1948 ἐκείνοις

935 1963 1056 2005 παρῆν,
1064 1963 1201 1994 silentio
1217 1962 1418 2001 transmisit,
1426 1962 1561 1994 eadem·

935 2019 1001 2051 que
1047 2018 1156 2050 nuper
1190 2008 1294 2039 etiam
1334 2006 1392 2038 V'e
1407 2007 1429 2038 d
1445 2016 1463 2038 e
1478 2017 1496 2038 r
1509 2017 1532 2038 u
1544 2016 1560 2039 s

935 2055 1068 2087 Histor.
1082 2053 1153 2084 Iur.
1171 2052 1303 2084 Philos.
1329 2061 1384 2093 ap.
1404 2051 1558 2084 Veteres.

933 2100 1045 2140 Lugd.
1070 2098 1146 2130 But.
1170 2098 1269 2132 1832.
1298 2097 1330 2131 8.
1347 2103 1382 2138 p:
1395 2097 1472 2130 222.
1501 2102 1561 2129 aut

934 2144 1126 2176 omittenda
1161 2148 1221 2175 aut
1255 2149 1334 2184 post
1363 2139 1560 2183 ἀνθρώπων

933 2189 1033 2232 γένος
1076 2188 1335 2230 transponenda
1380 2188 1558 2220 iudicavit.

934 2234 962 2268 C
973 2244 1077 2267 orna
1086 2235 1120 2266 ri
1130 2245 1151 2265 u
1160 2244 1176 2265 s
1214 2243 1319 2276 porro
1347 2238 1559 2274 quantopere

933 2290 970 2313 se
993 2280 1144 2319 torserit,
1169 2280 1271 2311 docet
1294 2279 1368 2310 eius
1391 2279 1558 2319 interpre-

931 2326 1035 2359 tatio=
1053 2325 1132 2365 „Ut
1149 2325 1221 2367 qui
1247 2335 1271 2356 n
1282 2333 1386 2366 eque
1410 2333 1558 2356 aurum

932 2382 953 2403 n
963 2380 981 2403 e
991 2381 1068 2412 que
1092 2380 1218 2411 argen
1228 2374 1311 2402 tum
1335 2369 1412 2402 hab
1423 2373 1557 2408 erent,

933 2416 1040 2458 quod
1069 2420 1171 2447 tunc
1201 2415 1413 2447 πάθωσι’*
1456 2413 1558 2452 Quae

933 2471 1035 2504 quam
1068 2462 1186 2502 inepta
1217 2461 1303 2501 sint,
1338 2461 1398 2491 vix
1433 2461 1557 2492 attinet

932 2507 1038 2539 verbo
1062 2507 1250 2539 monuisse.
1283 2505 1357 2538 Nec
1380 2514 1463 2536 vero
1486 2514 1556 2537 me-

931 2553 998 2584 lius
1022 2562 1094 2584 rem
1117 2551 1372 2585 administravit
1391 2550 1417 2582 Α
1427 2560 1443 2582 s
1453 2550 1537 2581 tius
1547 2574 1556 2589 ,

932 2598 989 2640 qui
1017 2602 1098 2630 ante
1130 2594 1150 2629 ὅ
1179 2596 1252 2628 τότε
1282 2615 1325 2620 —-
1353 2595 1463 2637 παρῆν
1485 2595 1561 2636 ple-1

930 2644 1008 2676 nius
1033 2643 1208 2683 distinxit,
1232 2646 1266 2675 et
1288 2644 1453 2674 commate
1476 2645 1555 2673 ante
