1612 2872
238 78 312 117 136
662 74 1112 118 ARGUMENTUM

232 188 283 231 Β.
311 186 398 241 (3.).
459 186 546 228 Sed
575 200 684 239 quae
716 185 823 226 ratio
854 184 1120 228 educationis
1150 185 1400 240 praescribit
1429 191 1557 239 atque

232 243 443 299 postulat,
475 256 525 282 ea
554 241 643 281 fere
672 240 717 280 in
745 239 841 294 ipsa
869 241 1087 282 hominum
1123 242 1212 282 vita
1242 241 1393 282 misere
1424 241 1559 281 newli-

233 304 406 354 guntur.
475 297 628 348 Itaque
667 293 726 335 dii
764 296 872 350 ipsi,
910 311 1047 352 genus
1076 296 1328 348 humanum,
1361 295 1416 336 ad
1445 296 1485 336 la
1518 312 1562 337 o-

233 368 301 394 res
332 358 375 392 et
411 352 605 391 miserias
645 357 816 404 natum,
858 353 1040 403 miserti,
1082 352 1330 393 mortalibus
1370 351 1562 392 laborum

234 406 568 448 intermissiones
597 407 934 460 constituerunt,
975 407 1180 448 solemnia
1209 407 1374 448 scilicet
1404 413 1446 448 et
1474 422 1564 447 mu-

235 470 311 503 tua
339 463 382 502 in
412 461 615 502 honorem
642 461 817 503 deorum
857 464 990 516 festa,
1031 470 1160 516 atque
1191 463 1364 510 Musas,
1396 462 1564 517 Apolli-

235 532 330 558 nem
362 525 649 572 musagetem,
693 524 736 558 et
765 518 983 559 Bacchum
1013 519 1215 560 festorum
1246 517 1461 572 praesides
1492 517 1565 557 de-

235 573 412 625 derunt,
452 587 633 626 quorum
672 588 753 628 ope
792 580 833 613 et
873 574 1030 615 auxilio
1060 573 1316 628 depravatos
1346 573 1446 614 item
1476 589 1564 613 mo-

233 643 300 670 res
338 628 603 683 corrigerent
640 635 682 668 et
731 628 1017 671 emendarent.
1085 628 1360 671 Ornaverunt
1408 629 1565 683 quippe

236 684 278 724 hi
315 683 376 724 dii
418 683 610 725 homines
641 683 885 726 harmoniae
917 692 960 726 et
988 686 1153 726 numeri
1182 699 1330 737 sensu,
1371 699 1456 738 quo
1495 699 1564 725 ca—

235 746 330 780 rent
361 739 550 793 reliquae
582 739 841 792 animantes,
873 748 1001 794 atque
1031 741 1307 782 instituerunt
1338 740 1490 780 choros
1522 746 1565 781 et

231 795 504 847 saltationes,
547 795 703 848 quibus
743 796 835 836 fieri
874 802 1019 850 potest
1057 804 1129 848 ut,
1179 795 1358 850 depulsa
1400 811 1563 836 morum

232 850 454 905 pravitate,
487 851 623 892 virtus
656 857 699 891 et
728 850 969 893 humanitas
1000 852 1210 893 excitetur
1240 858 1370 904 atquo
1400 852 1563 891 nutria-

231 915 324 958 tur,
355 912 403 945 ut
434 906 629 959 profecto
660 906 800 948 Musis
832 914 875 948 et
896 907 1088 961 Apollini
1119 908 1255 961 prima
1286 907 1485 948 educatio
1515 921 1565 947 ac

231 961 461 1015 disciplina
490 969 669 1015 accepta
700 962 907 1003 reseratur
937 963 998 1018 (p.
1020 965 1112 1004 653.
1147 963 1376 1011 D.—‹354.
1399 963 1488 1015 A.)
1512 986 1564 991 —

234 1017 389 1070 Itaque
419 1016 632 1058 hominem
664 1017 772 1059 bene
813 1018 1053 1059 institutum
1082 1024 1125 1059 et
1153 1017 1365 1059 eruditum
1396 1023 1567 1073 oportet

233 1072 440 1125 choreae,
479 1072 563 1113 hoc
606 1078 671 1114 est
709 1073 948 1115 saltationis
989 1080 1031 1114 et
1068 1083 1243 1126 cantus,
1283 1074 1432 1127 utique
1472 1087 1565 1114 esse

232 1143 413 1183 gnarum
449 1133 492 1168 et
529 1128 712 1183 peritum
747 1129 809 1183 (p.
843 1131 936 1171 654.
970 1132 1023 1172 Α.
1054 1129 1138 1183 Β.)
1208 1128 1460 1170 Cavendum
1490 1144 1564 1169 au-

231 1191 316 1224 tem
346 1198 607 1238 magnopere
633 1190 712 1237 est,
744 1199 797 1225 ne
828 1185 962 1226 belle
993 1191 1036 1226 et
1067 1191 1302 1226 venuste
1332 1199 1484 1226 canere
1513 1199 1563 1226 ac

231 1239 385 1280 saltare
425 1238 537 1279 idem
579 1254 672 1280 esse
711 1250 908 1294 putemus
949 1240 1067 1294 quod
1107 1240 1298 1295 pulcre
1339 1246 1380 1281 et
1409 1240 1562 1281 bene.

235 1294 435 1335 Pulcrum
474 1294 586 1335 enim
625 1295 668 1335 in
705 1295 932 1338 saltatione
971 1303 1013 1337 et
1050 1303 1180 1338 cantu
1220 1296 1323 1336 nihil
1354 1302 1419 1337 est
1449 1295 1566 1336 aliud

231 1350 314 1392 nisi
344 1349 412 1402 id,
455 1349 570 1403 quod
602 1351 730 1391 animi
762 1352 1007 1407 corporisve
1039 1353 1241 1393 virtutem
1276 1352 1461 1405 aliquam
1493 1367 1565 1393 ex-

230 1405 377 1461 primit
406 1411 448 1446 et
476 1412 796 1459 repraesentat;
825 1416 950 1463 turpe
981 1414 1121 1449 autem
1152 1407 1220 1459 id,
1263 1407 1380 1461 quod
1424 1407 1565 1460 pravi-

231 1467 363 1502 tatem
394 1461 588 1514 corporis
618 1462 687 1503 vel
717 1462 847 1504 animi
876 1464 1004 1504 refert
1025 1466 1085 1518 (p.
1111 1465 1205 1505 654.
1227 1462 1455 1504 B.-655.
1478 1463 1564 1516 B.).

234 1518 302 1558 De
334 1531 420 1571 qua
446 1531 491 1557 re
524 1520 640 1570 quod
670 1517 890 1559 hominum
919 1520 1143 1573 opiniones
1173 1518 1351 1559 multum
1381 1519 1492 1559 inter
1521 1533 1566 1559 se

233 1572 507 1626 discrepant,
558 1573 647 1614 eius
689 1573 751 1614 rei
792 1588 946 1615 caussa
983 1590 1070 1615 non
1108 1575 1149 1614 in
1191 1574 1285 1627 ipso
1326 1574 1472 1629 pulcro
1516 1588 1566 1614 ac

232 1627 348 1682 turpi
389 1627 474 1668 sita
514 1633 601 1679 est,
643 1627 721 1668 sed
751 1629 895 1682 potius
924 1630 968 1670 in
999 1645 1049 1670 eo
1079 1629 1292 1682 cernitur,
1333 1629 1451 1682 quod
1489 1629 1566 1669 ho-

233 1683 388 1733 mines,
419 1682 596 1723 confuso
628 1682 729 1723 boni
760 1690 803 1724 et
832 1684 1010 1726 iucundi
1040 1685 1306 1736 discrimine,
1339 1685 1461 1726 facile
1493 1684 1566 1724 de-

232 1738 447 1779 lectantur
484 1738 558 1790 iis,
598 1752 707 1791 quae
747 1739 854 1793 ipsis
891 1740 1002 1781 mala
1043 1739 1353 1782 consuetudine
1394 1740 1567 1796 propria

233 1794 486 1845 extiterunt,
527 1799 603 1833 aut
643 1793 698 1833 ad
728 1808 836 1847 quae
865 1802 1042 1836 naturae
1075 1811 1178 1837 suae
1210 1794 1395 1849 quadam
1425 1796 1565 1850 pravi-

232 1856 322 1889 tate
358 1848 426 1889 vel
464 1848 587 1889 inviti
625 1849 821 1890 feruntur
863 1851 924 1906 (p.
956 1852 1048 1894 655.
1079 1852 1130 1892 B.
1162 1876 1215 1881 —-
1246 1853 1341 1892 656.
1373 1852 1462 1905 R).
1510 1874 1563 1882 —

232 1904 332 1945 Hoc
370 1904 508 1958 ipsum
548 1910 690 1945 autem
730 1906 931 1958 quoniam
963 1906 1176 1948 honestati
1207 1907 1331 1948 valde
1360 1913 1426 1948 est
1451 1907 1564 1960 peri-

234 1959 613 2009 oulosum‚'faoile
645 1967 844 2015 apparet,
883 1961 1064 2003 choreae
1104 1961 1389 2003 instituendae
1434 1962 1564 2002 licen-

233 2015 336 2055 tiam
368 2015 411 2055 in
443 2014 691 2056 civitatibus
723 2016 831 2058 bene
870 2018 1045 2059 moratis
1089 2034 1175 2059 non
1205 2033 1297 2059 esse
1325 2017 1431 2071 ipsis
1462 2017 1564 2057 arti-

232 2070 387 2111 ficibus
421 2070 770 2124 permittendam,
810 2071 886 2114 sed
916 2073 1193 2114 coercendam
1225 2073 1368 2127 potius
1398 2072 1566 2127 legibus

233 2125 440 2180 publicis,
502 2126 628 2166 sicuti
686 2127 904 2180 praeclaro
963 2128 1140 2170 consilio
1197 2129 1358 2169 factum
1406 2135 1473 2169 est
1521 2128 1565 2168 in

235 2182 456 2236 Aegypto,
487 2181 561 2221 ubi
591 2182 745 2235 poetis,
776 2183 970 2236 musicis,
1001 2184 1250 2238 pictoribus,
1283 2183 1392 2236 aliis,
1424 2189 1566 2224 certae

234 2236 353 2290 leges
384 2235 569 2289 scriptae
606 2243 733 2290 sunt,
777 2253 802 2278 a
833 2239 987 2293 quibus
1018 2238 1215 2280 recedere
1245 2240 1365 2280 netas
1392 2245 1565 2293 putatur

235 2292 297 2345 (p.
329 2292 423 2330 656.
454 2291 504 2333 B.
530 2315 586 2321 --
615 2293 710 2334 657.
742 2293 824 2343 B.).
855 2319 909 2324 -—
966 2294 1058 2335 Iam
1087 2309 1189 2335 vero
1219 2295 1373 2348 aliquis
1394 2294 1564 2346 dixerit,

235 2346 422 2388 musicae
463 2352 505 2385 et
541 2346 757 2388 saltationi
793 2349 899 2390 nihil
937 2350 1020 2391 nisi
1049 2350 1313 2405 voluptatem
1343 2356 1385 2390 et
1413 2350 1564 2390 iucun-

234 2400 380 2441 ditatis
410 2400 739 2443 oblectationem
777 2418 871 2445 esse
915 2404 1191 2459 propositam.
1250 2408 1312 2446 At
1333 2404 1563 2446 enimvero

229 2457 311 2498 etsi
351 2455 448 2496 illae
488 2462 601 2497 artes
642 2457 871 2511 plurimum
913 2459 1214 2502 oblectationis
1257 2466 1386 2514 atque
1418 2458 1563 2513 gaudii

229 2510 434 2563 afferunt,
477 2516 526 2572 ut
566 2510 618 2552 iis
658 2518 702 2553 et
740 2515 863 2567 pueri
905 2521 948 2556 et
983 2529 1108 2557 senes
1139 2521 1345 2571 perpetuo
1375 2514 1562 2556 delenia-

219 2581 336 2619 mur,
366 2572 511 2607 tamen
541 2579 590 2606 ea
622 2565 674 2607 de
705 2583 751 2608 re
782 2570 949 2612 cautius
980 2578 1044 2611 est
1065 2569 1403 2623 existimandum.
1448 2569 1561 2611 Nam

1351 2664 1367 2681 δ
