1612 2872
1357 86 1409 126 95

271 96 359 140 DE
391 90 670 139 LEGIBUS
701 90 821 134 LIB.
854 87 890 130 I.
922 86 972 131 P.
1006 89 1101 131 641.
1134 84 1201 130 St.
1243 119 1246 122 .

162 218 266 260 ΚΛ.
324 211 473 270 ’Έχοις
515 209 576 255 ἂν
620 203 702 255 οὖν
746 207 797 254 τὸ
840 206 951 265 μετὰ
999 206 1116 252 τοῦτ’
1157 208 1316 256 εἰπεῖν,
1352 202 1412 254 ὡς

0 299 2 341 J
53 288 143 330 ἔστι
174 281 225 328 τὸ
261 282 344 326 νῦν
378 284 607 338 εὶρημένον
643 277 844 331 ἀληθέςς

155 352 256 394 ΑΘ.
331 350 392 391 Τὸ
437 351 519 402 μὲν
572 346 768 399 ἀληθές,
812 339 844 387 ὦ
890 344 1001 397 ξένε,
1049 340 1412 398 διισχυρίζεσθαι,

0 413 1 438 ³
52 421 198 464 ταῦτα
246 414 388 466 οὕτως
425 419 558 471 ἔχειν,
592 415 772 458 πολλῶν
807 411 1232 471 ἀμᾳιςβητούντων,
1268 408 1410 451 θεοῦ·

53 491 89 531 εὶ
123 485 163 529 δ’
206 483 295 545 ὅπη
340 486 437 539 ἐμοι
483 485 692 542 φαίνεται
735 483 799 524 δεῖ
836 483 997 533 λέγειν,
1033 479 1177 529 οὐδεὶς
1212 473 1414 555 φθόνος.

52 557 226 608 ἐπείπερ
271 548 536 606 ὡρμήκαμέν
580 566 628 604 ,ε
673 546 778 599 τοὺς
823 547 985 602 λόγους
1022 550 1118 602 περὶ
1155 546 1305 600 νόμων
1338 544 1413 586 καὶ

51 624 275 670 πολιτείας
309 619 545 660 ποιεῖσθαι
581 614 635 659 τὰ
674 618 769 659 νῦν.

155 689 257 731 ΚΛ.
334 682 461 728 Τοῦτ’
491 681 604 727 αὐτὸ
642 681 695 736 δὴ
733 679 1010 738 πειρωμεθα,
1031 697 1080 723 το
1118 681 1190 722 σοὶ
1229 679 1412 732 δοκοῦν,

52 758 148 811 περὶ
183 756 273 798 τῶν
305 754 388 796 νῦν
422 751 850 811 άμᾳιςβητουμένων
883 749 1188 804 καταμαθεῖν.

151 823 250 868 ΛΘ.
315 818 448 862 Ἀλλὰ
490 817 575 875 χρὴ
620 826 763 862 ποιεῖν
809 814 973 868 οὕτως,
1008 815 1127 870 ὑιιᾶς
1172 830 1218 858 τε
1254 815 1325 856 ἐπὶ
1362 809 1412 856 τὸ

51 891 221 947 μαθεῖν
255 890 328 931 καὶ
362 890 433 943 ἐμὲ
470 890 537 929 ἐπὶ
575 884 625 929 τὸ
673 887 866 938 δηλῶσαι
903 884 1173 940 πειρώμενον
1220 879 1370 936 ἁμως)
1374 885 1412 924 ἑ·

52 975 142 1008 πως
185 957 405 1009 ξυντεῖναι
446 953 524 997 τὸν
570 952 720 1007 λόγον.
763 954 944 1008 πρῶτον
989 953 1032 994 δέ
1065 966 1152 1006 μου
1188 948 1413 993 ἀκούσατε

51 1023 102 1068 τὸ
138 1023 336 1068 τοιόνδε.
376 1019 459 1074 τὴν
495 1019 628 1064 πόλιν
672 1020 870 1071 ἅπαντες
907 1018 1031 1074 ἡμῶν
1056 1017 1263 1069 ’Έλληνες
1299 1014 1414 1060 ὑπο·

50 1091 360 1150 λαμβάνουσιν
408 1086 466 1139 ὡς
511 1088 754 1148 φιλόλογός
803 1093 846 1130 τέ
903 1092 990 1130 ἐστι
1037 1089 1111 1128 καὶ
1153 1084 1413 1138 πολύλογος,

143 1234 187 1266 Ε.
236 1230 290 1264 ὥς
317 1228 560 1273 φιλόλογός
584 1231 624 1263 τέ
647 1229 738 1263 ἐστι
765 1230 831 1262 καὶ
857 1227 1132 1272 πολύλογος]
1161 1225 1350 1270 φιλόλογος
1380 1231 1417 1259 et

53 1278 250 1322 πολύλογος
273 1282 426 1311 retracto
453 1281 600 1310 accentu
627 1280 665 1310 A.
693 1277 731 1312 Ξ.
765 1274 803 1309 Ω.
829 1288 863 1309 v.
889 1277 914 1308 f.
941 1276 976 1308 h.
1000 1286 1029 1308 r.
1055 1287 1084 1308 z.
1123 1272 1210 1307 Dein
1237 1278 1277 1307 A.
1301 1277 1336 1306 et
1359 1284 1414 1315 pr.

58 1326 96 1360 Ω.
137 1328 243 1359 etiam
282 1322 510 1366 βραχύλογον
573 1324 795 1366 Receperunt
842 1324 1069 1355 Turicenses.
1114 1321 1263 1355 Stobaei
1309 1321 1414 1352 codd.

52 1374 199 1406 Floreil.
219 1373 262 1404 T.
281 1371 439 1403 XXXV.
466 1371 521 1404 11.
547 1371 630 1404 Vol.
644 1371 694 1403 II.
717 1382 750 1413 p.
775 1370 834 1404 40.
859 1371 901 1402 ed
919 1368 1032 1402 Gaisf.
1047 1370 1147 1411 Lips.
1173 1370 1257 1400 item
1280 1367 1416 1400 habent

53 1418 242 1461 φιλόλογος
255 1422 290 1451 et
305 1415 512 1459 πολύλογος.
540 1417 731 1460 Perperam
760 1417 822 1449 alii
840 1415 1030 1458 φιλολόγος
1049 1421 1084 1449 et
1105 1413 1313 1458 πολυλόγος,
1330 1415 1414 1446 item

22 1498 25 1500 .
51 1463 283 1510 βραχυλόγον.

51 1595 125 1630 est,
156 1589 219 1623 sed
248 1589 287 1621 in
322 1598 447 1621 caussa
482 1588 588 1630 plane
626 1588 698 1619 alia

51 1637 269 1678 multumque
306 1635 470 1675 diversa,
510 1634 696 1667 Phaedon.

51 1693 86 1726 p.
110 1682 166 1718 63.
193 1681 240 1714 C:
266 1681 321 1712 καὶ
347 1681 451 1713 τοῦτο
477 1680 538 1721 μὲν
563 1676 629 1713 min
654 1691 698 1711 αν

53 1726 144 1761 πάνυ
176 1726 467 1770 διίσχυρισαίμην·
496 1725 548 1760 ὅτι
581 1726 696 1767 μέντοι

52 1773 147 1818 παρὰ
169 1771 283 1806 θεοὺς
307 1771 479 1806 δεσπότας
503 1772 595 1806 πάνυ
614 1769 696 1816 ἀγα-

51 1821 149 1854 θοὺς
181 1818 293 1863 ἥξειν,
318 1816 359 1851 εὖ
391 1820 480 1858 ωιε,
506 1817 576 1858 ὅτι,
602 1820 697 1862 εἴπερ

52 1880 81 1900 ιι
113 1865 192 1900 ἄλλο
209 1866 294 1921 *miv
323 1863 503 1904 τοιούτων,
535 1865 697 1907 διε-σκυρι

54 1916 178 1956 σαίμην
202 1909 246 1944 ἂν
270 1911 324 1943 καὶ
341 1912 458 1944 τοῦτο.
485 1911 591 1950 Quod
604 1912 698 1943 θεοῦ

54 1961 182 1993 dicitur
209 1959 340 1991 omisso
366 1956 468 1995 ἐστίν,
487 1968 564 1990 eam
588 1959 699 1990 ratio-

52 2018 132 2039 netn
165 2005 339 2047 loquendi
372 2005 417 2036 ad
449 2004 549 2037 Libr.
581 2005 630 2036 X.
663 2014 698 2045 p.

52 2053 133 2088 909.
176 2053 219 2084 Ε.
257 2051 427 2092 exemplis
471 2050 700 2083 firmabimus.

52 2118 98 2123 ——
123 2098 325 2131 Formulam
341 2097 529 2138 loquendi:
548 2108 567 2127 ο
581 2093 672 2128 ύδεὶ
685 2105 702 2128 s

55 2143 254 2186 φθόνος,
273 2144 496 2176 illustrarunt
513 2144 626 2185 intpp.
655 2144 701 2175 ad

55 2191 238 2224 Phaedon.
273 2201 309 2232 p.
347 2190 412 2224 (ss.-
449 2189 492 2224 D.
530 2208 574 2213 ——
611 2189 701 2221 Mox

56 2235 162 2270 τοὺς
188 2234 351 2278 λόγους
369 2235 700 2278 ποιεῖοθαιςιιοᾶ

55 2284 159 2322 dicit,
182 2283 303 2315 addito
337 2282 505 2324 articulo,
530 2282 700 2323 intelligit

56 2340 118 2363 eos
141 2338 335 2369 semones,
353 2338 440 2370 quos
465 2339 558 2361 nune
583 2329 699 2370 ipsum

55 2377 294 2409 instituerunt.

109 2417 233 2455 Τοῦτ’
267 2415 372 2452 αὐτὸ
409 2417 460 2462 δὴ
497 2430 697 2465 πειρωμε-

57 2467 117 2500 θα
140 2466 204 2510 -]
240 2466 455 2499 Referuutur
477 2462 565 2500 haee
591 2467 700 2499 verba

58 2515 104 2547 ad
142 2514 327 2555 superiora
369 2513 449 2545 illa:
485 2512 520 2545 εἰ
555 2508 585 2545 δ’
631 2510 699 2554 ὅπῃ

59 2559 153 2600 ἐμοὶ
187 2570 224 2601 φ.
258 2558 287 2591 δ.
322 2558 362 2595 λ..
396 2554 511 2592 ούδεὶε
542 2557 697 2600 φθόνος.

59 2605 234 2645 Quocirca
249 2604 386 2638 Cliniae
402 2605 470 2637 hoe
492 2605 592 2638 dicit:
609 2606 700 2638 Hoc

58 2653 196 2695 ipsum
223 2653 310 2685 iam
335 2661 539 2685 conemur
568 2653 699 2695 plane

61 2707 350 2741 cognoscere,
390 2697 458 2731 hoc
495 2703 550 2731 est
595 2699 699 2738 illud,

767 1587 878 1628 quod
904 1587 996 1619 >tibi
1031 1587 1232 1625 videtur,
1267 1595 1295 1618 s.
1320 1588 1418 1617 tuam

766 1635 989 1668 sententiam.
1021 1633 1114 1666 Nam
1138 1630 1176 1664 τὸ
1203 1631 1259 1663 σοὶ
1283 1629 1417 1662 δοκοῦν

765 1680 870 1712 facile
914 1684 1063 1722 apparet
1105 1678 1414 1720 interpretationis

765 1727 883 1768 gratia
922 1737 1000 1759 esse
1039 1726 1302 1768 interpositum.
1357 1724 1414 1756 De

766 1771 803 1805 τὸ
837 1771 970 1805 δοκοῦν
1007 1773 1108 1814 vide,
1149 1773 1180 1804 si
1220 1771 1311 1804 tanti
1349 1775 1414 1811 est,

769 1819 1037 1861 Bernhardy
1063 1819 1164 1861 Syut.
1192 1816 1254 1850 Gr.
1278 1828 1313 1859 p.
1331 1817 1414 1854 327.

812 1866 856 1898 E.
883 1862 991 1906 ὑμᾶς
1016 1877 1063 1897 τε
1088 1864 1157 1898 ἐπὶ
1184 1862 1228 1896 τὰ
1253 1863 1416 1903 μαθεῖν

766 1911 1040 1952 -ξυνιεῖναι
1063 1909 1134 1944 τὸν
1161 1908 1305 1952 λόγον]
1319 1910 1417 1943 Haec

765 1966 830 1998 per
855 1968 1002 2000 zeugma
1031 1958 1209 2000 quoddam
1235 1956 1416 1998 explican-

768 2003 813 2035 da
838 2005 1015 2036 videntur.
1057 2004 1150 2036 Nam
1175 2013 1220 2035 ex
1245 2001 1418 2043 ξυντεῖναι

768 2046 830 2080 τὸν
873 2048 997 2092 λόγον,
1037 2051 1133 2092 quod
1171 2049 1416 2082 tantummodo

768 2095 893 2127 referri
918 2101 1037 2138 potest
1062 2097 1108 2128 ad
1134 2096 1188 2127 καὶ
1218 2094 1274 2135 ἐμὲ
1297 2093 1352 2126 ἐπὶ
1378 2093 1416 2127 τὸ

771 2140 939 2184 δηλῶσαι,
977 2144 1022 2175 ad
1062 2144 1249 2184 superiora
1286 2142 1417 2174 intelli-

770 2189 921 2229 gendum
931 2190 1144 2231 relinquitur
1151 2185 1340 2231 ἀναφέρειν
1355 2185 1418 2220 τὸν

770 2232 878 2276 λόγον
921 2234 1156 2279 πειρωμένους
1195 2239 1256 2268 aut
1298 2235 1416 2267 simile

770 2282 948 2322 quiddam.
996 2283 1049 2315 De
1075 2283 1266 2324 participio
1293 2280 1416 2323 πειρώ-

767 2338 872 2367 μενον
898 2339 931 2361 v.
950 2329 1170 2361 Matthiae
1194 2328 1257 2361 Gr.
1284 2328 1315 2370 ξ.
1331 2328 1414 2363 555.

767 2384 850 2406 ann.
887 2374 920 2408 2.
966 2375 1273 2417 Bernhardy
1318 2376 1343 2408 l.
1384 2385 1414 2407 c.

768 2430 802 2462 p.
828 2420 910 2455 463.

815 2464 892 2509 τὴν
924 2465 1050 2499 πόλιν
1078 2464 1267 2499 ἅπαντες
1298 2462 1416 2508 ἡμῶν

769 2512 838 2554 ——]
872 2513 909 2546 ln
940 2514 1066 2556 vulgus
1097 2518 1183 2546 nota
1221 2517 1275 2544 est
1305 2511 1414 2554 Spar-

771 2562 935 2591 tanorum
967 2565 1002 2592 et
1041 2559 1265 2593 Cretensium
1306 2563 1415 2603 atque

769 2607 911 2639 omnino
922 2606 1135 2640 Doricarum
1152 2606 1311 2648 gentium
1335 2606 1413 2637 bre-

770 2652 1010 2695 viloquentia,
1035 2654 1079 2686 de
1111 2663 1181 2695 qua
1206 2656 1331 2684 nostra
1355 2661 1412 2683 ae-

770 2702 840 2731 tate
870 2700 1026 2732 omnium
1053 2700 1184 2741 optime
1216 2697 1412 2739 disputavit
