1612 2872
233 90 388 133 LVIII
656 86 1134 133 PROLEGOMENA

232 208 448 252 tortuosa,
481 205 528 240 u't
547 196 767 252 'quomodo
798 197 941 239 omnia
970 197 1080 238 inter
1107 196 1202 252 ipsa
1230 196 1485 240 cohaereant
1513 204 1555 238 et

234 256 291 298 ad
333 255 619 309 simplicitatis
650 253 858 294 rationem
887 258 1169 307 attemperata
1193 252 1294 305 sint,
1327 253 1400 305 qui
1428 252 1554 308 plane

233 311 569 362 demonstraret,
610 307 799 350 nondum
844 308 1072 361 quisquam
1110 308 1307 354 inventus
1344 308 1411 351 sit.
1470 309 1554 348 Ar-

231 366 497 423 gumentatio
538 379 664 419 porro
704 370 748 404 et
775 378 913 404 rerum
943 363 1172 418 explicatio
1204 369 1320 404 caret
1347 364 1435 404 fere
1466 362 1554 404 dia-

233 423 388 464 lectica
417 421 490 462 illa
519 419 778 472 subtilitate,
824 434 934 473 quae
965 420 1008 460 in
1040 419 1135 460 aliis
1168 419 1362 460 Platonis
1395 434 1555 460 sermo-

232 479 360 521 nibus
391 476 618 531 reperitur,
649 490 735 529 qua
763 475 936 529 quidem
965 475 1026 516 ita
1055 475 1120 527 fit,
1150 482 1198 516 ut
1226 489 1294 516 res
1323 474 1368 514 in
1388 474 1555 529 discep-

231 534 439 575 tationem
476 538 656 573 vocatae
693 530 738 572 iu
776 531 915 572 varias
966 537 1191 573 versentur
1236 536 1381 585 partes
1429 541 1556 583 atque

231 590 270 630 le
304 588 466 629 entium
503 587 633 629 animi
670 592 760 628 arte
798 586 924 641 plane
961 585 1106 628 divina
1149 592 1278 639 atque
1315 585 1557 627 inimitabili

234 604 302 685 a}
317 659 465 685 verum
495 641 784 696 quaerendum
826 649 869 684 et
897 641 1203 684 inveniendum
1224 641 1463 683 excitentur
1492 647 1555 682 at-

232 714 318 754 que
356 711 622 743 moveantur.
689 698 783 739 Imo
819 698 1024 753 pleraque
1054 698 1196 739 omnia
1223 712 1310 738 non
1341 703 1430 739 tam
1457 697 1559 738 sub-

231 755 298 798 tili
335 754 625 810 disputatione
653 753 933 807 exquiruntur
977 759 1019 795 et
1056 753 1391 808 investigantur,
1429 766 1558 806 quam

230 810 371 853 veluti
399 811 484 853 iam
504 811 687 855 ,inventa
714 809 944 851 traduntur
973 815 1101 863 atque
1131 814 1443 862 proponuntur,
1473 814 1559 853 est-

233 881 319 921 que
349 867 477 908 etiam
497 866 701 919 frequens
729 864 960 908 admodum
979 864 1188 920 digressio
1218 863 1273 905 ad
1301 864 1421 906 locos
1440 878 1556 906 com-

233 937 384 964 munes
429 928 474 963 et
514 921 730 962 rhetorica
768 920 1046 972 declamatio,
1098 935 1207 974 quae
1247 934 1273 960 a
1310 919 1557 974 disputandi

233 978 473 1020 subtilitate
520 977 698 1019 multum
746 976 959 1019 abhorret.
1043 976 1271 1017 Praeterea
1323 974 1557 1030 disputatio

232 1033 427 1089 plurimis
468 1033 575 1074 locis
605 1038 671 1074 est
699 1030 921 1075 difficilior
953 1037 997 1074 et
1025 1046 1101 1086 per
1130 1031 1281 1086 longas
1312 1030 1442 1072 ducta
1470 1046 1558 1072 am-

231 1090 386 1146 bages-3
427 1103 538 1143 quae
567 1102 634 1129 res
666 1102 797 1142 quum
825 1088 1021 1142 iamper
1050 1102 1098 1129 se
1125 1087 1231 1130 mira
1261 1086 1453 1128 accidere
1483 1085 1557 1127 de-

232 1145 334 1188 beat
360 1145 430 1197 iis,
462 1144 537 1198 qui
566 1143 809 1199 elegantiae
839 1143 1089 1186 Platonicae
1117 1157 1290 1184 sensum
1318 1147 1555 1195 traxerunt,

230 1208 326 1243 tum
350 1201 479 1242 etiam
508 1199 607 1242 ideo
637 1213 817 1255 magnae
848 1198 1074 1241 offensioni
1104 1204 1193 1251 est,
1227 1197 1326 1252 quia
1356 1197 1558 1252 saepissi-

231 1271 301 1298 me
339 1255 439 1297 inde
478 1254 533 1297 ad
570 1255 656 1297 vim
699 1255 970 1309 probationis
998 1268 1050 1296 ac
1078 1253 1453 1298 demonstrationis
1483 1268 1558 1308 pa-

230 1327 326 1354 rum
365 1320 441 1353 aut
478 1311 586 1354 nihil
625 1311 861 1366 proficitur.
929 1309 1159 1352 Accedunt
1198 1308 1252 1350 ad
1294 1309 1401 1351 haec
1429 1309 1559 1350 etiam

233 1368 338 1421 alia,
370 1383 481 1422 quae
510 1367 708 1408 universo
750 1366 936 1409 sermoni
965 1366 1216 1407 inusitatum
1246 1364 1456 1419 quendam
1487 1379 1559 1406 co-

231 1423 365 1465 lorem
401 1423 636 1475 inducunt,
670 1422 840 1476 qualem
884 1422 928 1463 in
965 1421 1082 1463 nullo
1113 1421 1197 1462 alio
1226 1420 1419 1462 Platonis
1448 1420 1557 1461 libro

231 1479 359 1521 facile
398 1479 601 1534 reperias.
669 1477 889 1530 Quorsum
937 1477 1126 1533 pertinet
1171 1482 1270 1518 ante
1313 1476 1455 1517 omnia
1482 1491 1557 1517 au-

231 1535 403 1577 steritas
443 1533 655 1588 quaedam
696 1548 746 1576 ac
785 1547 953 1576 morosa
982 1533 1158 1575 tristitia
1207 1532 1556 1586 colloquentium,

234 1606 345 1645 quae
383 1591 435 1632 ab
489 1590 705 1631 hilaritate
744 1589 820 1631 illa
857 1588 1062 1642 suavique
1103 1588 1332 1640 facilitate,
1374 1587 1558 1641 quaein

232 1647 327 1688 aliis
353 1646 548 1687 Platonis
578 1646 844 1688 sermonibus
874 1651 1042 1700 regnat,
1076 1643 1303 1699 plurimum
1327 1643 1556 1698 discrepat.

232 1701 426 1743 Pertinet
465 1701 550 1743 huc
586 1702 687 1742 item
732 1700 937 1743 severitas
975 1706 1020 1742 et
1056 1699 1243 1755 gravitas
1282 1697 1492 1752 quaedam
1533 1713 1559 1738 a

233 1758 454 1813 religionis
494 1772 545 1798 ac
587 1757 759 1811 pietatis
802 1755 1168 1798 commendatione
1198 1755 1415 1810 profecta,
1448 1768 1556 1807 quae

235 1828 367 1868 quum
395 1828 472 1868 per
501 1827 670 1854 omnem
700 1813 788 1853 fere
819 1826 1059 1854 sermonem
1087 1810 1244 1852 diflusa
1272 1810 1340 1862 sit,
1372 1817 1463 1851 tum
1491 1810 1556 1850 in-

233 1869 381 1925 primis
410 1869 462 1911 iis
491 1869 537 1909 in
565 1868 671 1910 locis
700 1868 915 1920 cernitur,
947 1867 1021 1910 ubi
1051 1866 1267 1908 orationes
1297 1865 1560 1907 intertexun-

230 1931 318 1978 tur,
351 1925 507 1979 quibus
535 1924 650 1966 cives
690 1923 744 1964 ad
773 1923 1026 1977 obsequium
1055 1922 1223 1978 legibus
1252 1920 1557 1976 praestandum

231 1981 488 2023 excitantur.
556 1980 756 2033 Denique
787 1979 915 2021 etiam
954 1978 1091 2020 oratio
1131 1983 1259 2031 atque
1289 1991 1424 2032 genus
1453 1977 1558 2017 scri-

232 2037 392 2091 ptionis
423 2052 510 2078 non
546 2050 686 2091 pauca
714 2035 867 2088 habet,
909 2049 1049 2089 quae,
1089 2033 1260 2075 tametsi
1296 2032 1348 2074 ab
1392 2032 1561 2075 Atticae

233 2092 407 2147 linguae
435 2107 518 2134 usu
548 2107 633 2133 non
663 2090 916 2143 abhorrent,
946 2096 1089 2132 tamen
1118 2104 1235 2141 eum,
1267 2087 1341 2141 qui
1371 2088 1424 2129 ab
1454 2087 1558 2133 alio-

236 2162 330 2188 rum
348 2147 605 2202 scriptorum
635 2147 955 2189 Platonicorum
983 2145 1166 2187 lectione
1204 2158 1354 2185 recens
1384 2143 1454 2196 sit,
1474 2158 1558 2184 vve·-

234 2202 456 2244 hementer
513 2202 735 2245 offendant
779 2216 954 2244 necesse
999 2201 1066 2243 sit.
1134 2199 1247 2242 Nam
1285 2198 1559 2253 periodorum

234 2263 453 2311 structura
490 2258 669 2300 'infinitis
714 2259 803 2300 fere
839 2257 946 2299 locis
990 2255 1226 2298 tortuosior
1263 2261 1330 2296 est
1367 2269 1417 2296 ac
1462 2268 1559 2311 pers

236 2313 426 2369 plexior,
454 2318 514 2355 'ut
549 2314 621 2355 vix
658 2313 811 2369 pedem
839 2313 1028 2368 proferre
1055 2311 1220 2367 possis,
1252 2310 1356 2364 quin
1385 2316 1427 2351 te
1457 2322 1555 2364 pro-

235 2376 361 2411 tenus
389 2369 525 2411 omnis
565 2370 734 2424 generis
767 2368 1092 2411 difficultatibus
1121 2373 1324 2420 tanquam
1353 2366 1556 2420 vepribus

238 2431 367 2479 atque
407 2425 542 2479 spinis
584 2424 836 2479 impeditum
865 2424 1048 2473 sentias3
1098 2423 1326 2463 verborum
1366 2421 1554 2462 insolen-

236 2481 344 2522 tium
361 2495 466 2522 usus
496 2480 686 2521 crebrior
708 2486 751 2521 et
780 2480 1042 2534 frequentior
1066 2493 1193 2532 quam
1224 2492 1404 2530 usquam
1433 2477 1552 2525 alibi;

237 2537 390 2591 ingens
433 2536 498 2579 vis
544 2541 673 2590 atque
722 2536 847 2590 copia
892 2532 1266 2586 anacoluthorum5
1305 2532 1471 2586 qualem
1511 2532 1556 2572 in

238 2592 356 2636 nullo
398 2591 482 2633 alio
520 2591 631 2635 libro
670 2590 862 2633 Platonis
912 2588 1311 2637 animadvertimus3
1358 2587 1555 2634 insolitae
