1612 2872
209 95 261 134 40
700 94 1064 138 PLATONIS

207 209 352 252 αὐτων
387 212 561 261 λὲῑομεν
596 208 773 261 ἀνδρῶν
809 206 830 258 ἢ
865 207 953 262 μή,
1004 210 1264 265 βουλόμεθα
1297 215 1450 270 σαφῶς
1482 219 1536 256 εὶ-

209 278 338 316 devm.
389 277 479 326 λὲ>ε
515 267 595 315 οὖν
630 271 754 327 ἡμῖν,
789 267 877 327 ἆρα
915 274 1006 326 εἴδη
1042 275 1118 318 δύο
1153 281 1355 331 πολέμου,
1389 280 1536 322 καθοί-

209 357 286 395 περ
325 337 461 393 ἡμεῖς,
498 337 590 390 ἡγεῖ
623 355 695 380 και
730 338 782 380 σὺ
819 342 994 397 σαφῶςς
1029 339 1054 393 ἢ
1093 344 1206 392 πῶς’,
1246 344 1365 399 Πρὸς
1402 344 1534 393 ταῦτ,

211 405 343 458 οἶμαι,
376 402 458 446 κᾶν
489 401 601 446 πολὺ
637 403 909 461 φαυλότερος
945 407 1054 449 εἴποι
1095 407 1315 464 Τυρταίου
1354 426 1418 459 τις
1460 410 1535 452 τά·

210 473 357 522 ληθές,
393 466 462 512 ὅτι
498 469 599 520 δύο,
646 468 695 513 τὸ
730 472 808 524 μὲν
843 468 866 514 ὃ
904 474 1118 526 καλοῦμεν
1161 473 1353 525 ἅπαντες
1397 474 1537 525 ςοὶσιν,

211 535 260 585 ὃς
306 535 357 586 δὴ
403 533 582 578 πάντων
633 539 831 588 πολέμων
874 538 1205 592 χαλεπώτατος,
1265 539 1322 590 ὡς
1371 546 1535 599 ἔφαμεν

210 600 330 654 ἡμεῖς
366 604 444 643 νῦν
482 602 558 652 δή·
603 600 652 644 τὸ
690 604 732 644 δὲ
768 602 876 645 ἄλλο
914 607 1103 657 πολέμου
1141 607 1362 659 θήσομεν,
1400 607 1535 661 οἶμαι,

211 672 331 719 γένος
364 665 578 718 ἅπαντες,
621 661 654 722 ᾧ
689 666 798 723 πρὸς
842 670 944 719 τους
997 670 1118 720 ἐκτός
1151 688 1194 713 τε
1231 675 1301 714 καὶ
1337 672 1535 730 ἀλλοφύ-

208 737 310 782 λους
338 732 552 789 χρώμεθα
589 732 906 791 διαφερόμενοι,
944 736 1055 779 πολὺ
1081 736 1326 793 πραότερον
1357 743 1533 782 ἐκείνου.

313 823 411 863 ΚΛ.
483 822 586 871 Πῶς
616 820 700 875 γάρ
738 821 816 869 οὓς

312 912 410 954 ΑΘ.
483 912 591 965 Φέρε
620 910 690 964 δή,
724 915 931 966 ποτέρους
960 917 1031 954 και
1060 911 1167 966 πρὸς
1195 913 1383 969 πότερον
1414 921 1533 958 ἐπαι-

210 980 297 1020 νῶν
334 976 413 1019 τὸν
447 975 638 1029 πόλεμον
673 974 810 1025 οὕτως
843 976 1183 1034 ὑπερεπῄνεσας,
1220 979 1322 1029 τοὺς
1357 982 1400 1022 δὲ
1436 985 1533 1039 ἕψε·
1585 996 1587 998 ’

210 1045 285 1095 ξας
322 1044 406 1085 τῶν
441 1041 638 1099 &iniquom
682 1044 825 1091 ἔοικας
875 1046 952 1094 μὲν
988 1044 1070 1098 γὰρ
1108 1045 1216 1099 πρὸς
1252 1043 1352 1095 τοὺς
1388 1046 1533 1096 ἐκτός”

306 1152 345 1183 Ι).
379 1149 519 1182 οὕτως
552 1146 900 1192 ὑπερεπῄνεσας]
938 1133 1059 1190 vStepb.
1088 1148 1169 1183 τοὺς
1192 1150 1251 1190 μὲν
1279 1151 1322 1184 de
1345 1162 1407 1185 suo
1433 1153 1536 1186 dedit.

303 1193 447 1237 Ε.μὴ
479 1194 757 1237 τολμήσουσι]
804 1194 991 1236 τολμήσωσι
1019 1192 1057 1228 Ω.
1090 1207 1120 1228 n.
1147 1206 1197 1237 pr.
1226 1207 1269 1230 m.
1295 1207 1326 1231 a.
1355 1207 1388 1232 x.
1413 1202 1448 1230 et
1473 1198 1536 1229 Ba-

214 1240 281 1274 stio
305 1244 396 1274 teste
397 1208 495 1274 μ.Ριπ
509 1243 547 1276 Α.
574 1241 667 1282 quod
691 1241 857 1273 dederunt
884 1241 1069 1282 Bekkerus‚
1096 1240 1316 1282 Turicenses,
1341 1241 1538 1277 Schneider.

214 1286 332 1328 Steph.
366 1286 398 1318 in
435 1296 540 1325 maro.
572 1286 688 1319 scribit
718 1286 806 1328 apud
837 1286 922 1319 alios
960 1297 1055 1319 esse:
1091 1286 1122 1318 εἰ
1144 1284 1189 1327 μὴ
1215 1287 1339 1328 ιετλαιη
1364 1287 1424 1327 μὲν
1450 1283 1539 1330 ὅρων

214 1343 269 1371 tp.-
262 1354 270 1371 ‚
295 1337 330 1365 et
353 1331 384 1364 in
411 1342 482 1374 sqq.
510 1328 653 1374 doe'yocc'
680 1329 830 1374 ἐγγύθεν
854 1329 1038 1371 ιστάμενοε.

211 1422 335 1464 quibus
358 1421 518 1465 dicimus,
553 1431 664 1464 neque
685 1421 842 1455 differant

212 1469 300 1500 inter
324 1478 381 1507 se,
416 1468 471 1509 qui
496 1469 527 1499 in
550 1468 653 1500 variis
677 1467 755 1499 belli
780 1478 840 1508 ge-

209 1512 343 1546 neribus
368 1523 447 1546 sese
469 1513 578 1545 fortes
603 1517 789 1555 praestent.

258 1559 298 1591 D.
320 1560 530 1600 ποτέρους
553 1558 623 1589 καὶ
640 1555 717 1600 πρό
733 1569 748 1593 ς
768 1557 841 1589 πό-

211 1615 336 1646 τερον
365 1603 443 1645 ἔτι]
481 1607 598 1635 utros
631 1607 670 1635 et
705 1609 840 1634 utrum

212 1648 314 1683 belli
340 1658 467 1689 genus
492 1647 731 1689 respiciens
756 1648 841 1679 lau-

213 1696 263 1727 de
285 1695 532 1726 tuaalteros
548 1691 716 1734 quidem
735 1692 844 1724 adeo

214 1738 440 1778 extulisti,
461 1747 583 1779 quum
599 1738 764 1770 alteros
790 1737 843 1769 vi-

213 1781 520 1825 tuperaveris?
558 1783 652 1815 Ante
675 1779 842 1824 ὑπερεπῄ-

211 1841 310 1864 νεσας
335 1828 579 1870 Stephanus
614 1827 658 1860 de
687 1838 749 1860 suo
779 1827 843 1859 ad-

213 1874 299 1907 didit
311 1871 479 1915 τοῦςμέν,
492 1882 558 1914 quo
577 1883 642 1905 non
664 1883 750 1914 opus
766 1882 844 1906 esse

214 1919 461 1952 demonstravit
500 1918 724 1951 Heusdius
756 1918 844 1960 Spe-

212 1967 288 1998 cim.
320 1965 402 1997 Crit.
442 1975 475 2006 p.
509 1963 561 1998 76.
596 1963 686 1995 conf.
726 1969 843 1996 nostru

212 2009 254 2043 nd
281 2011 423 2051 Protag.
453 2020 485 2051 p.
507 2009 586 2044 330.
606 2011 642 2041 Α.
660 2007 786 2041 Pliileb.
811 2019 843 2050 p.

211 2056 268 2091 36.
295 2054 333 2089 Ε.
361 2053 569 2092 Matthiae
586 2055 647 2086 Gr.
669 2053 699 2094 ξ.
717 2054 794 2089 288.
808 2057 841 2088 4.

255 2102 398 2138 ἔοικας
419 2100 493 2142 μὲν
515 2097 591 2143 γὰρ
615 2099 719 2141 πρὸς
742 2097 842 2132 τοὺς

211 2143 373 2187 ἐκτός]
422 2145 538 2177 Locus
569 2144 748 2177 manifesto
780 2145 841 2176 de-

211 2195 386 2232 pravatus·
411 2189 656 2231 corrigendum
683 2191 755 2222 sine
780 2190 842 2222 du-

210 2236 267 2269 bio
292 2239 346 2268 est
368 2233 450 2273 τοῦς
473 2234 560 2277 πρὸς
583 2233 647 2267 τὸν
668 2233 775 2272 ἐκτός.
810 2234 841 2267 ld

214 2280 300 2314 enim
325 2290 443 2313 verum
467 2290 542 2313 esse
566 2284 660 2322 patet
683 2291 725 2313 ex
745 2290 840 2322 seqq.

212 2323 360 2366 μάλιστα
385 2323 469 2362 τούς
490 2323 579 2368 πρός
601 2323 664 2358 τόν
687 2325 840 2358 ὀθνεῖον.

218 2370 456 2403 Bocckhius
491 2369 722 2413 reponendum
765 2380 844 2403 cen-

214 2416 312 2449 sebat
334 2419 395 2448 aut
416 2413 502 2447 τούς
526 2414 612 2457 πρὸς
632 2414 716 2451 τοὺς
740 2413 842 2455 ἐκτός,

217 2466 277 2494 aut
299 2458 388 2503 πρὸς
406 2457 465 2493 τὸν
481 2458 566 2502 πρὸς
590 2458 672 2492 τοὺς
695 2459 721 2492 ἐ.
748 2460 842 2494 Neu-

217 2510 303 2539 trum
320 2508 442 2548 placet.
454 2506 740 2547 Verum‚opinor‚
759 2515 841 2537 con-

216 2551 342 2585 iectura
373 2555 580 2593 assequutus
605 2555 657 2583 est
682 2551 840 2583 Astius.

263 2597 303 2630 Ε.
335 2595 378 2628 οἳ
399 2595 450 2638 μὴ
477 2595 741 2638 τολμήσουσι
768 2598 840 2637 μὲν

222 2640 239 2673 0‘
250 2654 270 2686 ρ
280 2645 301 2674 ἄ
311 2655 326 2674 ν
339 2642 399 2684 -]
415 2642 684 2681 Animadvertas,
697 2651 837 2683 quaeso,

910 1421 1088 1454 modorum
1115 1422 1298 1464 enallagen.
1326 1421 1458 1454 Etenim
1473 1423 1539 1464 pri-

910 1477 1002 1500 mum
1029 1466 1166 1508 ponitur
1197 1467 1395 1500 indicativus
1420 1467 1539 1507 futuri,

908 1514 963 1554 qui
991 1512 1039 1545 rei
1073 1512 1250 1546 veritatem
1288 1513 1334 1545 itn
1374 1511 1540 1554 designat,

909 1562 947 1590 ut
969 1559 1057 1590 nulla
1082 1557 1228 1590 ducatur
1256 1558 1346 1595 ,ratio
1358 1558 1536 1598 opinionis,

908 1612 1011 1643 quam
1037 1601 1079 1634 de
1096 1612 1135 1634 ea
1151 1612 1186 1634 re
1206 1600 1331 1635 foverit
1348 1602 1539 1643 Tyrtaeus3

908 1647 1030 1679 deinde
1049 1657 1131 1679 vero
1146 1648 1280 1688 ponitur
1301 1648 1423 1679 modus
1439 1653 1541 1689 opta-

909 1693 999 1724 tivus
1025 1691 1080 1734 qui
1106 1693 1196 1725 valet
1219 1702 1280 1731 eo,
1312 1696 1350 1724 ut
1382 1702 1437 1724 res
1467 1697 1539 1724 tan-

909 1747 1008 1778 quam
1020 1746 1063 1770 ex
1072 1740 1183 1769 mente
1197 1741 1231 1769 et
1239 1737 1403 1769 sententia
1415 1740 1539 1779 poe'tae

909 1782 1089 1815 referatur.
1118 1781 1189 1815 Alia
1206 1781 1238 1814 id
1259 1791 1377 1824 genus
1382 1784 1538 1823 exempla

909 1828 1111 1868 collegimus
1142 1827 1185 1860 ad
1211 1826 1381 1859 Charmid.
1408 1838 1438 1868 p.
1460 1827 1538 1862 156.

908 1873 950 1906 E
983 1877 1018 1904 et
1052 1872 1188 1904 Menex.
1226 1883 1257 1914 p.
1296 1871 1374 1907 240
1405 1871 1452 1904 D.
1485 1873 1540 1905 ubi

910 1928 940 1950 v.
972 1927 1048 1949 ann.
1076 1917 1197 1950 Pras-e.
1219 1918 1294 1950 Par.
1320 1919 1363 1949 Ac
1392 1917 1470 1949 Vnt.
1499 1915 1538 1950 Ω.

909 1974 940 1995 a.
972 1973 1021 2004 pr.
1052 1973 1096 1996 m.
1121 1962 1177 1995 alii
1211 1960 1418 2004 τολμήσωσι,
1449 1962 1538 2004 quod

909 2018 974 2040 non
1013 2007 1183 2039 debebant
1219 2017 1293 2040 cum
1334 2008 1538 2040 Bekkero

908 2053 1066 2095 ampiecti
1091 2052 1297 2085 recentiores
1312 2053 1431 2084 critici.
1451 2051 1537 2085 Nam

908 2097 1020 2131 futuro
1036 2097 1169 2139 quidem
1185 2097 1331 2139 tempori
1349 2097 1380 2129 in
1389 2097 1451 2130 hac
1465 2107 1538 2130 mo-

909 2142 1029 2175 dorum
1040 2144 1194 2184 enallage
1210 2143 1304 2174 locus
1315 2147 1381 2182 est,
1399 2144 1538 2176 coniun-

909 2189 999 2221 ctivo
1014 2198 1079 2220 non
1096 2192 1149 2220 est
1169 2187 1283 2227 locus3
1298 2187 1432 2220 accedit
1447 2187 1538 2230 quod

909 2233 962 2266 liic
987 2242 1100 2265 merus
1130 2233 1365 2265 coniunctivus
1397 2234 1469 2265 sine
1497 2231 1539 2263 ἄν

909 2278 1071 2321 particula
1088 2278 1178 2310 nullo
1195 2277 1298 2310 modo
1311 2278 1391 2311 ferri
1403 2281 1538 2319 pote-u

908 2333 1017 2365 neque
1033 2322 1120 2355 enim
1138 2322 1195 2355 ille
1209 2333 1286 2355 eam
1311 2324 1413 2356 habet
1439 2332 1538 2356 caus-

909 2378 979 2401 sam
1010 2371 1044 2400 et
1067 2367 1253 2407 rationem,
1286 2368 1329 2401 ob
1353 2378 1452 2409 quam
1478 2378 1538 2409 po-

907 2414 997 2454 situs¹
1011 2417 1063 2445 est
1078 2412 1167 2452 alibi,
1194 2412 1250 2445 ubi
1266 2413 1434 2446 sermonis
1449 2414 1536 2455 epici

907 2463 1007 2500 atque
1023 2458 1141 2500 tragici
1167 2467 1242 2489 mos
1270 2462 1305 2490 et
1327 2457 1537 2491 consuetudo

907 2503 1071 2537 imitando
1089 2503 1308 2544 exprimitur3
1326 2514 1356 2536 v.
1374 2503 1416 2536 ad
1426 2504 1534 2544 Gorg

909 2560 946 2592 p.
975 2547 1051 2583 484.
1080 2548 1118 2580 Ε

950 2593 1024 2625 τοι)
1039 2605 1054 2628 ς
1091 2591 1195 2632 πρός
1231 2591 1306 2624 τόν
1349 2591 1368 2624 o'
1382 2591 1510 2624 θνεῖό
1520 2603 1537 2622 ν

906 2637 1028 2673 τεκαὶ
1044 2637 1271 2679 §gmon-J
1287 2637 1532 2678 Harpocra-
