1612 2872
460 91 545 134 DE
577 90 851 136 LEGIBUS
884 98 966 134 ete.
1261 89 1369 132 XCI
1386 128 1389 131 Α

30 207 343 251 sententiarum
367 206 551 248 latarum
574 204 619 246 vi
638 210 682 246 et
701 205 978 260 auctoritate,
1001 211 1046 247 et
1074 204 1128 247 de
1150 204 1372 259 sepulcro-

30 280 124 310 rum
165 264 257 306 iure
296 263 541 318 ritibusque
579 261 852 318 sepulturae:
894 277 1076 319 quarum
1105 276 1247 304 rerum
1282 259 1373 302 dis-

30 321 198 378 putatio
245 337 289 378 p.
327 321 424 363 960.
480 321 532 363 E.
581 318 744 361 finitur.
833 322 979 376 Atque
1027 319 1095 362 his
1143 317 1380 374 explicatis,

28 378 155 421 etiam
214 378 354 420 omnis
424 378 513 419 fere
580 376 725 433 legum
791 377 969 433 scriptio
1029 377 1230 420 absoluta
1289 382 1370 417 est⁴

27 436 142 478 Nam
174 435 275 477 inde
307 450 344 476 a.
376 451 417 491 p.
449 436 544 477 961.
567 439 623 475 A.
657 432 904 489 disputatur
932 434 1122 489 tandem,
1154 431 1373 489 quomodo

28 493 182 535 civitas
229 492 369 548 possit
404 506 543 546 usque
581 491 828 532 conservari
875 492 996 534 salva
1040 498 1083 534 et
1129 490 1372 534 incolumis.

28 549 249 604 Quocirca
289 548 569 591 constituitur
604 547 689 588 iam
729 555 971 591 conventus
1001 556 1265 601 nocturnus,
1298 548 1373 602 qui

26 607 200 662 corpori
255 606 315 648 sit
375 604 613 648 consimilis
671 605 810 647 acutis
855 606 1056 648 sensibus
1109 613 1153 647 et
1200 604 1383 652 exculta,

26 670 169 706 mente
210 678 261 705 ac
299 663 465 704 ratione
497 660 717 717 praedito,
762 662 976 717 siquidem
1015 663 1087 704 ille
1120 678 1175 704 ex
1203 662 1373 705 civibus

24 721 266 763 iunioribus
307 718 567 763 observandi
610 719 806 761 acumine
837 720 1083 777 insignibus
1114 731 1158 762 et,
1186 735 1239 762 ex
1269 719 1373 761 viris

26 784 168 820 aetate
197 777 361 832 pariter
389 776 763 833 atque-sapientia
792 777 1156 832 provectioribus,
1200 777 1275 831 qui
1305 791 1372 817 ra-

25 835 158 877 tionis
194 835 332 876 instar
358 834 468 888 sint,
507 833 775 889 compositus
817 849 913 876 esse
954 834 1111 877 debere
1142 833 1372 876 iudicatur.

26 891 208 936 Civitati
240 888 391 933 'autem
430 906 563 946 quum
602 906 690 932 una
728 891 821 933 sola
859 892 1000 934 virtus
1041 891 1268 948 proposita
1299 890 1371 944 sit,

25 950 211 1007 primum
252 947 426 1004 quidem
466 948 619 990 summi
659 948 722 989 illi
758 948 897 1004 ipsius
947 949 1152 991 custodes
1197 948 1372 990 virtutis
1411 983 1413 985 .

0 1008 114 1049 *vim
156 1007 387 1061 variasque
426 1014 572 1061 partes
613 1012 656 1047 et
694 1005 826 1048 verbo
868 1012 913 1048 et
951 1007 1078 1049 factis
1120 1012 1371 1063 perspectas

26 1063 186 1106 habere
217 1063 375 1105 debere
406 1062 670 1115 iudicantur,
702 1062 859 1106 deinde
890 1063 1004 1105 idem
1023 1064 1151 1105 etiam
1171 1062 1224 1105 de
1255 1063 1371 1105 bona

25 1121 271 1171 ethonesti
302 1120 484 1162 scientia
514 1120 732 1169 statuitur,
763 1121 1016 1176 praesertim
1050 1136 1183 1176 quum
1215 1120 1368 1162 civita·

24 1179 80 1225 tis
119 1177 375 1220 custodibus
415 1177 542 1234 altior
577 1193 718 1218 rerum
757 1177 1000 1233 divinarum
1030 1177 1222 1234 cognitio
1252 1176 1400 1236 dicag

26 1243 99 1276 tur
129 1235 256 1290 plane
288 1249 383 1282 esse
408 1234 664 1276 necessaria.
726 1234 928 1290 Denique
958 1235 1020 1276 illi
1044 1232 1248 1277 iubentur
1279 1250 1368 1276 om·

26 1292 130 1335 nino
169 1291 298 1333 finem
338 1291 601 1346 reipublicae
639 1290 791 1334 sedulo
825 1293 990 1334 intueri
1028 1292 1159 1348 atqu'e
1189 1291 1372 1334 consilia

27 1348 169 1390 omnia
206 1348 278 1390 ad.
301 1349 426 1390 illum-
459 1348 600 1404 ipsum
629 1348 832 1406 religiose
861 1349 1060 1406 dirigere.
1118 1349 1237 1392 Huic
1267 1364 1379 1391 vero,

25 1413 238 1461 nocturno
276 1406 510 1448 conventui
551 1405 706 1447 civitas
752 1422 903 1462 recens
941 1406 1120 1449 condita
1159 1405 1400 1448 tradenda-

25 1462 258 1517 iudicatur,
289 1479 374 1518 quo
406 1468 538 1519 caput
567 1463 801 1518 aliquando
841 1471 970 1506 nacta
1001 1480 1126 1507 suum
1151 1463 1212 1506 'ad
1242 1479 1371 1519 quam

25 1520 249 1562 maximam
279 1520 556 1577 perfectionis
586 1519 758 1563 laudem
788 1522 1026 1577 perveniat.

571 1837 694 1915 Cap.
737 1809 816 1899 Vl
867 1825 871 1829 ’

29 1970 318 2006 ostenditur
348 1972 570 2007 breviter
609 1973 763 2008 multa
807 1975 1021 2019 reperiri
1060 1977 1110 2011 in
1142 1977 1369 2022 magnius,

71 2026 201 2061 quae
231 2027 265 2052 a
296 2018 575 2063 Repubnca
602 2019 773 2055 aliena
804 2021 922 2061 sint,
957 2032 1117 2067 neque
1146 2025 1312 2059 tamen

151 2065 366 2098 alterum
391 2073 512 2109 opus
530 2064 1132 2149 ggtloeiziagsuslaoppositum
1157 2071 1246 2105 aut

138 2201 207 2242 En
248 2201 382 2244 habes
431 2202 606 2245 brevem
656 2204 996 2261 descriptionem
1044 2207 1132 2248 fere
1182 2209 1399 2251 omnium'

27 2271 198 2311 eorum,
242 2273 351 2313 quae
391 2259 435 2301 in
467 2260 637 2316 Legum
677 2262 798 2304 libris
832 2263 972 2305 fusius
1005 2262 1227 2320 disputata
1256 2273 1394 2308 sunt.-

27 2313 151 2366 Quae
183 2316 264 2356 etsi
293 2331 379 2358 non
411 2318 555 2359 omnia
585 2325 716 2373 atque
753 2320 927 2376 singula
964 2322 1266 2378 complectitur
1324 2324 1370 2365 iu

26 2371 111 2415 illis
162 2373 385 2427 exposita,
436 2382 580 2416 tamen
620 2375 664 2416 in
706 2376 940 2420 iudicando
991 2385 1035 2420 et
1083 2380 1369 2435 expendendo

27 2428 174 2484 scripti
214 2437 468 2485 argumento
515 2433 713 2474 nonnihil
763 2434 915 2477 saltem
962 2435 1112 2478 afferet
1155 2437 1369 2480 utilitatis.

29 2483 368 2529 considerantes
400 2498 502 2530 vero
530 2489 783 2532 immensam
815 2492 901 2533 vim
933 2500 1064 2548 atque
1095 2495 1266 2549 copiam
1299 2510 1371 2537 eo-

28 2557 149 2605 rum,
191 2558 302 2598 quae
342 2544 386 2586 in
416 2546 612 2603 Legibus
654 2554 756 2589 sunt
787 2548 1025 2605 explicata,
1059 2566 1241 2606 eamque
1274 2567 1370 2594 cum

28 2597 115 2641 1ll1s
146 2599 485 2665 contendentes,
525 2618 635 2658 quae
677 2603 950 2648 disseruntur
987 2608 1031 2649 in
1063 2608 1248 2663 Politia,
1288 2609 1372 2650 hoc

29 2661 119 2709 est,
159 2657 202 2698 in
242 2656 362 2701 libris
405 2659 460 2702 de
490 2660 666 2703 civitate
703 2662 904 2707 omnibus
936 2666 1126 2708 numeris
1157 2665 1372 2718 absoluta,
