1612 2872
480 92 564 136 DE
597 90 874 136 LEGIBUS
906 98 988 135 etc.
1264 89 1417 133 CXLI

61 209 162 252 tatis
202 214 394 251 rectores
435 214 478 249 et
517 206 799 264 magistratus
839 204 1049 263 perfectis
1089 202 1175 247 illis
1205 203 1416 259 sapienti-

59 267 164 320 bus,
216 265 263 307 in
322 264 568 321 Republica
622 263 798 320 publice
856 260 1137 317 constitutis,
1193 261 1301 303 recti
1350 261 1416 301 in—

58 322 303 380 telligentia
354 328 399 364 et
447 321 539 363 veri
597 321 850 377 cognitione
913 319 1189 374 aliquantum
1239 317 1414 370 cedant,

57 386 204 423 tamen
242 378 351 421 illud
390 378 517 436 regni
557 376 753 421 Saturnii
789 376 1034 432 exemplum
1075 374 1131 417 ad
1160 374 1267 431 quid
1295 375 1416 431 ipsos

58 437 316 479 exhortetur
373 441 418 477 et
464 434 682 490 impellat,
738 440 962 487 utcunque
998 433 1244 489 intelligere
1284 446 1417 489 posse

59 492 336 536 existimandi
367 498 479 534 sunt.
541 491 631 534 Sed
663 505 796 545 quum
816 490 938 544 haec,
971 503 1082 543 quae
1114 489 1168 531 de
1198 490 1415 546 imperan-

58 552 166 592 tium
196 549 356 593 studiis
385 549 446 590 ibi
477 547 756 590 disseruntur
774 579 786 600 ,
819 546 875 588 ad
907 546 1190 602 aperiendam
1220 546 1415 589 iustitiae

57 608 145 650 vim
175 606 350 664 egregie
383 618 563 661 prorsus
594 605 685 646 sint·
716 610 992 660 comparata,
1031 610 1123 644 tum
1154 619 1240 645 non
1272 603 1415 644 minus

58 663 114 707 ad
161 679 254 705 eam
292 660 593 704 illustrandam
633 661 802 715 valent,
845 675 957 716 quae
997 659 1203 717 deinceps
1242 660 1344 701 inde
1376 675 1414 701 a.

57 737 99 778 p.
131 722 228 764 716.
258 721 315 762 A.
356 718 410 761 de
447 719 502 760 iis
544 717 704 760 officiis
743 724 1048 773 exponuntur,
1091 732 1204 771 quae
1243 717 1414 759 civibus

58 777 260 821 omnibus
289 777 334 818 in
366 774 562 818 colendis
593 774 968 830 observandisque
1009 773 1179 830 legibus
1211 773 1415 815 obeunda

58 835 159 878 sint.
218 833 371 890 Fingit
411 833 526 874 enim
570 832 878 885 Atheniensis,
920 831 994 886 qui
1026 831 1211 887 loquens
1243 830 1413 872 induci-

56 898 152 945 tur,
194 892 312 934 cives
344 904 518 943 omnes,
561 889 721 943 quibus
756 903 896 930 novae
926 888 1047 945 leges
1087 888 1176 929 sint
1219 887 1413 944 promul-

57 947 257 1006 gandae,
298 952 548 1003 praesentes
588 945 765 1000 adesse,
812 960 977 1000 eosque
1016 945 1276 1001 gravissima
1315 959 1412 986 ora-

55 1007 176 1048 tione
211 1004 445 1060 compellat
488 1004 577 1045 fere
617 1004 703 1046 sic:
783 1001 961 1056 Deus,
1010 1002 1181 1057 inquit,
1232 1002 1414 1044 sicuti

57 1063 294 1117 antiqua
324 1061 468 1103 fama
497 1061 632 1114 fert,
680 1059 1022 1116 principium
1062 1067 1115 1101 et
1157 1060 1325 1100 finem
1356 1068 1414 1100 ct

56 1119 294 1162 medium
326 1133 509 1160 rerum
541 1117 780 1159 omnium
813 1123 1032 1170 tenens,
1072 1119 1231 1158 recta
1269 1131 1413 1157 sem-

55 1191 153 1232 per
203 1176 419 1232 pergit,
469 1173 774 1216 secundum
815 1180 1073 1215 naturam
1125 1174 1178 1214 in
1226 1173 1411 1215 orbem

56 1234 307 1275 lustrans
347 1233 549 1281 omnia3
595 1231 725 1273 huic
774 1246 907 1273 vero
949 1245 1174 1286 semper
1225 1244 1412 1272 comes

56 1289 218 1333 adest
267 1288 534 1341 Iustitia,
589 1303 798 1341 eorum,
847 1287 938 1343 qui
985 1302 1013 1328 a
1052 1287 1247 1328 divina
1287 1286 1411 1342 lege

57 1346 415 1400 desciscunt,
447 1344 651 1396 ultrix3
694 1360 853 1400 quam
893 1343 1118 1400 quidem
1150 1350 1409 1397 sectans,

56 1403 376 1459 quicunque
420 1402 622 1444 beatus
663 1403 893 1444 futurus
946 1408 1054 1455 est,
1106 1402 1413 1444 comitatur

55 1464 390 1503 summissus
422 1474 485 1501 ac
516 1458 818 1501 modestus.
890 1457 988 1501 Sin
1029 1464 1215 1500 autem
1257 1457 1411 1512 quis-

54 1518 228 1575 piam,
272 1517 448 1559 elatus
490 1517 787 1572 superbia,
839 1515 993 1571 quod
1029 1515 1115 1557 vel
1163 1513 1412 1571 pecunia

53 1574 146 1617 vel
204 1573 511 1616 honoribus
571 1574 661 1615 vel
721 1573 984 1629 corporis
1047 1572 1411 1614 formositate

54 1631 294 1689 gloriari
333 1630 544 1687 possit,
586 1645 719 1687 prae
747 1629 995 1672 iuvenili
1026 1629 1411 1686 protervitate

54 1687 216 1731 simul
275 1694 445 1743 atque
515 1687 799 1729 dementia
857 1687 1178 1729 insolenter
1231 1686 1410 1727 animo

54 1743 414 1799 exardescit,
447 1744 793 1799 quasinullo
836 1743 975 1785 duce
1016 1743 1273 1800 indigeat
1313 1742 1411 1785 sed

55 1801 188 1844 aliis
247 1802 412 1843 etiam
461 1801 572 1843 dux
621 1816 745 1843 esse
795 1801 1004 1856 possit,
1065 1801 1164 1842 ille
1213 1815 1239 1841 a
1292 1800 1410 1841 Deo

54 1858 413 1913 relinquitur
458 1858 626 1900 orbus
675 1873 734 1899 ac
793 1858 975 1911 solus,
1033 1858 1275 1899 relictus
1315 1872 1411 1898 au-

54 1922 159 1956 tem
207 1920 380 1969 atque
441 1914 588 1956 alios
646 1913 829 1956 adhuc
887 1914 998 1957 sibi
1055 1914 1286 1956 similes‘
1324 1927 1411 1955 se-

54 1977 248 2014 ctatus
288 1971 625 2027 petulanter
681 1971 900 2012 exultat
946 1971 1127 2012 omnia
1169 1970 1411 2012 miscens

55 2034 109 2070 et
144 2029 512 2079 conturbans3
546 2033 598 2069 et
647 2027 841 2069 multis
900 2027 1120 2081 quidem
1165 2033 1276 2068 tum
1325 2026 1411 2068 vi-

55 2083 175 2138 deri
222 2084 371 2127 solet
421 2084 618 2136 aliquid
658 2098 780 2125 esse
829 2085 1036 2141 (magnae
1085 2083 1314 2140 dignitatis
1368 2090 1412 2125 et

54 2141 327 2195 auctoritatis
358 2142 498 2197 esse);
531 2147 584 2183 at
624 2155 731 2182 non
773 2141 855 2182 ita
891 2141 1062 2183 multo
1102 2147 1236 2196 post
1274 2155 1410 2196 poe-

55 2212 173 2241 nam
222 2199 378 2240 subit
418 2212 688 2255 perquam
735 2213 976 2254 gravem,
1028 2197 1308 2254 siquidem
1357 2203 1412 2239 et

55 2261 228 2297 semet
257 2255 458 2312 ipsum,
491 2262 544 2297 et
575 2254 790 2296 domum
821 2269 1001 2310 suam,
1031 2261 1082 2297 et
1110 2255 1410 2297 civitatem

55 2309 262 2353 deiicit
291 2318 346 2354 et·
372 2312 601 2355 evertit.
662 2311 789 2353 Haec
826 2311 964 2367 igitur
994 2318 1062 2355 est
1090 2312 1230 2354 oratio
1261 2311 1318 2353 ad
1348 2312 1410 2353 ci-

55 2382 130 2410 ves
169 2382 403 2423 conversa,
444 2383 531 2425 qua
568 2368 631 2410 illi
670 2367 726 2409 ad
766 2367 993 2410 colendam
1021 2369 1232 2411 iustitiam
1265 2369 1410 2411 verbis

55 2424 324 2480 gravissimis
371 2431 415 2468 et
473 2424 917 2482 magnificentissimis
978 2426 1226 2468 excitantur
1277 2432 1410 2480 atque

54 2480 349 2537 impelluntur.
417 2481 550 2536 Quod
590 2481 766 2537 quidem
813 2488 1010 2538 apertum
1058 2489 1126 2525 est
1173 2497 1224 2524 eo
1278 2481 1409 2524 modo

54 2536 164 2591 fieri,
195 2542 246 2579 ut
272 2538 504 2595 iubeantur
545 2539 687 2592 Deum
717 2544 937 2594 tamquam
967 2545 1293 2593 consummatae
1323 2539 1410 2580 vir-

53 2593 162 2636 tutis
201 2593 499 2651 imprimisque
538 2596 758 2652 perfectae
797 2595 991 2639 iustitiae
1033 2596 1278 2653 exemplum
1309 2610 1409 2650 spe-

54 2654 196 2704 ctare,
228 2657 358 2706 atque
387 2652 579 2695 officium
609 2652 755 2709 legum
783 2651 1066 2697 colendarum
1097 2659 1142 2695 et
1174 2653 1410 2696 observan-
