1612 2872
250 124 432 166 LXXX
671 122 1148 167 PROLEGOMENA

250 242 544 292 exponuntur,
585 249 694 289 quae
725 240 839 276 certe
869 234 1078 276 eiusmodi
1106 242 1230 288 sunt,
1264 242 1311 277 ut
1340 230 1425 278 non
1455 235 1573 278 vide-

249 299 376 334 antur
411 291 541 332 scribi
577 290 769 344 potuisse
798 289 882 331 nisi
911 290 964 330 ab
995 304 1069 342 eo,
1101 290 1172 344 qui
1203 291 1295 346 ipse
1324 294 1573 348 Aegyptum

249 347 514 389 lustravisset
551 351 681 398 atque
716 351 856 386 terrae
895 345 1009 387 illius
1047 346 1247 388 instituta
1276 353 1404 401 atque
1434 361 1572 389 mores

248 403 488 444 accuratius
535 400 824 455 cognovisset.
900 400 1014 442 Nam
1053 401 1170 454 quod
1199 402 1264 442 vir
1305 403 1483 445 eximius
1521 403 1571 444 B.

249 458 303 500 G.
344 455 692 498 Niebuhrius
729 456 774 496 in
822 455 1007 511 Scriptis
1058 457 1299 498 Miscellan.
1358 458 1572 513 (kleine

249 510 589 553 historische
637 511 743 552 und
792 511 1214 567 philologische
1267 512 1571 556 Schriften.

249 569 388 609 Bonn.
433 567 551 608 1828.
591 572 633 607 et
673 568 792 608 1843.
833 567 891 619 ὅ.)
933 567 1033 607 Vol.
1073 567 1106 608 Ι.
1138 584 1178 623 p.
1209 570 1303 609 475.
1346 569 1572 610 Platonem

248 623 487 677 praefracte
518 631 647 677 negat
675 622 927 678 Aegyptum
958 637 1144 676 unquam
1175 624 1388 676 invisisse,
1420 623 1466 665 id
1492 639 1573 666 nos

248 684 363 720 certe
393 677 498 718 nihil
527 683 741 731 moratur,
777 679 938 733 quippe
967 678 1041 731 qui
1069 678 1164 733 plus
1186 679 1411 721 tribuimus
1438 679 1572 721 diser—

246 735 302 776 tis
349 739 542 774 veterum
589 733 845 787 scriptorum
894 734 1149 775 testimoniis
1190 749 1241 775 ea
1280 734 1334 776 de
1363 750 1409 776 re
1439 734 1573 776 admi-

248 789 372 831 rabili
401 788 716 842 conspiratione
757 789 869 829 inter
906 803 950 830 se
982 790 1340 831 consentientium
1371 790 1431 843 (v.
1467 792 1572 832 Pro-

246 846 359 901 legg.
403 844 458 885 ad
500 844 666 885 Platon.
709 844 809 885 Vol.
848 844 883 886 I.
923 859 964 899 p.
1004 844 1175 885 XVIII.
1217 860 1311 900 sqq.
1354 845 1421 888 ed.
1463 847 1571 900 rec.)

247 915 374 955 quam
413 899 650 955 ingeniosis
687 899 974 941 recentiorum
1003 902 1268 955 commentis,
1299 901 1456 954 quibus
1486 916 1572 943 non

246 971 340 997 raro
379 954 582 997 historiae
628 953 736 996 fides
787 954 842 995 ad
888 969 1045 996 meram
1089 957 1243 998 mentis
1275 956 1571 1010 opinationem

248 1012 446 1065 exigitur.
483 1009 601 1062 Quin
644 1010 772 1051 etiam
808 1010 904 1065 ipsa
949 1010 1022 1050 illa
1059 1011 1252 1054 Platonis
1280 1011 1410 1065 dicta,
1462 1027 1571 1067 quae

243 1066 535 1118 laudavimus,
567 1065 693 1120 plane
723 1065 849 1107 nobis
883 1066 1175 1119 persuasimus
1201 1068 1269 1109 vel
1297 1067 1390 1109 sola
1418 1083 1496 1123 per
1525 1082 1571 1110 sc

244 1123 298 1164 ad
337 1120 612 1164 refellendam
642 1120 907 1162 celeberrimi
943 1120 1138 1164 historici
1167 1123 1419 1165 sententiam
1451 1123 1570 1165 suffi-

243 1192 353 1221 cere.
419 1177 583 1218 Verum
624 1175 732 1217 haec
761 1176 934 1230 quidem
963 1177 1007 1218 in
1035 1183 1296 1220 transcursu.
1356 1178 1571 1221 Addimus

243 1234 341 1286 alia,
379 1232 495 1274 unde
524 1231 584 1286 id,
616 1231 734 1285 quod
762 1238 889 1274 antea
915 1231 1115 1286 diximus,
1142 1233 1323 1291 intelligi
1350 1249 1476 1290 posse
1506 1249 1571 1276 ar-

244 1291 462 1332 bitramur.
521 1288 764 1329 Narrantur
797 1288 907 1329 enim
937 1288 1065 1329 etiam
1096 1288 1149 1330 de
1178 1305 1310 1345 regno
1344 1292 1569 1332 Persarum

242 1345 451 1400 plurima,
494 1358 602 1397 quae
633 1343 734 1384 alibi
763 1343 922 1386 frustra
954 1358 1161 1398 quaeras,
1194 1360 1390 1401 quaeque
1420 1345 1568 1387 verisi-

242 1401 399 1443 militer
437 1399 648 1454 suspicari
677 1399 807 1440 liceat
843 1414 896 1440 ex
924 1399 1114 1442 fontibus
1143 1399 1276 1442 ducta
1305 1416 1427 1454 esse,
1459 1415 1568 1456 quos

240 1455 524 1513 philosophus
571 1455 684 1496 inter
732 1454 1100 1510 peregrinationes
1139 1454 1313 1507 adierit3
1365 1457 1410 1498 id
1450 1455 1568 1511 quod

242 1512 442 1554 convenit
478 1510 685 1565 imprimis
725 1510 771 1551 in
808 1509 928 1552 Libr.
967 1509 1053 1552 ΙΙΙ.
1094 1527 1136 1566 p.
1177 1513 1272 1553 697.
1309 1526 1403 1566 sqq.
1444 1520 1487 1554 et
1524 1527 1566 1566 p.

241 1570 336 1610 695.
378 1581 472 1621 sqq.
515 1566 589 1608 ubi
629 1582 666 1607 v.
711 1571 855 1607 annot.
894 1565 1187 1621 Exponuntur
1223 1568 1325 1609 item
1355 1566 1476 1611 Libr.
1505 1567 1565 1610 II.

240 1640 282 1679 p.
324 1625 416 1664 659.
457 1622 509 1662 B.
550 1621 762 1674 quaedam
800 1622 1090 1663 memorabilia
1129 1621 1181 1663 de
1211 1624 1400 1665 moribus
1430 1630 1473 1665 et
1502 1624 1566 1665 in-

240 1678 402 1721 stitutis
434 1676 593 1719 Siculis
622 1683 667 1718 et
699 1677 886 1730 Italicis,
917 1691 970 1717 ex
997 1677 1095 1731 ipso
1125 1692 1265 1719 rerum
1295 1694 1391 1731 usu,
1426 1686 1474 1720 ut
1503 1679 1565 1721 vi-

239 1735 380 1787 detur,
412 1733 609 1788 repetita.
677 1732 842 1774 Verum
882 1732 991 1774 haec
1029 1732 1172 1774 omnia
1203 1748 1341 1787 *quum
1378 1734 1434 1775 ad
1479 1735 1566 1789 pri-

238 1806 354 1833 mum
391 1789 474 1831 iter
511 1787 660 1829 referri
687 1793 870 1841 queant,
901 1793 992 1828 tum
1020 1788 1214 1831 attulisse
1243 1789 1424 1843 iuvabit,
1457 1804 1565 1843 quae

238 1846 294 1888 ad
330 1859 438 1888 unas
478 1843 738 1899 posteriores
774 1842 1018 1898 philosophi
1057 1845 1427 1900 peregrinationes
1457 1845 1564 1887 refe-

237 1908 399 1945 rantur.
467 1899 519 1940 In
559 1914 610 1940 eo
652 1905 794 1940 autem
843 1913 1018 1940 numero
1056 1899 1147 1941 sine
1193 1899 1322 1942 dubio
1369 1900 1566 1943 habenda

237 1964 340 2001 sunt
366 1956 462 2008 illa,
509 1968 619 2009 quae
647 1954 767 1996 Libr.
798 1954 879 1996 IV.
909 1970 951 2009 p.
983 1955 1076 1995 709.
1111 1955 1170 1999 D.
1198 1980 1249 1986 --
1281 1957 1374 1998 712.
1406 1956 1456 1998 B.
1487 1957 1564 1998 im-

237 2014 471 2069 primisque
510 2026 552 2066 p.
596 2011 689 2052 712.
729 2014 784 2051 A.
823 2009 1116 2065 disputantur3
1155 2025 1206 2052 ea
1235 2011 1347 2052 enim
1373 2012 1434 2053 ita
1463 2018 1565 2053 sunt

236 2073 504 2125 comparata,
530 2071 580 2107 ut
608 2065 834 2107 manifesto
864 2065 917 2107 ad
948 2065 1206 2120 Dionysium
1235 2066 1437 2108 minorem
1468 2082 1563 2122 per-

235 2125 413 2166 tineant.
471 2121 645 2178 Quippe
685 2121 863 2177 exponit
897 2121 960 2162 ibi
987 2121 1269 2176 philosophus
1298 2121 1360 2163 de
1381 2124 1561 2175 caussis,

236 2195 312 2222 cur
341 2177 571 2234 aliquando
602 2177 840 2232 speraverit
866 2177 1055 2218 futurum
1085 2191 1204 2230 esse,
1236 2182 1284 2218 ut
1312 2177 1478 2232 aliquid
1506 2177 1560 2219 ad

235 2233 548 2278 emendandum
577 2238 736 2274 statum
766 2232 1077 2288 Syracusarum
1101 2246 1233 2287 opera
1261 2247 1339 2274 sua
1366 2234 1559 2276 conferre

235 2296 395 2346 posset.
466 2288 596 2340 Quod
639 2289 677 2329 si
714 2303 813 2330 vere
844 2287 1060 2341 statuitur,
1093 2302 1363 2342 consequens
1394 2295 1481 2342 est,
1510 2297 1560 2330 ut

232 2347 316 2389 ista
349 2359 438 2387 non
468 2343 686 2398 potuerint
715 2341 832 2398 prius
863 2343 1016 2384 litteris
1047 2343 1258 2396 exarari,'
1276 2358 1402 2397 quam
1433 2344 1558 2386 abso-

233 2402 325 2444 luto
356 2398 547 2442 secundo
590 2413 640 2440 ac
669 2400 797 2440 tertio
827 2399 993 2451 itinere,
1022 2398 1106 2439 hoc
1141 2404 1220 2450 est,
1253 2405 1351 2454 post
1381 2398 1555 2456 Olymp.

235 2459 328 2500 105.
370 2460 406 2497 l.
467 2453 562 2495 Nec
602 2468 703 2495 vero
744 2454 845 2495 huic
883 2454 1123 2496 sententiae
1163 2453 1445 2496 adversantur
1485 2455 1558 2496 illa

233 2512 355 2555 Libri
395 2510 474 2552 IV.
504 2524 544 2564 p.
577 2509 670 2551 709.
701 2511 756 2551 A.
787 2509 861 2551 ubi
887 2508 1166 2564 philosophus
1196 2509 1254 2550 ait
1284 2510 1467 2565 sapienti
1496 2510 1555 2552 le-

233 2565 480 2621 gumlatori,
526 2564 564 2606 si
599 2564 719 2620 leges
755 2580 856 2607 suas
893 2569 1009 2606 ratas
1038 2564 1177 2606 facere
1207 2565 1414 2619 voluerit,
1446 2580 1555 2619 opus
1609 2603 1610 2606 ,

233 2626 320 2669 fore
359 2620 551 2678 principe
582 2619 726 2674 aliquo
754 2621 907 2662 iuvene
938 2620 1129 2674 potenti,
1172 2620 1412 2675 ingenioso,
1452 2621 1552 2662 forti
1607 2622 1610 2650 ἰ
