1612 2872
1235 89 1251 102 ἱ

263 113 435 156 CLXlI
691 108 1169 161 PROLEGQMENA

264 240 441 292 601Ρηκα
477 239 585 276 μὸἴα
618 237 693 263 1¹01!
729 222 881 261 ἀδίκου
913 233 1146 287 θὈΙρισΤΟΙΙ,
1189 222 1267 262 τοῦ
1301 219 1488 274 bywrssg
1517 232 1592 259 ··-·,’

263 280 314 322 οὐ
352 279 434 334 γὰο
472 284 552 332 μία
590 292 636 330 γε
677 271 787 317 οὖσα
825 274 918 328 ἅμα
953 274 1109 328 dyamj
1152 279 1193 316 τὲ
1232 281 1322 317 ἐστι
1355 279 1423 317 καὶ
1466 291 1591 327 κακη,

263 335 351 377 οὐδ
395 336 488 387 ἁμα
527 333 668 373 καλῶν
699 347 741 372 τε
783 333 854 371 καὶ
881 332 1087 395 αισχρῶν
1116 332 1252 384 ἕογων
1279 333 1372 386 ἐρᾷ,
1405 334 1477 372 καί
1504 330 1594 383 ἅμα

262 390 397 432 ταύτὰ
426 387 630 441 βούλεταί
659 402 703 427 τε
736 389 806 427 καὶ
839 385 889 427 οὐ
920 386 1126 452 fflov't'tsrcu
1149 385 1363 439 πράττειν·
1382 385 1490 428 ἀλλὰ
1521 387 1593 436 δῆ-

261 449 338 487 λον
370 445 439 486 ὅτι
469 442 548 483 δύο
580 441 707 483 ἐστὸν
736 439 873 499 ψυχά,
907 445 976 483 καὶ
1010 440 1118 482 ὁταν
1146 446 1227 495 μὲν
1255 458 1282 493 η
1312 439 1466 507 ἀγαθη
1483 458 1594 507 κρα

263 503 337 556 τῇ,
379 498 432 541 τά
472 496 581 540 καλὰ
621 496 882 550 πράττεται,
924 511 1031 538 οταν
1072 498 1142 538 δὲ
1135 496 1174 548 ἡ
1214 495 1399 551 πονηρά,
1442 496 1494 538 τὰ
1533 501 1594 538 αἱ·

261 553 374 621 σχρά
398 560 685 608 ὲπιχειρεῖται”
706 555 785 594 νῦν
807 554 870 606 δέ,
903 551 960 601 ὥς
993 567 1038 594 σε
1069 551 1299 607 σύμμαχον
1329 554 1468 605 ἔ2αβε,
1499 569 1594 604 xpa-

261 619 325 652 τεῖ
351 609 377 661 ἡ
408 609 563 664 ἀγαθὴ
595 612 666 651 καὶ
705 607 817 650 πάνυ
858 583 983 650 πολύ.
1054 607 1172 660 Quid
1203 608 1318 663 quod
1347 609 1358 649 i
1366 623 1439 663 pse
1472 608 1594 649 Plato

263 680 438 720 quoque
469 665 665 707 similiter
672 663 892 731 disputat
921 663 990 705 De
1020 664 1213 732 Republ.
1203 624 1320 706 qlV.
1342 624 1391 719 pp
1416 665 1512 705 436.
1543 664 1594 704 B.

260 724 404 772 Δῆλον
441 722 511 763 ὅτι
549 719 711 763 ταύτὸν
748 719 959 761 τάναντία
1007 728 1149 762 ποιεῖν
1187 717 1213 771 ἢ
1259 718 1438 788 πάσχειν
1488 718 1596 762 κατὰ

261 775 424 819 ταύτόν
451 793 505 843 γε
525 779 596 818 καὶ
626 776 736 831 πρὸς
764 774 929 817 ταύτον
968 775 1048 817 οὐκ
1077 773 1280 827 ἐθελήσει
1296 774 1432 842 ἅμα,
1473 774 1595 842 ὥστε,

258 829 314 874 ἄν
341 848 425 874 που
457 830 726 900 εὑρίσκωμεν
754 835 800 873 ἐν
829 830 981 880 αὐτοῖς
1007 833 1144 873 ταῦτα
1179 829 1438 886 γιγνόμενα,
1483 828 1596 873 εὶσό·

257 890 406 941 μεθα,
446 887 516 929 ὅτι
559 887 608 928 οὐ
647 884 808 929 ταύτὸν
845 883 915 939 ἦν,
956 886 1070 928 ἀλλὰ
1120 889 1307 941 πλείω,
1360 887 1434 929 ubi
1483 887 1595 928 conf.

260 943 389 985 etiam
424 959 465 999 p.
504 944 600 984 439.
644 943 700 983 Ι).
738 956 834 996 sqq.
903 942 1059 1007 Itaque
1096 942 1138 983 in
1183 942 1250 985 his
1289 942 1459 997 quidem
1492 942 1595 983 nihil

260 1005 460 1054 putamus
501 998 667 1061 inesse,
712 997 834 1062 quod
872 998 969 1052 quis
1016 998 1108 1039 iure
1149 1004 1224 1039 aut
1267 999 1446 1040 moleste
1488 998 1598 1039 ferat

258 1060 334 1095 aut
363 1053 559 1095 Platonis
589 1053 746 1095 rationi
777 1053 997 1095 adversari
1026 1060 1213 1106 censeat,
1243 1054 1371 1096 modo
1400 1069 1453 1095 ne
1481 1053 1596 1095 istud

256 1114 364 1164 μίαν
392 1108 420 1161 ἢ
448 1111 622 1158 πλείους
654 1111 780 1150 δυοῖν
815 1113 898 1162 μέν
927 1125 972 1162 γε
1003 1125 1040 1152 κ.
1073 1125 1111 1151 τ.
1141 1112 1178 1151 λ.
1208 1110 1496 1165 importunius
1524 1124 1595 1150 ur-

258 1171 436 1222 geatur,
476 1164 603 1206 sicuti
633 1165 826 1206 fecerunt
854 1164 942 1206 fere
972 1164 1246 1220 interpretes,
1277 1165 1353 1206 sed
1382 1165 1595 1229 intelliga-

257 1228 327 1263 tur
357 1236 408 1263 eo
438 1220 590 1274 modo,
621 1235 749 1274 quem
779 1221 972 1275 postulat
1000 1222 1210 1262 sermonis
1242 1221 1352 1262 ratio
1382 1227 1426 1262 et
1455 1220 1595 1262 consi-

256 1277 374 1319 lium.
432 1275 522 1319 Sed
552 1282 602 1317 ut
621 1276 866 1331 largiamur,
898 1276 1203 1342 philosophum
1226 1277 1366 1318 minus
1394 1284 1594 1319 accurate

257 1346 352 1375 esse
393 1332 646 1385 loquutum,
688 1346 948 1386 quamquam
986 1331 1030 1373 id
1067 1333 1187 1374 nullo
1227 1340 1356 1387 pacto
1395 1332 1596 1374 concedi·-

256 1403 373 1441 mus,
412 1394 556 1428 tamen
595 1403 649 1429 ne
695 1387 758 1429 sic
798 1386 970 1441 quidem
1000 1388 1157 1451 colligi
1197 1403 1249 1429 ex
1288 1389 1457 1444 Legum
1497 1389 1594 1430 loco

256 1443 425 1496 licebit,
474 1443 696 1485 Platonem
733 1442 841 1485 duas
881 1444 1086 1486 statuisse
1136 1445 1301 1485 animas
1339 1443 1592 1496 mundanas,

257 1514 439 1554 quarum
477 1499 542 1541 vis
582 1505 626 1540 et
662 1499 855 1562 potentia
897 1499 940 1540 in
970 1514 1110 1541 rerum
1140 1500 1417 1541 universitate
1447 1514 1593 1541 cerna-

255 1562 337 1596 tur
395 1554 628 1596 Enimvero
657 1555 803 1609 posuit
832 1554 1007 1608 quidem
1038 1555 1110 1597 ille
1132 1561 1262 1610 atque
1285 1556 1438 1598 sumsit
1468 1556 1592 1597 initio

257 1611 588 1664 disputationis,
629 1625 812 1652 ammam
854 1610 1054 1652 universe
1097 1619 1335 1666 spectatam
1375 1611 1418 1653 vi
1449 1618 1492 1652 et
1517 1626 1592 1653 na-

256 1671 354 1707 tura
391 1680 470 1707 sua
507 1672 595 1707 tam
635 1666 791 1707 bonam
823 1680 951 1719 quam
980 1667 1132 1708 malam
1164 1681 1259 1708 esse
1289 1681 1430 1722 posse,
1462 1666 1593 1722 idque

256 1722 318 1762 ita
355 1721 507 1762 statuit
547 1735 620 1762 eas
652 1720 706 1762 ob
737 1735 937 1773 caussas,
971 1721 1023 1763 de
1055 1722 1212 1776 quibus
1243 1722 1371 1764 modo
1403 1722 1590 1787 explica-

256 1783 347 1818 tum
394 1781 471 1818 est.
547 1775 812 1818 Procedente
863 1783 1006 1818 autem
1068 1777 1361 1832 disputatione
1409 1793 1592 1819 ammam

255 1830 511 1874 mundanam
542 1831 672 1874 docet
698 1831 825 1887 longe
856 1833 1083 1887 optimam
1101 1839 1146 1875 et
1180 1834 1590 1889 praestantissimam

257 1901 376 1941 esse,
415 1887 628 1941 siquidem
669 1902 722 1928 ex
757 1888 946 1930 motibus
986 1896 1029 1930 et
1070 1890 1427 1931 conversionibus
1464 1889 1591 1932 huius

255 1943 450 1985 universi
474 1943 693 1999 ,cognosci
727 1949 772 1984 et
809 1944 991 2000 intelligi
1014 1945 1190 2012 possit,
1214 1957 1395 2014 ψυχην
1407 1945 1590 2000 ἀρίστην

253 2000 562 2051 ἐπιμελεῖσθαι
590 2000 670 2041 τοῦ
697 1997 860 2054 κόσμου
884 1999 1063 2054 παντός,
1093 2004 1166 2043 καὶ
1194 1999 1315 2055 ἄγειν
1342 1999 1480 2043 αὐτὸν
1507 2001 1588 2052 τὴν

254 2052 464 2105 τοιαύτην
503 2051 611 2096 ὁδὸν
647 2057 828 2106 ἐκείνην.
894 2054 1018 2108 Quae
1058 2057 1255 2110 profecto
1292 2055 1348 2097 ad
1383 2056 1585 2121 amussim

255 2123 351 2152 cum
379 2109 464 2152 illis
494 2109 604 2151 Tim.
635 2125 677 2165 p.
708 2111 775 2152 34.
805 2110 858 2151 B.
888 2125 984 2165 sqq.
1019 2118 1278 2168 congruunt,
1310 2111 1466 2166 quibus
1497 2112 1589 2153 ani-

254 2180 365 2207 mam
423 2165 682 2207 mundanam
728 2165 932 2208 docemur
979 2181 1126 2208 omnes
1178 2167 1350 2209 habere
1380 2167 1591 2210 maximae

253 2220 435 2263 virtutis
458 2235 735 2276 summaeque
772 2223 1061 2277 praestantiae
1097 2237 1309 2267 numeros.
1369 2223 1431 2265 Ut
1456 2224 1612 2296 igitur]

253 2275 532 2319 Atheniensis
571 2292 616 2318 re
653 2292 754 2318 vera
792 2277 846 2319 de
875 2279 1016 2320 anima
1043 2293 1221 2320 numero
1250 2278 1413 2334 duplici
1441 2273 1612 2343 scisci-g

253 2336 380 2385 tetur,
412 2332 529 2385 quod
558 2338 701 2374 tamen
720 2333 844 2374 aliter
869 2331 1194 2389 intelligendum
1224 2340 1428 2389 putamus
1459 2346 1612 2388 quamn

254 2387 391 2441 primo
429 2387 636 2442 adspectu
667 2388 886 2442 videatur,
927 2396 1068 2430 tamen
1108 2389 1221 2431 idem
1260 2396 1410 2445 postea
1441 2390 1612 2433 subtili?

253 2443 622 2497 argumentatione
663 2443 791 2486 docet
829 2445 1005 2487 alteram
1045 2450 1203 2487 temere
1247 2446 1404 2494 statui,
1454 2455 1612 2511 quum›3

254 2503 347 2538 tota
383 2512 525 2540 rerum
564 2499 822 2542 universitas
859 2500 1095 2542 clarissime
1133 2507 1339 2554 testetur,
1381 2502 1601 2566 optimam
1597 2520 1605 2550 μ

254 2566 349 2595 esse
380 2559 423 2594 et
439 2555 845 2609 praestantissimam
875 2556 1070 2608 animam,
1093 2557 1217 2598 cuius
1247 2558 1289 2597 vi
1314 2557 1386 2598 illa
1403 2555 1598 2609 oieatur,
1597 2507 1612 2609 {i

252 2614 488 2663 moveatur,
521 2617 706 2665 regatur.
766 2611 888 2663 Quae
919 2610 1089 2665 quidem
1120 2612 1332 2655 sententia
1350 2594 1612 2667 clarissime?

1598 2673 1607 2787 ‘5
