<?xml version="1.0" encoding="UTF-8"?>
<!DOCTYPE html PUBLIC "-//W3C//DTD XHTML 1.0 Transitional//EN"
    "http://www.w3.org/TR/xhtml1/DTD/xhtml1-transitional.dtd">
<html xmlns="http://www.w3.org/1999/xhtml" xml:lang="en" lang="en">
 <head>
  <title>
</title>
<meta http-equiv="Content-Type" content="text/html;charset=utf-8" />
  <meta name='ocr-system' content='tesseract 3.04.00' />
  <meta name='ocr-capabilities' content='ocr_page ocr_carea ocr_par ocr_line ocrx_word'/>
</head>
<body>
  <div class='ocr_page' id='page_1' title='image "./s1operaomniarece10platuoft_0408.png"; bbox 0 0 1612 2872; ppageno 0'>
   <div class='ocr_carea' id='block_1_1' title="bbox 232 110 344 150">
    <p class='ocr_par' dir='ltr' id='par_1_1' title="bbox 232 110 344 150">
     <span class='ocr_line' id='line_1_1' title="bbox 232 110 344 150; baseline -0.009 0"><span class='ocrx_word' id='word_1_1' title='bbox 232 110 310 150; x_wconf 69' lang='lat'>228</span> <span class='ocrx_word' id='word_1_2' title='bbox 342 133 344 142; x_wconf 50' lang='grc' dir='ltr'>ι</span> 
     </span>
    </p>
   </div>
   <div class='ocr_carea' id='block_1_2' title="bbox 711 101 1082 145">
    <p class='ocr_par' dir='ltr' id='par_1_2' title="bbox 711 101 1082 145">
     <span class='ocr_line' id='line_1_2' title="bbox 711 101 1082 145; baseline -0.008 0"><span class='ocrx_word' id='word_1_3' title='bbox 711 101 1082 145; x_wconf 78' lang='lat' dir='ltr'><strong>PLATONIS</strong></span> 
     </span>
    </p>
   </div>
   <div class='ocr_carea' id='block_1_3' title="bbox 235 211 1560 597">
    <p class='ocr_par' dir='ltr' id='par_1_3' title="bbox 235 211 1560 597">
     <span class='ocr_line' id='line_1_3' title="bbox 235 211 1557 273; baseline -0.009 -8"><span class='ocrx_word' id='word_1_4' title='bbox 235 239 316 265; x_wconf 79' lang='grc' dir='ltr'>σαν</span> <span class='ocrx_word' id='word_1_5' title='bbox 373 220 450 272; x_wconf 78' lang='grc' dir='ltr'>τὴν</span> <span class='ocrx_word' id='word_1_6' title='bbox 511 217 698 273; x_wconf 77' lang='grc' dir='ltr'><em>μανικὴν</em></span> <span class='ocrx_word' id='word_1_7' title='bbox 742 217 941 270; x_wconf 74' lang='grc' dir='ltr'><em>ἐμβάλλει</em></span> <span class='ocrx_word' id='word_1_8' title='bbox 988 218 1164 269; x_wconf 81' lang='grc' dir='ltr'>χορείαν</span> <span class='ocrx_word' id='word_1_9' title='bbox 1220 211 1557 267; x_wconf 74' lang='grc' dir='ltr'>τιμωρούμενος·</span> 
     </span>
     <span class='ocr_line' id='line_1_4' title="bbox 235 277 1558 332; baseline -0.01 -1"><span class='ocrx_word' id='word_1_10' title='bbox 235 288 349 331; x_wconf 68' lang='grc' dir='ltr'>ὅθεν</span> <span class='ocrx_word' id='word_1_11' title='bbox 385 290 455 327; x_wconf 76' lang='grc' dir='ltr'>και</span> <span class='ocrx_word' id='word_1_12' title='bbox 494 283 569 326; x_wconf 82' lang='grc' dir='ltr'>τὸν</span> <span class='ocrx_word' id='word_1_13' title='bbox 615 283 733 325; x_wconf 76' lang='grc' dir='ltr'>οἶνον</span> <span class='ocrx_word' id='word_1_14' title='bbox 771 286 838 323; x_wconf 76' lang='grc' dir='ltr'>ἐπὶ</span> <span class='ocrx_word' id='word_1_15' title='bbox 875 282 993 323; x_wconf 80' lang='grc' dir='ltr'>τοῦτ’</span> <span class='ocrx_word' id='word_1_16' title='bbox 1045 278 1155 321; x_wconf 77' lang='grc' dir='ltr'>αὐτὸ</span> <span class='ocrx_word' id='word_1_17' title='bbox 1192 277 1441 332; x_wconf 72' lang='grc' dir='ltr'>δεδώρηται.</span> <span class='ocrx_word' id='word_1_18' title='bbox 1480 277 1558 331; x_wconf 70' lang='grc' dir='ltr'>ἐγώ</span> 
     </span>
     <span class='ocr_line' id='line_1_5' title="bbox 236 343 1560 404; baseline -0.008 -8"><span class='ocrx_word' id='word_1_19' title='bbox 236 356 279 396; x_wconf 74' lang='grc' dir='ltr'>δὲ</span> <span class='ocrx_word' id='word_1_20' title='bbox 328 352 382 394; x_wconf 77' lang='grc' dir='ltr'>τὰ</span> <span class='ocrx_word' id='word_1_21' title='bbox 425 355 503 404; x_wconf 80' lang='grc' dir='ltr'>μὲν</span> <span class='ocrx_word' id='word_1_22' title='bbox 549 350 733 391; x_wconf 82' lang='grc' dir='ltr'>τοιαῦτα</span> <span class='ocrx_word' id='word_1_23' title='bbox 780 356 870 397; x_wconf 80' lang='grc' dir='ltr'>τοῖς</span> <span class='ocrx_word' id='word_1_24' title='bbox 912 346 1106 403; x_wconf 71' lang='grc' dir='ltr'><em>ἀσφαλὲς</em></span> <span class='ocrx_word' id='word_1_25' title='bbox 1152 343 1405 397; x_wconf 73' lang='grc' dir='ltr'>ἡγουμένοις</span> <span class='ocrx_word' id='word_1_26' title='bbox 1451 343 1560 385; x_wconf 77' lang='grc' dir='ltr'>εἶναι</span> 
     </span>
     <span class='ocr_line' id='line_1_6' title="bbox 237 408 1558 471; baseline -0.007 -11"><span class='ocrx_word' id='word_1_27' title='bbox 237 423 369 471; x_wconf 66' lang='grc' dir='ltr'>λέγειν</span> <span class='ocrx_word' id='word_1_28' title='bbox 407 418 500 471; x_wconf 75' lang='grc' dir='ltr'>περὶ</span> <span class='ocrx_word' id='word_1_29' title='bbox 538 416 658 457; x_wconf 72' lang='grc' dir='ltr'>θεῶν</span> <span class='ocrx_word' id='word_1_30' title='bbox 692 413 850 470; x_wconf 60' lang='grc' dir='ltr'>ἀφίημι</span> <span class='ocrx_word' id='word_1_31' title='bbox 890 416 1045 464; x_wconf 72' lang='grc' dir='ltr'>λέγειν·</span> <span class='ocrx_word' id='word_1_32' title='bbox 1087 410 1131 453; x_wconf 85' lang='grc' dir='ltr'>τὸ</span> <span class='ocrx_word' id='word_1_33' title='bbox 1170 409 1412 452; x_wconf 74' lang='grc' dir='ltr'>δὲτοσόνδε</span> <span class='ocrx_word' id='word_1_34' title='bbox 1449 408 1558 458; x_wconf 82' lang='grc' dir='ltr'>οἶδα,</span> 
     </span>
     <span class='ocr_line' id='line_1_7' title="bbox 237 475 1560 534; baseline -0.006 -9"><span class='ocrx_word' id='word_1_35' title='bbox 237 481 302 526; x_wconf 86' lang='grc' dir='ltr'>ὅτι</span> <span class='ocrx_word' id='word_1_36' title='bbox 349 483 440 524; x_wconf 79' lang='grc' dir='ltr'>πᾶν</span> <span class='ocrx_word' id='word_1_37' title='bbox 473 482 607 534; x_wconf 81' lang='grc' dir='ltr'>ζῶον,</span> <span class='ocrx_word' id='word_1_38' title='bbox 654 479 761 522; x_wconf 80' lang='grc' dir='ltr'>ὅσον</span> <span class='ocrx_word' id='word_1_39' title='bbox 805 478 926 531; x_wconf 71' lang='grc' dir='ltr'>αὐτῷ</span> <span class='ocrx_word' id='word_1_40' title='bbox 971 475 1172 530; x_wconf 71' lang='grc' dir='ltr'>προςήκει</span> <span class='ocrx_word' id='word_1_41' title='bbox 1208 478 1317 519; x_wconf 82' lang='grc' dir='ltr'>νοῦν</span> <span class='ocrx_word' id='word_1_42' title='bbox 1352 478 1458 530; x_wconf 75' lang='grc' dir='ltr'>ἔχειν</span> <span class='ocrx_word' id='word_1_43' title='bbox 1495 491 1560 517; x_wconf 79' lang='grc' dir='ltr'>τε·</span> 
     </span>
     <span class='ocr_line' id='line_1_8' title="bbox 237 542 1559 597; baseline -0.005 -8"><span class='ocrx_word' id='word_1_44' title='bbox 237 551 467 597; x_wconf 52' lang='lat' dir='ltr'>lewa—evm,</span> <span class='ocrx_word' id='word_1_45' title='bbox 516 548 719 589; x_wconf 78' lang='grc' dir='ltr'>τοιοῦτον</span> <span class='ocrx_word' id='word_1_46' title='bbox 764 548 832 587; x_wconf 77' lang='grc' dir='ltr'>καὶ</span> <span class='ocrx_word' id='word_1_47' title='bbox 881 545 1093 586; x_wconf 76' lang='grc' dir='ltr'>τοσοῦτον</span> <span class='ocrx_word' id='word_1_48' title='bbox 1139 542 1265 584; x_wconf 76' lang='grc' dir='ltr'>οὐδὲν</span> <span class='ocrx_word' id='word_1_49' title='bbox 1313 545 1409 595; x_wconf 73' lang='grc' dir='ltr'>ἕχον</span> <span class='ocrx_word' id='word_1_50' title='bbox 1457 543 1559 583; x_wconf 79' lang='grc' dir='ltr'>ποτὲ</span> 
     </span>
    </p>
   </div>
   <div class='ocr_carea' id='block_1_4' title="bbox 237 694 1562 826">
    <p class='ocr_par' dir='ltr' id='par_1_4' title="bbox 237 694 1562 826">
     <span class='ocr_line' id='line_1_9' title="bbox 323 694 1559 742; baseline -0.006 -11"><span class='ocrx_word' id='word_1_51' title='bbox 323 698 524 742; x_wconf 67' lang='grc' dir='ltr'>ἐμβάλλει</span> <span class='ocrx_word' id='word_1_52' title='bbox 553 698 748 740; x_wconf 74' lang='grc' dir='ltr'>χορείαν]</span> <span class='ocrx_word' id='word_1_53' title='bbox 774 695 949 737; x_wconf 62' lang='grc' dir='ltr'>ἐμβάλλειν</span> <span class='ocrx_word' id='word_1_54' title='bbox 983 698 1020 726; x_wconf 71' lang='grc' dir='ltr'>Α.</span> <span class='ocrx_word' id='word_1_55' title='bbox 1054 695 1090 727; x_wconf 79' lang='grc' dir='ltr'>Β.</span> <span class='ocrx_word' id='word_1_56' title='bbox 1118 694 1164 724; x_wconf 80' lang='grc' dir='ltr'>Ω.</span> <span class='ocrx_word' id='word_1_57' title='bbox 1197 694 1310 739; x_wconf 69' lang='grc' dir='ltr'>Βδεῑίο</span> <span class='ocrx_word' id='word_1_58' title='bbox 1338 698 1437 734; x_wconf 70' lang='lat' dir='ltr'>teste,</span> <span class='ocrx_word' id='word_1_59' title='bbox 1466 699 1499 725; x_wconf 76' lang='lat' dir='ltr'>et</span> <span class='ocrx_word' id='word_1_60' title='bbox 1524 695 1559 726; x_wconf 85' lang='grc' dir='ltr'>Ξ.</span> 
     </span>
     <span class='ocr_line' id='line_1_10' title="bbox 237 740 1080 780; baseline -0.009 -2"><span class='ocrx_word' id='word_1_61' title='bbox 237 746 257 780; x_wconf 82' lang='lat' dir='ltr'>f.</span> <span class='ocrx_word' id='word_1_62' title='bbox 285 746 315 778; x_wconf 94' lang='lat' dir='ltr'>h.</span> <span class='ocrx_word' id='word_1_63' title='bbox 341 755 366 776; x_wconf 90' lang='lat' dir='ltr'>r.</span> <span class='ocrx_word' id='word_1_64' title='bbox 395 755 426 777; x_wconf 89' lang='lat' dir='ltr'>a.</span> <span class='ocrx_word' id='word_1_65' title='bbox 452 754 480 776; x_wconf 89' lang='lat' dir='ltr'>c.</span> <span class='ocrx_word' id='word_1_66' title='bbox 506 744 536 777; x_wconf 79' lang='grc' dir='ltr'>δ.</span> <span class='ocrx_word' id='word_1_67' title='bbox 562 756 591 775; x_wconf 92' lang='grc' dir='ltr'>ο.</span> <span class='ocrx_word' id='word_1_68' title='bbox 618 753 650 775; x_wconf 81' lang='lat' dir='ltr'>x.</span> <span class='ocrx_word' id='word_1_69' title='bbox 679 753 754 774; x_wconf 90' lang='lat' dir='ltr'>cnm</span> <span class='ocrx_word' id='word_1_70' title='bbox 784 741 857 773; x_wconf 77' lang='grc' dir='ltr'>ΑΜ.</span> <span class='ocrx_word' id='word_1_71' title='bbox 887 741 963 772; x_wconf 75' lang='lat' dir='ltr'>uas.</span> <span class='ocrx_word' id='word_1_72' title='bbox 992 740 1022 773; x_wconf 87' lang='lat'>1.</span> <span class='ocrx_word' id='word_1_73' title='bbox 1049 740 1080 772; x_wconf 83' lang='lat'>2.</span> 
     </span>
     <span class='ocr_line' id='line_1_11' title="bbox 326 782 1562 826; baseline -0.007 -5"><span class='ocrx_word' id='word_1_74' title='bbox 326 789 364 822; x_wconf 90' lang='lat' dir='ltr'>C.</span> <span class='ocrx_word' id='word_1_75' title='bbox 416 794 625 821; x_wconf 74' lang='grc' dir='ltr'>τοιοῦτον</span> <span class='ocrx_word' id='word_1_76' title='bbox 649 787 716 819; x_wconf 79' lang='grc' dir='ltr'>καὶ</span> <span class='ocrx_word' id='word_1_77' title='bbox 749 784 985 826; x_wconf 72' lang='grc' dir='ltr'>τοσοῦτον]</span> <span class='ocrx_word' id='word_1_78' title='bbox 1015 784 1091 817; x_wconf 80' lang='lat' dir='ltr'>Par.</span> <span class='ocrx_word' id='word_1_79' title='bbox 1120 785 1163 816; x_wconf 88' lang='lat' dir='ltr'>A.</span> <span class='ocrx_word' id='word_1_80' title='bbox 1190 785 1238 816; x_wconf 79' lang='grc' dir='ltr'>Ω.</span> <span class='ocrx_word' id='word_1_81' title='bbox 1266 795 1295 815; x_wconf 84' lang='lat' dir='ltr'>v.</span> <span class='ocrx_word' id='word_1_82' title='bbox 1323 782 1354 814; x_wconf 87' lang='lat' dir='ltr'>h.</span> <span class='ocrx_word' id='word_1_83' title='bbox 1381 792 1405 814; x_wconf 86' lang='lat' dir='ltr'>r.</span> <span class='ocrx_word' id='word_1_84' title='bbox 1439 785 1562 813; x_wconf 73' lang='grc' dir='ltr'>τοῦτον</span> 
     </span>
    </p>
   </div>
   <div class='ocr_carea' id='block_1_5' title="bbox 236 829 1019 875">
    <p class='ocr_par' dir='ltr' id='par_1_5' title="bbox 236 829 1019 875">
     <span class='ocr_line' id='line_1_12' title="bbox 236 829 1019 875; baseline -0.008 -9"><span class='ocrx_word' id='word_1_85' title='bbox 236 835 291 867; x_wconf 82' lang='grc' dir='ltr'>καὶ</span> <span class='ocrx_word' id='word_1_86' title='bbox 316 847 387 866; x_wconf 79' lang='grc' dir='ltr'>ιοσ.</span> <span class='ocrx_word' id='word_1_87' title='bbox 415 834 506 875; x_wconf 87' lang='lat' dir='ltr'>quod</span> <span class='ocrx_word' id='word_1_88' title='bbox 531 833 624 866; x_wconf 83' lang='lat' dir='ltr'><strong>dedit</strong></span> <span class='ocrx_word' id='word_1_89' title='bbox 651 833 821 865; x_wconf 81' lang='lat' dir='ltr'>Hermann</span> <span class='ocrx_word' id='word_1_90' title='bbox 860 836 893 862; x_wconf 75' lang='lat' dir='ltr'>et</span> <span class='ocrx_word' id='word_1_91' title='bbox 918 829 1019 862; x_wconf 90' lang='lat' dir='ltr'>Schn.</span> 
     </span>
    </p>
   </div>
   <div class='ocr_carea' id='block_1_6' title="bbox 235 942 868 1481">
    <p class='ocr_par' dir='ltr' id='par_1_6' title="bbox 235 942 868 1481">
     <span class='ocr_line' id='line_1_13' title="bbox 238 942 863 985; baseline -0.01 -9"><span class='ocrx_word' id='word_1_92' title='bbox 238 954 297 976; x_wconf 81' lang='lat' dir='ltr'>vus</span> <span class='ocrx_word' id='word_1_93' title='bbox 322 942 590 985; x_wconf 73' lang='grc' dir='ltr'>τιμωρούμενον</span> <span class='ocrx_word' id='word_1_94' title='bbox 625 943 863 982; x_wconf 71' lang='lat' dir='ltr'>requireretur,</span> 
     </span>
     <span class='ocr_line' id='line_1_14' title="bbox 235 987 863 1030; baseline -0.008 -9"><span class='ocrx_word' id='word_1_95' title='bbox 235 999 335 1030; x_wconf 81' lang='lat' dir='ltr'>quem</span> <span class='ocrx_word' id='word_1_96' title='bbox 383 987 483 1020; x_wconf 83' lang='lat' dir='ltr'>codd.</span> <span class='ocrx_word' id='word_1_97' title='bbox 529 997 648 1019; x_wconf 83' lang='lat' dir='ltr'>omnes</span> <span class='ocrx_word' id='word_1_98' title='bbox 694 988 863 1027; x_wconf 81' lang='lat' dir='ltr'>ignorant.</span> 
     </span>
     <span class='ocr_line' id='line_1_15' title="bbox 240 1032 864 1072; baseline -0.005 -7"><span class='ocrx_word' id='word_1_99' title='bbox 240 1036 420 1065; x_wconf 78' lang='lat' dir='ltr'>Praeterea</span> <span class='ocrx_word' id='word_1_100' title='bbox 445 1043 527 1065; x_wconf 85' lang='lat' dir='ltr'>vero</span> <span class='ocrx_word' id='word_1_101' title='bbox 552 1032 650 1064; x_wconf 80' lang='lat' dir='ltr'>etiam</span> <span class='ocrx_word' id='word_1_102' title='bbox 675 1032 864 1072; x_wconf 85' lang='lat' dir='ltr'>proximum</span> 
     </span>
     <span class='ocr_line' id='line_1_16' title="bbox 235 1077 864 1120; baseline -0.006 -9"><span class='ocrx_word' id='word_1_103' title='bbox 235 1077 426 1120; x_wconf 79' lang='grc' dir='ltr'><em>δεδώρηται</em></span> <span class='ocrx_word' id='word_1_104' title='bbox 477 1077 693 1109; x_wconf 78' lang='lat' dir='ltr'>indicatiuim</span> <span class='ocrx_word' id='word_1_105' title='bbox 747 1086 864 1107; x_wconf 88' lang='lat' dir='ltr'>verum</span> 
     </span>
     <span class='ocr_line' id='line_1_17' title="bbox 236 1121 864 1156; baseline -0.006 0"><span class='ocrx_word' id='word_1_106' title='bbox 236 1134 314 1156; x_wconf 79' lang='lat' dir='ltr'>esse</span> <span class='ocrx_word' id='word_1_107' title='bbox 338 1124 529 1155; x_wconf 78' lang='lat' dir='ltr'>clarissime</span> <span class='ocrx_word' id='word_1_108' title='bbox 546 1122 709 1154; x_wconf 70' lang='lat' dir='ltr'>ostendit.</span> <span class='ocrx_word' id='word_1_109' title='bbox 756 1121 864 1153; x_wconf 83' lang='lat' dir='ltr'>Nimi-</span> 
     </span>
     <span class='ocr_line' id='line_1_18' title="bbox 236 1166 864 1210; baseline -0.006 -10"><span class='ocrx_word' id='word_1_110' title='bbox 236 1179 308 1201; x_wconf 88' lang='lat' dir='ltr'>rum</span> <span class='ocrx_word' id='word_1_111' title='bbox 364 1168 513 1210; x_wconf 83' lang='lat' dir='ltr'>l&#39;oquitur</span> <span class='ocrx_word' id='word_1_112' title='bbox 561 1166 776 1198; x_wconf 76' lang='lat' dir='ltr'>Atheniensis</span> <span class='ocrx_word' id='word_1_113' title='bbox 824 1175 864 1197; x_wconf 82' lang='lat' dir='ltr'>ex</span> 
     </span>
     <span class='ocr_line' id='line_1_19' title="bbox 237 1210 866 1251; baseline -0.008 -5"><span class='ocrx_word' id='word_1_114' title='bbox 237 1217 350 1246; x_wconf 88' lang='lat' dir='ltr'>mente</span> <span class='ocrx_word' id='word_1_115' title='bbox 380 1218 415 1246; x_wconf 86' lang='lat' dir='ltr'>et</span> <span class='ocrx_word' id='word_1_116' title='bbox 445 1212 612 1245; x_wconf 89' lang='lat' dir='ltr'>sententia</span> <span class='ocrx_word' id='word_1_117' title='bbox 636 1221 771 1248; x_wconf 77' lang='lat' dir='ltr'>eorum,</span> <span class='ocrx_word' id='word_1_118' title='bbox 808 1210 866 1251; x_wconf 82' lang='lat' dir='ltr'>qni</span> 
     </span>
     <span class='ocr_line' id='line_1_20' title="bbox 235 1255 866 1291; baseline -0.006 -1"><span class='ocrx_word' id='word_1_119' title='bbox 235 1258 373 1291; x_wconf 77' lang='lat' dir='ltr'>fabulae</span> <span class='ocrx_word' id='word_1_120' title='bbox 401 1258 447 1290; x_wconf 90' lang='lat' dir='ltr'>illi</span> <span class='ocrx_word' id='word_1_121' title='bbox 470 1257 571 1290; x_wconf 81' lang='lat' dir='ltr'>fidem</span> <span class='ocrx_word' id='word_1_122' title='bbox 598 1256 730 1288; x_wconf 77' lang='lat' dir='ltr'>habent.</span> <span class='ocrx_word' id='word_1_123' title='bbox 748 1255 787 1286; x_wconf 86' lang='lat' dir='ltr'>C.</span> <span class='ocrx_word' id='word_1_124' title='bbox 805 1255 866 1287; x_wconf 85' lang='lat' dir='ltr'>Fr.</span> 
     </span>
     <span class='ocr_line' id='line_1_21' title="bbox 236 1300 865 1343; baseline -0.006 -8"><span class='ocrx_word' id='word_1_125' title='bbox 236 1303 507 1336; x_wconf 84' lang='lat' dir='ltr'>Hermannus</span> <span class='ocrx_word' id='word_1_126' title='bbox 531 1311 637 1343; x_wconf 85' lang='lat' dir='ltr'>nuper</span> <span class='ocrx_word' id='word_1_127' title='bbox 652 1300 695 1333; x_wconf 89' lang='lat' dir='ltr'>de</span> <span class='ocrx_word' id='word_1_128' title='bbox 715 1310 779 1332; x_wconf 86' lang='lat' dir='ltr'>suo</span> <span class='ocrx_word' id='word_1_129' title='bbox 805 1300 865 1332; x_wconf 89' lang='lat' dir='ltr'>de-</span> 
     </span>
     <span class='ocr_line' id='line_1_22' title="bbox 236 1344 868 1390; baseline -0.008 -10"><span class='ocrx_word' id='word_1_130' title='bbox 236 1348 300 1382; x_wconf 85' lang='lat' dir='ltr'>dit:</span> <span class='ocrx_word' id='word_1_131' title='bbox 338 1345 595 1390; x_wconf 77' lang='grc' dir='ltr'>ιιμωρούμενος</span> <span class='ocrx_word' id='word_1_132' title='bbox 638 1346 765 1386; x_wconf 77' lang='grc' dir='ltr'>δῆθεν,</span> <span class='ocrx_word' id='word_1_133' title='bbox 813 1344 868 1376; x_wconf 80' lang='grc' dir='ltr'>καὶ</span> 
     </span>
     <span class='ocr_line' id='line_1_23' title="bbox 235 1391 617 1426; baseline -0.003 -2"><span class='ocrx_word' id='word_1_134' title='bbox 235 1392 299 1426; x_wconf 77' lang='grc' dir='ltr'>τὸν</span> <span class='ocrx_word' id='word_1_135' title='bbox 334 1391 426 1424; x_wconf 77' lang='grc' dir='ltr'>οἶνον</span> <span class='ocrx_word' id='word_1_136' title='bbox 463 1405 491 1423; x_wconf 82' lang='grc' dir='ltr'>κ.</span> <span class='ocrx_word' id='word_1_137' title='bbox 523 1403 552 1423; x_wconf 84' lang='grc' dir='ltr'>τ.</span> <span class='ocrx_word' id='word_1_138' title='bbox 588 1393 617 1423; x_wconf 81' lang='grc' dir='ltr'>λ.</span> 
     </span>
     <span class='ocr_line' id='line_1_24' title="bbox 235 1447 334 1481; baseline -0.02 -11"><span class='ocrx_word' id='word_1_139' title='bbox 235 1447 334 1481; x_wconf 87' lang='lat' dir='ltr'>opus.</span> 
     </span>
    </p>
   </div>
   <div class='ocr_carea' id='block_1_7' title="bbox 683 1391 866 1424">
    <p class='ocr_par' dir='ltr' id='par_1_7' title="bbox 683 1391 866 1424">
     <span class='ocr_line' id='line_1_25' title="bbox 683 1391 866 1424; baseline -0.011 0"><span class='ocrx_word' id='word_1_140' title='bbox 683 1391 762 1424; x_wconf 79' lang='lat' dir='ltr'>Quo</span> <span class='ocrx_word' id='word_1_141' title='bbox 801 1400 866 1422; x_wconf 87' lang='lat' dir='ltr'>non</span> 
     </span>
    </p>
   </div>
   <div class='ocr_carea' id='block_1_8' title="bbox 234 1500 868 2209">
    <p class='ocr_par' dir='ltr' id='par_1_8' title="bbox 234 1500 868 2209">
     <span class='ocr_line' id='line_1_26' title="bbox 281 1500 867 1545; baseline -0.009 -9"><span class='ocrx_word' id='word_1_142' title='bbox 281 1505 320 1536; x_wconf 90' lang='lat' dir='ltr'>C.</span> <span class='ocrx_word' id='word_1_143' title='bbox 371 1502 473 1535; x_wconf 70' lang='grc' dir='ltr'>ὅσον</span> <span class='ocrx_word' id='word_1_144' title='bbox 507 1501 622 1545; x_wconf 70' lang='grc' dir='ltr'>αὐτῷ</span> <span class='ocrx_word' id='word_1_145' title='bbox 657 1500 867 1545; x_wconf 68' lang='grc' dir='ltr'>προςήκει</span> 
     </span>
     <span class='ocr_line' id='line_1_27' title="bbox 235 1545 868 1591; baseline -0.008 -10"><span class='ocrx_word' id='word_1_146' title='bbox 235 1550 300 1591; x_wconf 79' lang='lat'>—-]</span> <span class='ocrx_word' id='word_1_147' title='bbox 324 1548 555 1590; x_wconf 79' lang='lat' dir='ltr'>lungendum:</span> <span class='ocrx_word' id='word_1_148' title='bbox 582 1547 639 1578; x_wconf 69' lang='grc' dir='ltr'>ὅτι</span> <span class='ocrx_word' id='word_1_149' title='bbox 664 1547 746 1585; x_wconf 73' lang='grc' dir='ltr'>ζῶον</span> <span class='ocrx_word' id='word_1_150' title='bbox 771 1545 868 1578; x_wconf 69' lang='grc' dir='ltr'>οὐδὲν</span> 
     </span>
     <span class='ocr_line' id='line_1_28' title="bbox 236 1593 868 1636; baseline -0.008 -10"><span class='ocrx_word' id='word_1_151' title='bbox 236 1593 362 1636; x_wconf 74' lang='grc' dir='ltr'><strong><em>φύεταί</em></strong></span> <span class='ocrx_word' id='word_1_152' title='bbox 382 1604 464 1625; x_wconf 73' lang='grc' dir='ltr'>ποτε</span> <span class='ocrx_word' id='word_1_153' title='bbox 490 1595 572 1633; x_wconf 68' lang='grc' dir='ltr'>ἔχων</span> <span class='ocrx_word' id='word_1_154' title='bbox 603 1595 684 1623; x_wconf 84' lang='grc' dir='ltr'>νοῦν</span> <span class='ocrx_word' id='word_1_155' title='bbox 706 1594 868 1623; x_wconf 80' lang='grc' dir='ltr'>τοιοῦτον</span> 
     </span>
     <span class='ocr_line' id='line_1_29' title="bbox 235 1634 866 1678; baseline -0.006 -8"><span class='ocrx_word' id='word_1_156' title='bbox 235 1638 291 1670; x_wconf 74' lang='grc' dir='ltr'>καὶ</span> <span class='ocrx_word' id='word_1_157' title='bbox 322 1640 506 1676; x_wconf 76' lang='grc' dir='ltr'>τοσοῦτον,</span> <span class='ocrx_word' id='word_1_158' title='bbox 539 1635 621 1668; x_wconf 66' lang='grc' dir='ltr'>ὅσον</span> <span class='ocrx_word' id='word_1_159' title='bbox 653 1638 740 1677; x_wconf 61' lang='grc' dir='ltr'>ἔχειν</span> <span class='ocrx_word' id='word_1_160' title='bbox 772 1634 866 1678; x_wconf 72' lang='grc' dir='ltr'>αὐτῷ</span> 
     </span>
     <span class='ocr_line' id='line_1_30' title="bbox 235 1680 865 1728; baseline -0.008 -12"><span class='ocrx_word' id='word_1_161' title='bbox 235 1681 397 1728; x_wconf 70' lang='grc' dir='ltr'>προςήκει</span> <span class='ocrx_word' id='word_1_162' title='bbox 436 1682 648 1713; x_wconf 77' lang='grc' dir='ltr'>τελεωθέντι.</span> <span class='ocrx_word' id='word_1_163' title='bbox 707 1680 758 1712; x_wconf 82' lang='lat' dir='ltr'>Ex</span> <span class='ocrx_word' id='word_1_164' title='bbox 798 1690 865 1721; x_wconf 87' lang='lat' dir='ltr'>quo</span> 
     </span>
     <span class='ocr_line' id='line_1_31' title="bbox 236 1725 866 1771; baseline -0.008 -10"><span class='ocrx_word' id='word_1_165' title='bbox 236 1728 453 1771; x_wconf 85' lang='lat' dir='ltr'>perspicuum</span> <span class='ocrx_word' id='word_1_166' title='bbox 494 1737 572 1759; x_wconf 85' lang='lat' dir='ltr'>esse</span> <span class='ocrx_word' id='word_1_167' title='bbox 611 1726 732 1762; x_wconf 82' lang='lat' dir='ltr'>debet,</span> <span class='ocrx_word' id='word_1_168' title='bbox 774 1725 866 1757; x_wconf 84' lang='lat' dir='ltr'>istud</span> 
     </span>
     <span class='ocr_line' id='line_1_32' title="bbox 234 1771 864 1810; baseline -0.005 -6"><span class='ocrx_word' id='word_1_169' title='bbox 234 1777 303 1805; x_wconf 80' lang='grc' dir='ltr'>πᾶν</span> <span class='ocrx_word' id='word_1_170' title='bbox 338 1776 418 1803; x_wconf 80' lang='lat' dir='ltr'>ante</span> <span class='ocrx_word' id='word_1_171' title='bbox 456 1771 540 1810; x_wconf 85' lang='grc' dir='ltr'>ζῶον</span> <span class='ocrx_word' id='word_1_172' title='bbox 583 1771 732 1803; x_wconf 78' lang='lat' dir='ltr'>otiosum</span> <span class='ocrx_word' id='word_1_173' title='bbox 776 1780 864 1801; x_wconf 85' lang='lat' dir='ltr'>esse.</span> 
     </span>
     <span class='ocr_line' id='line_1_33' title="bbox 235 1814 865 1850; baseline -0.008 0"><span class='ocrx_word' id='word_1_174' title='bbox 235 1818 308 1850; x_wconf 88' lang='lat' dir='ltr'>Nec</span> <span class='ocrx_word' id='word_1_175' title='bbox 333 1822 446 1849; x_wconf 85' lang='lat' dir='ltr'>tamen</span> <span class='ocrx_word' id='word_1_176' title='bbox 469 1815 551 1847; x_wconf 90' lang='lat' dir='ltr'>illud</span> <span class='ocrx_word' id='word_1_177' title='bbox 584 1814 786 1848; x_wconf 84' lang='lat' dir='ltr'>eiicieudnm</span> <span class='ocrx_word' id='word_1_178' title='bbox 812 1825 865 1846; x_wconf 84' lang='lat' dir='ltr'>ar-</span> 
     </span>
     <span class='ocr_line' id='line_1_34' title="bbox 236 1859 864 1895; baseline -0.008 0"><span class='ocrx_word' id='word_1_179' title='bbox 236 1863 413 1895; x_wconf 87' lang='lat' dir='ltr'>bitramur.</span> <span class='ocrx_word' id='word_1_180' title='bbox 463 1861 578 1893; x_wconf 81' lang='lat' dir='ltr'>Habet</span> <span class='ocrx_word' id='word_1_181' title='bbox 596 1861 682 1892; x_wconf 88' lang='lat' dir='ltr'>enim</span> <span class='ocrx_word' id='word_1_182' title='bbox 708 1859 864 1891; x_wconf 80' lang='lat' dir='ltr'><strong>idoneam</strong></span> 
     </span>
     <span class='ocr_line' id='line_1_35' title="bbox 236 1903 864 1950; baseline -0.008 -10"><span class='ocrx_word' id='word_1_183' title='bbox 236 1908 498 1950; x_wconf 78' lang='lat' dir='ltr'><strong>explicationem</strong></span> <span class='ocrx_word' id='word_1_184' title='bbox 550 1915 593 1938; x_wconf 84' lang='lat' dir='ltr'>ex</span> <span class='ocrx_word' id='word_1_185' title='bbox 650 1903 864 1936; x_wconf 83' lang='lat' dir='ltr'>anacolutho.</span> 
     </span>
     <span class='ocr_line' id='line_1_36' title="bbox 235 1949 865 1994; baseline -0.01 -8"><span class='ocrx_word' id='word_1_186' title='bbox 235 1953 373 1994; x_wconf 77' lang='lat' dir='ltr'>Quippe</span> <span class='ocrx_word' id='word_1_187' title='bbox 411 1951 563 1983; x_wconf 82' lang='lat' dir='ltr'>dicturus</span> <span class='ocrx_word' id='word_1_188' title='bbox 602 1954 675 1982; x_wconf 85' lang='lat' dir='ltr'>erat</span> <span class='ocrx_word' id='word_1_189' title='bbox 705 1949 865 1990; x_wconf 84' lang='lat' dir='ltr'>scriptor,</span> 
     </span>
     <span class='ocr_line' id='line_1_37' title="bbox 236 1993 867 2034; baseline -0.013 -4"><span class='ocrx_word' id='word_1_190' title='bbox 236 1998 299 2030; x_wconf 92' lang='lat' dir='ltr'>nisi</span> <span class='ocrx_word' id='word_1_191' title='bbox 328 1997 449 2034; x_wconf 83' lang='lat' dir='ltr'>fallor,</span> <span class='ocrx_word' id='word_1_192' title='bbox 485 1994 566 2027; x_wconf 86' lang='lat' dir='ltr'>hoc:</span> <span class='ocrx_word' id='word_1_193' title='bbox 599 1993 655 2025; x_wconf 78' lang='grc' dir='ltr'>δ’τι</span> <span class='ocrx_word' id='word_1_194' title='bbox 681 1995 748 2024; x_wconf 76' lang='grc' dir='ltr'>πᾶν</span> <span class='ocrx_word' id='word_1_195' title='bbox 773 1993 867 2032; x_wconf 69' lang='grc' dir='ltr'>ζῶον,</span> 
     </span>
     <span class='ocr_line' id='line_1_38' title="bbox 236 2039 866 2084; baseline -0.01 -10"><span class='ocrx_word' id='word_1_196' title='bbox 236 2041 318 2074; x_wconf 67' lang='grc' dir='ltr'>ὅσον</span> <span class='ocrx_word' id='word_1_197' title='bbox 351 2040 447 2084; x_wconf 74' lang='grc' dir='ltr'>αὗτῷ</span> <span class='ocrx_word' id='word_1_198' title='bbox 469 2039 633 2083; x_wconf 76' lang='grc' dir='ltr'>προςήκει</span> <span class='ocrx_word' id='word_1_199' title='bbox 663 2039 746 2070; x_wconf 81' lang='grc' dir='ltr'>νοῦν</span> <span class='ocrx_word' id='word_1_200' title='bbox 770 2040 866 2079; x_wconf 67' lang='grc' dir='ltr'>ἔχειν,</span> 
     </span>
     <span class='ocr_line' id='line_1_39' title="bbox 235 2085 866 2124; baseline -0.01 -5"><span class='ocrx_word' id='word_1_201' title='bbox 235 2090 405 2119; x_wconf 76' lang='grc' dir='ltr'>τοσοῦτον</span> <span class='ocrx_word' id='word_1_202' title='bbox 436 2085 604 2116; x_wconf 75' lang='grc' dir='ltr'>τελεωθέν</span> <span class='ocrx_word' id='word_1_203' title='bbox 639 2095 722 2115; x_wconf 85' lang='grc' dir='ltr'>ποτε</span> <span class='ocrx_word' id='word_1_204' title='bbox 752 2086 866 2124; x_wconf 78' lang='grc' dir='ltr'><strong><em>κέκτη-</em></strong></span> 
     </span>
     <span class='ocr_line' id='line_1_40' title="bbox 236 2129 865 2164; baseline -0.005 -1"><span class='ocrx_word' id='word_1_205' title='bbox 236 2144 303 2164; x_wconf 83' lang='grc' dir='ltr'>ται.</span> <span class='ocrx_word' id='word_1_206' title='bbox 353 2129 423 2163; x_wconf 87' lang='lat' dir='ltr'>Sed</span> <span class='ocrx_word' id='word_1_207' title='bbox 438 2129 473 2162; x_wconf 91' lang='lat' dir='ltr'>id</span> <span class='ocrx_word' id='word_1_208' title='bbox 500 2129 622 2161; x_wconf 84' lang='lat' dir='ltr'>deinde</span> <span class='ocrx_word' id='word_1_209' title='bbox 638 2133 769 2161; x_wconf 84' lang='lat' dir='ltr'>mutato</span> <span class='ocrx_word' id='word_1_210' title='bbox 795 2138 865 2160; x_wconf 87' lang='lat' dir='ltr'>ser-</span> 
     </span>
     <span class='ocr_line' id='line_1_41' title="bbox 237 2175 834 2209; baseline -0.008 0"><span class='ocrx_word' id='word_1_211' title='bbox 237 2177 347 2209; x_wconf 84' lang='lat' dir='ltr'>monis</span> <span class='ocrx_word' id='word_1_212' title='bbox 370 2180 491 2209; x_wconf 87' lang='lat' dir='ltr'>tenore</span> <span class='ocrx_word' id='word_1_213' title='bbox 516 2175 705 2207; x_wconf 81' lang='lat' dir='ltr'>enuntiavit</span> <span class='ocrx_word' id='word_1_214' title='bbox 727 2175 834 2205; x_wconf 85' lang='lat' dir='ltr'>aliter.</span> 
     </span>
    </p>
   </div>
   <div class='ocr_carea' id='block_1_9' title="bbox 234 2239 866 2688">
    <p class='ocr_par' dir='ltr' id='par_1_9' title="bbox 234 2239 866 2688">
     <span class='ocr_line' id='line_1_42' title="bbox 283 2239 866 2284; baseline -0.005 -11"><span class='ocrx_word' id='word_1_215' title='bbox 283 2242 352 2273; x_wconf 79' lang='grc' dir='ltr'>καὶ</span> <span class='ocrx_word' id='word_1_216' title='bbox 383 2241 486 2274; x_wconf 69' lang='grc' dir='ltr'>ὅταν</span> <span class='ocrx_word' id='word_1_217' title='bbox 514 2239 754 2284; x_wconf 71' lang='grc' dir='ltr'>ἀκταινώσῃ</span> <span class='ocrx_word' id='word_1_218' title='bbox 779 2240 866 2271; x_wconf 64' lang='lat' dir='ltr'>{av-</span> 
     </span>
     <span class='ocr_line' id='line_1_43' title="bbox 237 2285 864 2328; baseline -0.005 -9"><span class='ocrx_word' id='word_1_219' title='bbox 237 2285 282 2319; x_wconf 81' lang='grc' dir='ltr'><strong><em>τό</em></strong></span> <span class='ocrx_word' id='word_1_220' title='bbox 310 2285 518 2328; x_wconf 71' lang='grc' dir='ltr'>τάχιστα]</span> <span class='ocrx_word' id='word_1_221' title='bbox 550 2287 608 2318; x_wconf 89' lang='lat' dir='ltr'>Sic</span> <span class='ocrx_word' id='word_1_222' title='bbox 639 2285 741 2318; x_wconf 87' lang='lat' dir='ltr'><strong>codd.</strong></span> <span class='ocrx_word' id='word_1_223' title='bbox 768 2294 864 2326; x_wconf 89' lang='lat' dir='ltr'>prae-</span> 
     </span>
     <span class='ocr_line' id='line_1_44' title="bbox 237 2330 866 2372; baseline -0.006 -8"><span class='ocrx_word' id='word_1_224' title='bbox 237 2332 455 2370; x_wconf 84' lang='lat' dir='ltr'>stantissimi,</span> <span class='ocrx_word' id='word_1_225' title='bbox 479 2341 566 2372; x_wconf 85' lang='lat' dir='ltr'>quos</span> <span class='ocrx_word' id='word_1_226' title='bbox 591 2331 623 2363; x_wconf 91' lang='lat' dir='ltr'>in</span> <span class='ocrx_word' id='word_1_227' title='bbox 648 2330 866 2362; x_wconf 79' lang='lat' dir='ltr'>annotatione</span> 
     </span>
     <span class='ocr_line' id='line_1_45' title="bbox 238 2377 865 2416; baseline -0.006 -8"><span class='ocrx_word' id='word_1_228' title='bbox 238 2377 352 2409; x_wconf 82' lang='lat' dir='ltr'>critica</span> <span class='ocrx_word' id='word_1_229' title='bbox 397 2378 687 2413; x_wconf 79' lang='lat' dir='ltr'>enumeravimus,</span> <span class='ocrx_word' id='word_1_230' title='bbox 725 2385 785 2416; x_wconf 87' lang='lat' dir='ltr'>pro</span> <span class='ocrx_word' id='word_1_231' title='bbox 824 2383 865 2405; x_wconf 89' lang='lat' dir='ltr'>eo</span> 
     </span>
     <span class='ocr_line' id='line_1_46' title="bbox 237 2418 865 2462; baseline -0.008 -8"><span class='ocrx_word' id='word_1_232' title='bbox 237 2421 330 2462; x_wconf 82' lang='lat' dir='ltr'>quod</span> <span class='ocrx_word' id='word_1_233' title='bbox 350 2422 450 2462; x_wconf 83' lang='lat' dir='ltr'>vulgo</span> <span class='ocrx_word' id='word_1_234' title='bbox 465 2421 769 2454; x_wconf 86' lang='lat' dir='ltr'>circumferebatur</span> <span class='ocrx_word' id='word_1_235' title='bbox 780 2418 865 2450; x_wconf 76' lang='grc' dir='ltr'><strong><em>ἄπυ-</em></strong></span> 
     </span>
     <span class='ocr_line' id='line_1_47' title="bbox 237 2464 863 2506; baseline -0.006 -7"><span class='ocrx_word' id='word_1_236' title='bbox 237 2466 346 2506; x_wconf 74' lang='grc' dir='ltr'>κτείνῃ</span> <span class='ocrx_word' id='word_1_237' title='bbox 368 2478 418 2502; x_wconf 80' lang='grc' dir='ltr'>τις</span> <span class='ocrx_word' id='word_1_238' title='bbox 442 2464 542 2504; x_wconf 73' lang='grc' dir='ltr'><strong><em>αὐτὸ,</em></strong></span> <span class='ocrx_word' id='word_1_239' title='bbox 565 2476 633 2506; x_wconf 89' lang='lat' dir='ltr'>quo</span> <span class='ocrx_word' id='word_1_240' title='bbox 659 2465 733 2497; x_wconf 89' lang='lat' dir='ltr'>nihil</span> <span class='ocrx_word' id='word_1_241' title='bbox 760 2464 863 2496; x_wconf 87' lang='lat' dir='ltr'>insul·</span> 
     </span>
     <span class='ocr_line' id='line_1_48' title="bbox 238 2507 865 2551; baseline -0.006 -8"><span class='ocrx_word' id='word_1_242' title='bbox 238 2511 306 2543; x_wconf 85' lang='lat' dir='ltr'>sius</span> <span class='ocrx_word' id='word_1_243' title='bbox 330 2510 407 2550; x_wconf 81' lang='lat' dir='ltr'>tingi</span> <span class='ocrx_word' id='word_1_244' title='bbox 434 2513 558 2551; x_wconf 86' lang='lat' dir='ltr'>potest.</span> <span class='ocrx_word' id='word_1_245' title='bbox 585 2510 614 2541; x_wconf 92' lang='lat' dir='ltr'>P</span> <span class='ocrx_word' id='word_1_246' title='bbox 625 2510 643 2542; x_wconf 89' lang='lat' dir='ltr'>h</span> <span class='ocrx_word' id='word_1_247' title='bbox 656 2520 670 2542; x_wconf 92' lang='lat' dir='ltr'>r</span> <span class='ocrx_word' id='word_1_248' title='bbox 680 2520 699 2550; x_wconf 87' lang='lat' dir='ltr'>y</span> <span class='ocrx_word' id='word_1_249' title='bbox 709 2507 806 2541; x_wconf 89' lang='lat' dir='ltr'>nich</span> <span class='ocrx_word' id='word_1_250' title='bbox 817 2518 839 2539; x_wconf 91' lang='lat' dir='ltr'>u</span> <span class='ocrx_word' id='word_1_251' title='bbox 850 2518 865 2538; x_wconf 85' lang='lat' dir='ltr'>s</span> 
     </span>
     <span class='ocr_line' id='line_1_49' title="bbox 238 2552 865 2595; baseline -0.008 -7"><span class='ocrx_word' id='word_1_252' title='bbox 238 2556 271 2588; x_wconf 89' lang='lat' dir='ltr'>in</span> <span class='ocrx_word' id='word_1_253' title='bbox 308 2554 455 2587; x_wconf 85' lang='lat' dir='ltr'>Bekkeri</span> <span class='ocrx_word' id='word_1_254' title='bbox 498 2554 624 2586; x_wconf 82' lang='lat' dir='ltr'>Anecd.</span> <span class='ocrx_word' id='word_1_255' title='bbox 664 2556 692 2586; x_wconf 94' lang='grc' dir='ltr'>Ι.</span> <span class='ocrx_word' id='word_1_256' title='bbox 733 2564 765 2595; x_wconf 90' lang='lat' dir='ltr'>p.</span> <span class='ocrx_word' id='word_1_257' title='bbox 803 2552 865 2586; x_wconf 79' lang='lat'>23:</span> 
     </span>
     <span class='ocr_line' id='line_1_50' title="bbox 234 2594 862 2641; baseline -0.005 -9"><span class='ocrx_word' id='word_1_258' title='bbox 234 2599 406 2632; x_wconf 66' lang='lat' dir='ltr'>’Auram</span> <span class='ocrx_word' id='word_1_259' title='bbox 417 2602 498 2631; x_wconf 82' lang='grc' dir='ltr'>ὦσα</span> <span class='ocrx_word' id='word_1_260' title='bbox 509 2612 521 2630; x_wconf 91' lang='grc' dir='ltr'>ι</span> <span class='ocrx_word' id='word_1_261' title='bbox 532 2610 538 2616; x_wconf 94' lang='grc'><em>·</em></span> <span class='ocrx_word' id='word_1_262' title='bbox 566 2600 720 2641; x_wconf 72' lang='grc' dir='ltr'>σημαίνει</span> <span class='ocrx_word' id='word_1_263' title='bbox 741 2599 799 2640; x_wconf 73' lang='grc' dir='ltr'>μὲν</span> <span class='ocrx_word' id='word_1_264' title='bbox 824 2594 862 2629; x_wconf 76' lang='grc' dir='ltr'>ιδ</span> 
     </span>
     <span class='ocr_line' id='line_1_51' title="bbox 247 2642 864 2688; baseline -0.006 -11"><span class='ocrx_word' id='word_1_265' title='bbox 247 2644 375 2688; x_wconf 53' lang='lat' dir='ltr'>‘waiam</span> <span class='ocrx_word' id='word_1_266' title='bbox 396 2643 596 2687; x_wconf 56' lang='lat' dir='ltr'>‚catenaque</span> <span class='ocrx_word' id='word_1_267' title='bbox 626 2642 681 2675; x_wconf 79' lang='grc' dir='ltr'>καὶ</span> <span class='ocrx_word' id='word_1_268' title='bbox 703 2643 864 2686; x_wconf 79' lang='grc' dir='ltr'>μετεωρί-</span> 
     </span>
    </p>
   </div>
   <div class='ocr_carea' id='block_1_10' title="bbox 930 936 1612 2678">
    <p class='ocr_par' dir='ltr' id='par_1_10' title="bbox 930 936 1612 2678">
     <span class='ocr_line' id='line_1_52' title="bbox 934 936 1597 982; baseline -0.003 -12"><span class='ocrx_word' id='word_1_269' title='bbox 934 948 1006 970; x_wconf 77' lang='grc' dir='ltr'>σαι·</span> <span class='ocrx_word' id='word_1_270' title='bbox 1034 940 1166 980; x_wconf 73' lang='grc' dir='ltr'>εἴρηται</span> <span class='ocrx_word' id='word_1_271' title='bbox 1198 938 1232 970; x_wconf 67' lang='grc' dir='ltr'>δὲ</span> <span class='ocrx_word' id='word_1_272' title='bbox 1265 936 1331 982; x_wconf 62' lang='grc' dir='ltr'>αἠῥ</span> <span class='ocrx_word' id='word_1_273' title='bbox 1361 941 1421 978; x_wconf 70' lang='grc' dir='ltr'>τῆς</span> <span class='ocrx_word' id='word_1_274' title='bbox 1445 936 1562 977; x_wconf 75' lang='grc' dir='ltr'>ἅκιῆς,</span> <span class='ocrx_word' id='word_1_275' title='bbox 1594 939 1597 944; x_wconf 73' lang='lat'><em>&#39;</em></span> 
     </span>
     <span class='ocr_line' id='line_1_53' title="bbox 936 981 1561 1026; baseline -0.002 -13"><span class='ocrx_word' id='word_1_276' title='bbox 936 987 995 1015; x_wconf 82' lang='grc' dir='ltr'>ιοῦ</span> <span class='ocrx_word' id='word_1_277' title='bbox 1022 987 1153 1026; x_wconf 72' lang='grc' dir='ltr'>φυτοῦ,</span> <span class='ocrx_word' id='word_1_278' title='bbox 1181 981 1245 1023; x_wconf 70' lang='grc' dir='ltr'>ἀφ’</span> <span class='ocrx_word' id='word_1_279' title='bbox 1279 985 1318 1013; x_wconf 81' lang='grc' dir='ltr'>οὑ</span> <span class='ocrx_word' id='word_1_280' title='bbox 1347 982 1387 1014; x_wconf 73' lang='grc' dir='ltr'>τὰ</span> <span class='ocrx_word' id='word_1_281' title='bbox 1418 981 1561 1014; x_wconf 70' lang='grc' dir='ltr'>ἀκόντια</span> 
     </span>
     <span class='ocr_line' id='line_1_54' title="bbox 933 1024 1562 1070; baseline -0.003 -10"><span class='ocrx_word' id='word_1_282' title='bbox 933 1033 1102 1070; x_wconf 63' lang='grc' dir='ltr'>τίμιειαι.</span> <span class='ocrx_word' id='word_1_283' title='bbox 1149 1028 1220 1059; x_wconf 74' lang='grc' dir='ltr'>Καὶ</span> <span class='ocrx_word' id='word_1_284' title='bbox 1249 1027 1319 1058; x_wconf 68' lang='grc' dir='ltr'>ἐπεὶ</span> <span class='ocrx_word' id='word_1_285' title='bbox 1353 1027 1393 1058; x_wconf 81' lang='grc' dir='ltr'>τὰ</span> <span class='ocrx_word' id='word_1_286' title='bbox 1423 1024 1562 1058; x_wconf 70' lang='grc' dir='ltr'>ἀκόντια</span> 
     </span>
     <span class='ocr_line' id='line_1_55' title="bbox 933 1070 1612 1126; baseline -0.004 -22"><span class='ocrx_word' id='word_1_287' title='bbox 933 1075 979 1108; x_wconf 70' lang='grc' dir='ltr'>εἰς</span> <span class='ocrx_word' id='word_1_288' title='bbox 1005 1073 1094 1116; x_wconf 65' lang='grc' dir='ltr'>ὕψος</span> <span class='ocrx_word' id='word_1_289' title='bbox 1120 1074 1251 1114; x_wconf 69' lang='grc' dir='ltr'>αἴρεται</span> <span class='ocrx_word' id='word_1_290' title='bbox 1286 1071 1468 1126; x_wconf 45' lang='grc' dir='ltr'>ἀφιέμενα,</span> <span class='ocrx_word' id='word_1_291' title='bbox 1504 1070 1560 1103; x_wconf 77' lang='grc' dir='ltr'>διὰ</span> <span class='ocrx_word' id='word_1_292' title='bbox 1607 1097 1612 1101; x_wconf 72' lang='grc'><strong>,</strong></span> 
     </span>
     <span class='ocr_line' id='line_1_56' title="bbox 936 1116 1563 1159; baseline -0.002 -10"><span class='ocrx_word' id='word_1_293' title='bbox 936 1123 1037 1150; x_wconf 81' lang='grc' dir='ltr'>ιοῦιο</span> <span class='ocrx_word' id='word_1_294' title='bbox 1062 1118 1116 1148; x_wconf 77' lang='grc' dir='ltr'>καὶ</span> <span class='ocrx_word' id='word_1_295' title='bbox 1141 1118 1341 1153; x_wconf 63' lang='lat' dir='ltr'>eninm-10&lt;</span> <span class='ocrx_word' id='word_1_296' title='bbox 1366 1116 1563 1159; x_wconf 62' lang='grc' dir='ltr'>’ὑψουμένου</span> 
     </span>
     <span class='ocr_line' id='line_1_57' title="bbox 934 1158 1562 1204; baseline -0.005 -10"><span class='ocrx_word' id='word_1_297' title='bbox 934 1163 989 1194; x_wconf 77' lang='grc' dir='ltr'>καὶ</span> <span class='ocrx_word' id='word_1_298' title='bbox 1014 1163 1188 1204; x_wconf 81' lang='grc' dir='ltr'>πηδῶν-τος</span> <span class='ocrx_word' id='word_1_299' title='bbox 1212 1158 1301 1204; x_wconf 77' lang='grc' dir='ltr'>μεθ’</span> <span class='ocrx_word' id='word_1_300' title='bbox 1325 1160 1437 1204; x_wconf 71' lang='grc' dir='ltr'>ὁρμῆς</span> <span class='ocrx_word' id='word_1_301' title='bbox 1461 1164 1562 1202; x_wconf 47' lang='lat' dir='ltr'>(zion</span> 
     </span>
     <span class='ocr_line' id='line_1_58' title="bbox 932 1205 1574 1247; baseline -0.005 -7"><span class='ocrx_word' id='word_1_302' title='bbox 932 1206 972 1240; x_wconf 74' lang='grc' dir='ltr'>ἰὁ</span> <span class='ocrx_word' id='word_1_303' title='bbox 988 1207 1205 1239; x_wconf 77' lang='grc' dir='ltr'>ἄκταινῶσαι.</span> <span class='ocrx_word' id='word_1_304' title='bbox 1220 1205 1395 1247; x_wconf 77' lang='grc' dir='ltr'>Αἰσχύλος</span> <span class='ocrx_word' id='word_1_305' title='bbox 1418 1205 1574 1247; x_wconf 68' lang='grc' dir='ltr'>,,()ὐκίι”</span> 
     </span>
     <span class='ocr_line' id='line_1_59' title="bbox 931 1246 1563 1294; baseline -0.003 -11"><span class='ocrx_word' id='word_1_306' title='bbox 931 1248 1103 1284; x_wconf 72' lang='grc' dir='ltr'>ιῖιιῑαίνω“</span> <span class='ocrx_word' id='word_1_307' title='bbox 1129 1254 1223 1293; x_wconf 66' lang='grc' dir='ltr'><strong><em>φησί,</em></strong></span> <span class='ocrx_word' id='word_1_308' title='bbox 1243 1250 1452 1294; x_wconf 74' lang='grc' dir='ltr'>βαριιιόνως,</span> <span class='ocrx_word' id='word_1_309' title='bbox 1478 1246 1563 1291; x_wconf 73' lang='grc' dir='ltr'>οἷον,</span> 
     </span>
     <span class='ocr_line' id='line_1_60' title="bbox 932 1293 1562 1339; baseline -0.005 -10"><span class='ocrx_word' id='word_1_310' title='bbox 932 1297 1045 1329; x_wconf 72' lang='grc' dir='ltr'>οὐκέτι</span> <span class='ocrx_word' id='word_1_311' title='bbox 1071 1295 1211 1339; x_wconf 77' lang='grc' dir='ltr'>ὀρθοῦν</span> <span class='ocrx_word' id='word_1_312' title='bbox 1235 1294 1383 1338; x_wconf 72' lang='grc' dir='ltr'>δύναμαι</span> <span class='ocrx_word' id='word_1_313' title='bbox 1398 1293 1562 1337; x_wconf 80' lang='grc' dir='ltr'>ἐμαυτήν.</span> 
     </span>
     <span class='ocr_line' id='line_1_61' title="bbox 935 1339 1564 1383; baseline -0.005 -9"><span class='ocrx_word' id='word_1_314' title='bbox 935 1341 1080 1374; x_wconf 74' lang='grc' dir='ltr'>Πλάτων</span> <span class='ocrx_word' id='word_1_315' title='bbox 1120 1343 1155 1374; x_wconf 76' lang='grc' dir='ltr'>δὲ</span> <span class='ocrx_word' id='word_1_316' title='bbox 1185 1342 1220 1373; x_wconf 79' lang='grc' dir='ltr'>ἐν</span> <span class='ocrx_word' id='word_1_317' title='bbox 1257 1343 1303 1383; x_wconf 82' lang='grc' dir='ltr'>τῷ</span> <span class='ocrx_word' id='word_1_318' title='bbox 1339 1341 1491 1372; x_wconf 78' lang='grc' dir='ltr'>Φαίδωνι</span> <span class='ocrx_word' id='word_1_319' title='bbox 1520 1339 1564 1377; x_wconf 77' lang='grc' dir='ltr'>ὥς</span> 
     </span>
     <span class='ocr_line' id='line_1_62' title="bbox 930 1384 1562 1430; baseline -0.005 -11"><span class='ocrx_word' id='word_1_320' title='bbox 930 1386 999 1420; x_wconf 77' lang='grc' dir='ltr'>ἅπό</span> <span class='ocrx_word' id='word_1_321' title='bbox 1033 1388 1304 1430; x_wconf 76' lang='grc' dir='ltr'>περισπωμένου.</span> <span class='ocrx_word' id='word_1_322' title='bbox 1337 1386 1392 1417; x_wconf 90' lang='lat' dir='ltr'>ubi</span> <span class='ocrx_word' id='word_1_323' title='bbox 1427 1395 1468 1418; x_wconf 88' lang='lat' dir='ltr'>ne</span> <span class='ocrx_word' id='word_1_324' title='bbox 1498 1384 1562 1417; x_wconf 88' lang='lat' dir='ltr'>du-</span> 
     </span>
     <span class='ocr_line' id='line_1_63' title="bbox 934 1430 1561 1473; baseline -0.003 -9"><span class='ocrx_word' id='word_1_325' title='bbox 934 1433 1020 1465; x_wconf 86' lang='lat' dir='ltr'>bites</span> <span class='ocrx_word' id='word_1_326' title='bbox 1054 1434 1132 1473; x_wconf 84' lang='lat' dir='ltr'>quin</span> <span class='ocrx_word' id='word_1_327' title='bbox 1163 1441 1258 1463; x_wconf 85' lang='lat' dir='ltr'>error</span> <span class='ocrx_word' id='word_1_328' title='bbox 1294 1430 1414 1471; x_wconf 85' lang='lat' dir='ltr'>aliquis</span> <span class='ocrx_word' id='word_1_329' title='bbox 1445 1431 1561 1462; x_wconf 86' lang='lat' dir='ltr'>lateat.</span> 
     </span>
     <span class='ocr_line' id='line_1_64' title="bbox 934 1474 1563 1510; baseline -0.005 0"><span class='ocrx_word' id='word_1_330' title='bbox 934 1478 1019 1510; x_wconf 79' lang='lat' dir='ltr'>Nam</span> <span class='ocrx_word' id='word_1_331' title='bbox 1045 1478 1072 1509; x_wconf 91' lang='lat' dir='ltr'>si</span> <span class='ocrx_word' id='word_1_332' title='bbox 1098 1477 1140 1509; x_wconf 83' lang='lat' dir='ltr'>ab</span> <span class='ocrx_word' id='word_1_333' title='bbox 1165 1476 1229 1508; x_wconf 89' lang='lat' dir='ltr'>hoc</span> <span class='ocrx_word' id='word_1_334' title='bbox 1248 1485 1316 1507; x_wconf 86' lang='lat' dir='ltr'>uno</span> <span class='ocrx_word' id='word_1_335' title='bbox 1333 1477 1408 1508; x_wconf 84' lang='lat' dir='ltr'>loco</span> <span class='ocrx_word' id='word_1_336' title='bbox 1433 1474 1563 1508; x_wconf 67' lang='lat' dir='ltr'>disces-</span> 
     </span>
     <span class='ocr_line' id='line_1_65' title="bbox 934 1521 1562 1559; baseline -0.006 -5"><span class='ocrx_word' id='word_1_337' title='bbox 934 1523 1039 1559; x_wconf 79' lang='lat' dir='ltr'>seris,</span> <span class='ocrx_word' id='word_1_338' title='bbox 1079 1521 1178 1554; x_wconf 83' lang='lat' dir='ltr'>Plato</span> <span class='ocrx_word' id='word_1_339' title='bbox 1211 1530 1277 1552; x_wconf 93' lang='lat' dir='ltr'>non</span> <span class='ocrx_word' id='word_1_340' title='bbox 1307 1531 1388 1552; x_wconf 89' lang='lat' dir='ltr'>usus</span> <span class='ocrx_word' id='word_1_341' title='bbox 1418 1524 1470 1552; x_wconf 82' lang='lat' dir='ltr'>est</span> <span class='ocrx_word' id='word_1_342' title='bbox 1505 1530 1562 1552; x_wconf 90' lang='lat' dir='ltr'>us—</span> 
     </span>
     <span class='ocr_line' id='line_1_66' title="bbox 934 1563 1562 1608; baseline -0.006 -9"><span class='ocrx_word' id='word_1_343' title='bbox 934 1577 1034 1608; x_wconf 83' lang='lat' dir='ltr'>quam</span> <span class='ocrx_word' id='word_1_344' title='bbox 1069 1567 1173 1599; x_wconf 87' lang='lat' dir='ltr'>verbo</span> <span class='ocrx_word' id='word_1_345' title='bbox 1207 1565 1379 1596; x_wconf 77' lang='grc' dir='ltr'>ἀκταίνειν</span> <span class='ocrx_word' id='word_1_346' title='bbox 1415 1566 1467 1596; x_wconf 84' lang='lat' dir='ltr'>vel</span> <span class='ocrx_word' id='word_1_347' title='bbox 1501 1563 1562 1596; x_wconf 77' lang='grc' dir='ltr'>ἆκ-</span> 
     </span>
     <span class='ocr_line' id='line_1_67' title="bbox 932 1608 1563 1650; baseline -0.003 -7"><span class='ocrx_word' id='word_1_348' title='bbox 932 1614 1105 1643; x_wconf 81' lang='grc' dir='ltr'>ταινῶσαι.</span> <span class='ocrx_word' id='word_1_349' title='bbox 1155 1611 1326 1643; x_wconf 83' lang='lat' dir='ltr'>Quocirca</span> <span class='ocrx_word' id='word_1_350' title='bbox 1353 1608 1563 1650; x_wconf 79' lang='lat' dir='ltr'>Phrynichus</span> 
     </span>
     <span class='ocr_line' id='line_1_68' title="bbox 932 1653 1562 1688; baseline -0.002 0"><span class='ocrx_word' id='word_1_351' title='bbox 932 1660 993 1688; x_wconf 86' lang='lat' dir='ltr'>aut</span> <span class='ocrx_word' id='word_1_352' title='bbox 1017 1656 1205 1688; x_wconf 83' lang='lat' dir='ltr'>memoriae</span> <span class='ocrx_word' id='word_1_353' title='bbox 1235 1655 1318 1687; x_wconf 86' lang='lat' dir='ltr'>vitio</span> <span class='ocrx_word' id='word_1_354' title='bbox 1344 1653 1562 1687; x_wconf 83' lang='lat' dir='ltr'>Phaedonem</span> 
     </span>
     <span class='ocr_line' id='line_1_69' title="bbox 933 1699 1561 1743; baseline -0.005 -10"><span class='ocrx_word' id='word_1_355' title='bbox 933 1712 994 1743; x_wconf 82' lang='lat' dir='ltr'>pro</span> <span class='ocrx_word' id='word_1_356' title='bbox 1016 1701 1165 1741; x_wconf 81' lang='lat' dir='ltr'>Legibus</span> <span class='ocrx_word' id='word_1_357' title='bbox 1185 1700 1388 1731; x_wconf 83' lang='lat' dir='ltr'>memoravit</span> <span class='ocrx_word' id='word_1_358' title='bbox 1404 1703 1462 1730; x_wconf 89' lang='lat' dir='ltr'>aut</span> <span class='ocrx_word' id='word_1_359' title='bbox 1477 1699 1561 1731; x_wconf 84' lang='lat' dir='ltr'>scri-</span> 
     </span>
     <span class='ocr_line' id='line_1_70' title="bbox 932 1743 1561 1787; baseline -0.002 -10"><span class='ocrx_word' id='word_1_360' title='bbox 932 1747 1044 1787; x_wconf 84' lang='lat' dir='ltr'>psisse</span> <span class='ocrx_word' id='word_1_361' title='bbox 1079 1744 1251 1786; x_wconf 87' lang='lat' dir='ltr'>putandus</span> <span class='ocrx_word' id='word_1_362' title='bbox 1276 1749 1328 1776; x_wconf 82' lang='lat' dir='ltr'>est</span> <span class='ocrx_word' id='word_1_363' title='bbox 1353 1743 1486 1784; x_wconf 81' lang='grc' dir='ltr'>Φοὶωνι,</span> <span class='ocrx_word' id='word_1_364' title='bbox 1517 1744 1561 1776; x_wconf 84' lang='lat' dir='ltr'>ita</span> 
     </span>
     <span class='ocr_line' id='line_1_71' title="bbox 933 1788 1561 1823; baseline -0.002 -2"><span class='ocrx_word' id='word_1_365' title='bbox 933 1795 971 1823; x_wconf 87' lang='lat' dir='ltr'>ut</span> <span class='ocrx_word' id='word_1_366' title='bbox 995 1789 1150 1822; x_wconf 83' lang='lat' dir='ltr'>Platonis</span> <span class='ocrx_word' id='word_1_367' title='bbox 1172 1788 1304 1820; x_wconf 87' lang='lat' dir='ltr'>Comici</span> <span class='ocrx_word' id='word_1_368' title='bbox 1331 1788 1475 1820; x_wconf 81' lang='lat' dir='ltr'>fabulam</span> <span class='ocrx_word' id='word_1_369' title='bbox 1502 1798 1561 1820; x_wconf 92' lang='lat' dir='ltr'>co-</span> 
     </span>
     <span class='ocr_line' id='line_1_72' title="bbox 933 1833 1561 1877; baseline -0.003 -10"><span class='ocrx_word' id='word_1_370' title='bbox 933 1835 1127 1877; x_wconf 80' lang='lat' dir='ltr'>gnominem</span> <span class='ocrx_word' id='word_1_371' title='bbox 1160 1833 1378 1866; x_wconf 78' lang='lat' dir='ltr'>intellexerit.</span> <span class='ocrx_word' id='word_1_372' title='bbox 1438 1833 1561 1865; x_wconf 79' lang='lat' dir='ltr'>Poste-</span> 
     </span>
     <span class='ocr_line' id='line_1_73' title="bbox 932 1877 1560 1921; baseline -0.003 -10"><span class='ocrx_word' id='word_1_373' title='bbox 932 1882 1001 1912; x_wconf 87' lang='lat' dir='ltr'>rius</span> <span class='ocrx_word' id='word_1_374' title='bbox 1041 1881 1154 1921; x_wconf 86' lang='lat' dir='ltr'>placet</span> <span class='ocrx_word' id='word_1_375' title='bbox 1194 1877 1443 1911; x_wconf 86' lang='lat' dir='ltr'>Meineckio</span> <span class='ocrx_word' id='word_1_376' title='bbox 1481 1878 1560 1909; x_wconf 90' lang='lat' dir='ltr'>Cur.</span> 
     </span>
     <span class='ocr_line' id='line_1_74' title="bbox 933 1922 1561 1965; baseline -0.005 -8"><span class='ocrx_word' id='word_1_377' title='bbox 933 1925 1019 1957; x_wconf 84' lang='lat' dir='ltr'>Crit.</span> <span class='ocrx_word' id='word_1_378' title='bbox 1047 1935 1078 1965; x_wconf 92' lang='lat' dir='ltr'>p.</span> <span class='ocrx_word' id='word_1_379' title='bbox 1104 1923 1159 1958; x_wconf 87' lang='lat'>40.</span> <span class='ocrx_word' id='word_1_380' title='bbox 1191 1927 1225 1955; x_wconf 90' lang='lat' dir='ltr'>et</span> <span class='ocrx_word' id='word_1_381' title='bbox 1257 1922 1503 1965; x_wconf 81' lang='lat' dir='ltr'>Bnrgessio</span> <span class='ocrx_word' id='word_1_382' title='bbox 1529 1923 1561 1954; x_wconf 91' lang='lat' dir='ltr'>in</span> 
     </span>
     <span class='ocr_line' id='line_1_75' title="bbox 936 1966 1560 2002; baseline -0.005 -1"><span class='ocrx_word' id='word_1_383' title='bbox 936 1970 1068 2002; x_wconf 81' lang='lat' dir='ltr'>Diario:</span> <span class='ocrx_word' id='word_1_384' title='bbox 1100 1969 1266 2000; x_wconf 80' lang='lat' dir='ltr'>Classical</span> <span class='ocrx_word' id='word_1_385' title='bbox 1289 1968 1404 2000; x_wconf 87' lang='lat' dir='ltr'>Iourn.</span> <span class='ocrx_word' id='word_1_386' title='bbox 1431 1966 1560 2000; x_wconf 90' lang='lat' dir='ltr'>XXIX.</span> 
     </span>
     <span class='ocr_line' id='line_1_76' title="bbox 934 2012 1563 2056; baseline -0.003 -10"><span class='ocrx_word' id='word_1_387' title='bbox 934 2026 965 2056; x_wconf 92' lang='lat' dir='ltr'>p.</span> <span class='ocrx_word' id='word_1_388' title='bbox 992 2014 1070 2049; x_wconf 85' lang='lat'>380.</span> <span class='ocrx_word' id='word_1_389' title='bbox 1110 2013 1203 2055; x_wconf 83' lang='lat' dir='ltr'>prius</span> <span class='ocrx_word' id='word_1_390' title='bbox 1242 2013 1341 2044; x_wconf 81' lang='lat' dir='ltr'>nobis</span> <span class='ocrx_word' id='word_1_391' title='bbox 1378 2012 1563 2044; x_wconf 81' lang='lat' dir='ltr'>verisimile</span> 
     </span>
     <span class='ocr_line' id='line_1_77' title="bbox 934 2055 1563 2100; baseline -0.006 -8"><span class='ocrx_word' id='word_1_392' title='bbox 934 2063 996 2092; x_wconf 85' lang='lat' dir='ltr'>est.</span> <span class='ocrx_word' id='word_1_393' title='bbox 1045 2058 1163 2100; x_wconf 87' lang='lat' dir='ltr'>Neque</span> <span class='ocrx_word' id='word_1_394' title='bbox 1186 2057 1274 2090; x_wconf 84' lang='lat' dir='ltr'>euim</span> <span class='ocrx_word' id='word_1_395' title='bbox 1306 2057 1405 2089; x_wconf 85' lang='lat' dir='ltr'>facile</span> <span class='ocrx_word' id='word_1_396' title='bbox 1437 2055 1488 2088; x_wconf 90' lang='lat' dir='ltr'>hic</span> <span class='ocrx_word' id='word_1_397' title='bbox 1514 2057 1563 2089; x_wconf 85' lang='lat' dir='ltr'>lo-</span> 
     </span>
     <span class='ocr_line' id='line_1_78' title="bbox 935 2101 1562 2145; baseline -0.002 -9"><span class='ocrx_word' id='word_1_398' title='bbox 935 2114 995 2137; x_wconf 85' lang='lat' dir='ltr'>cus</span> <span class='ocrx_word' id='word_1_399' title='bbox 1038 2104 1172 2145; x_wconf 82' lang='lat' dir='ltr'>Legum</span> <span class='ocrx_word' id='word_1_400' title='bbox 1214 2101 1349 2134; x_wconf 85' lang='lat' dir='ltr'>videtur</span> <span class='ocrx_word' id='word_1_401' title='bbox 1389 2112 1408 2134; x_wconf 86' lang='lat' dir='ltr'>a</span> <span class='ocrx_word' id='word_1_402' title='bbox 1447 2111 1562 2143; x_wconf 85' lang='lat' dir='ltr'>gram-</span> 
     </span>
     <span class='ocr_line' id='line_1_79' title="bbox 934 2147 1562 2187; baseline -0.005 -6"><span class='ocrx_word' id='word_1_403' title='bbox 934 2148 1065 2181; x_wconf 79' lang='lat' dir='ltr'>maticis</span> <span class='ocrx_word' id='word_1_404' title='bbox 1113 2147 1185 2178; x_wconf 84' lang='lat' dir='ltr'>sine</span> <span class='ocrx_word' id='word_1_405' title='bbox 1233 2148 1407 2179; x_wconf 80' lang='lat' dir='ltr'>notatione</span> <span class='ocrx_word' id='word_1_406' title='bbox 1448 2147 1562 2187; x_wconf 83' lang='lat' dir='ltr'>aliqua</span> 
     </span>
     <span class='ocr_line' id='line_1_80' title="bbox 934 2192 1562 2233; baseline -0.005 -8"><span class='ocrx_word' id='word_1_407' title='bbox 934 2192 1115 2226; x_wconf 81' lang='lat' dir='ltr'>transmitti</span> <span class='ocrx_word' id='word_1_408' title='bbox 1140 2192 1305 2232; x_wconf 79' lang='lat' dir='ltr'>potuisse,</span> <span class='ocrx_word' id='word_1_409' title='bbox 1331 2202 1432 2233; x_wconf 90' lang='lat' dir='ltr'>quum</span> <span class='ocrx_word' id='word_1_410' title='bbox 1454 2192 1562 2223; x_wconf 88' lang='lat' dir='ltr'>rarior</span> 
     </span>
     <span class='ocr_line' id='line_1_81' title="bbox 933 2235 1562 2279; baseline -0.005 -9"><span class='ocrx_word' id='word_1_411' title='bbox 933 2238 1047 2279; x_wconf 88' lang='lat' dir='ltr'>utique</span> <span class='ocrx_word' id='word_1_412' title='bbox 1072 2237 1116 2268; x_wconf 81' lang='lat' dir='ltr'>sit</span> <span class='ocrx_word' id='word_1_413' title='bbox 1140 2236 1241 2267; x_wconf 90' lang='lat' dir='ltr'>huius</span> <span class='ocrx_word' id='word_1_414' title='bbox 1265 2237 1360 2269; x_wconf 86' lang='lat' dir='ltr'>verbi</span> <span class='ocrx_word' id='word_1_415' title='bbox 1393 2246 1487 2274; x_wconf 73' lang='lat' dir='ltr'>usus,</span> <span class='ocrx_word' id='word_1_416' title='bbox 1518 2235 1562 2267; x_wconf 82' lang='lat' dir='ltr'>de</span> 
     </span>
     <span class='ocr_line' id='line_1_82' title="bbox 931 2281 1563 2324; baseline -0.005 -10"><span class='ocrx_word' id='word_1_417' title='bbox 931 2292 998 2324; x_wconf 85' lang='lat' dir='ltr'>quo</span> <span class='ocrx_word' id='word_1_418' title='bbox 1024 2282 1130 2314; x_wconf 85' lang='lat' dir='ltr'>multa</span> <span class='ocrx_word' id='word_1_419' title='bbox 1156 2285 1190 2312; x_wconf 76' lang='lat' dir='ltr'>et</span> <span class='ocrx_word' id='word_1_420' title='bbox 1215 2284 1388 2322; x_wconf 81' lang='lat' dir='ltr'>praeclara</span> <span class='ocrx_word' id='word_1_421' title='bbox 1414 2281 1563 2322; x_wconf 80' lang='lat' dir='ltr'>disputat</span> 
     </span>
     <span class='ocr_line' id='line_1_83' title="bbox 932 2325 1560 2367; baseline -0.003 -7"><span class='ocrx_word' id='word_1_422' title='bbox 932 2326 1211 2360; x_wconf 84' lang='lat' dir='ltr'>Ruhnkenius</span> <span class='ocrx_word' id='word_1_423' title='bbox 1246 2326 1288 2358; x_wconf 80' lang='lat' dir='ltr'>nd</span> <span class='ocrx_word' id='word_1_424' title='bbox 1331 2326 1420 2358; x_wconf 83' lang='lat' dir='ltr'>Tim.</span> <span class='ocrx_word' id='word_1_425' title='bbox 1455 2336 1486 2367; x_wconf 90' lang='lat' dir='ltr'>p.</span> <span class='ocrx_word' id='word_1_426' title='bbox 1517 2325 1560 2358; x_wconf 74' lang='lat'>1‘1</span> 
     </span>
     <span class='ocr_line' id='line_1_84' title="bbox 930 2369 1559 2413; baseline -0.006 -8"><span class='ocrx_word' id='word_1_427' title='bbox 930 2382 1004 2413; x_wconf 85' lang='lat' dir='ltr'>sqq.</span> <span class='ocrx_word' id='word_1_428' title='bbox 1053 2370 1122 2402; x_wconf 88' lang='lat' dir='ltr'>Sed</span> <span class='ocrx_word' id='word_1_429' title='bbox 1148 2374 1225 2402; x_wconf 88' lang='lat' dir='ltr'>utut</span> <span class='ocrx_word' id='word_1_430' title='bbox 1249 2375 1314 2411; x_wconf 81' lang='lat' dir='ltr'>est,</span> <span class='ocrx_word' id='word_1_431' title='bbox 1342 2373 1452 2403; x_wconf 91' lang='lat' dir='ltr'>locum</span> <span class='ocrx_word' id='word_1_432' title='bbox 1480 2369 1559 2401; x_wconf 86' lang='lat' dir='ltr'>Pla-</span> 
     </span>
     <span class='ocr_line' id='line_1_85' title="bbox 931 2415 1558 2457; baseline -0.005 -8"><span class='ocrx_word' id='word_1_433' title='bbox 931 2417 1018 2449; x_wconf 88' lang='lat' dir='ltr'>tonis</span> <span class='ocrx_word' id='word_1_434' title='bbox 1052 2415 1190 2457; x_wconf 86' lang='lat' dir='ltr'>quidem</span> <span class='ocrx_word' id='word_1_435' title='bbox 1219 2419 1355 2456; x_wconf 83' lang='lat' dir='ltr'>reperta</span> <span class='ocrx_word' id='word_1_436' title='bbox 1398 2425 1476 2447; x_wconf 84' lang='lat' dir='ltr'>vera</span> <span class='ocrx_word' id='word_1_437' title='bbox 1511 2415 1558 2446; x_wconf 90' lang='lat' dir='ltr'>le-</span> 
     </span>
     <span class='ocr_line' id='line_1_86' title="bbox 931 2461 1558 2502; baseline -0.005 -9"><span class='ocrx_word' id='word_1_438' title='bbox 931 2462 1042 2493; x_wconf 90' lang='lat' dir='ltr'>ctione</span> <span class='ocrx_word' id='word_1_439' title='bbox 1085 2462 1219 2502; x_wconf 83' lang='lat' dir='ltr'>planum</span> <span class='ocrx_word' id='word_1_440' title='bbox 1257 2470 1297 2492; x_wconf 84' lang='lat' dir='ltr'>ac</span> <span class='ocrx_word' id='word_1_441' title='bbox 1342 2461 1558 2502; x_wconf 82' lang='lat' dir='ltr'>perspicuum</span> 
     </span>
     <span class='ocr_line' id='line_1_87' title="bbox 932 2509 1557 2544; baseline -0.006 -6"><span class='ocrx_word' id='word_1_442' title='bbox 932 2515 1009 2538; x_wconf 85' lang='lat' dir='ltr'>esse</span> <span class='ocrx_word' id='word_1_443' title='bbox 1038 2514 1235 2544; x_wconf 83' lang='lat' dir='ltr'>censemus,</span> <span class='ocrx_word' id='word_1_444' title='bbox 1273 2509 1309 2537; x_wconf 88' lang='lat' dir='ltr'>ut</span> <span class='ocrx_word' id='word_1_445' title='bbox 1339 2514 1403 2538; x_wconf 90' lang='lat' dir='ltr'>nou</span> <span class='ocrx_word' id='word_1_446' title='bbox 1442 2513 1557 2536; x_wconf 73' lang='lat' dir='ltr'>assen-</span> 
     </span>
     <span class='ocr_line' id='line_1_88' title="bbox 931 2548 1557 2591; baseline -0.003 -10"><span class='ocrx_word' id='word_1_447' title='bbox 931 2551 1053 2583; x_wconf 81' lang='lat' dir='ltr'>tiamur</span> <span class='ocrx_word' id='word_1_448' title='bbox 1075 2548 1349 2590; x_wconf 85' lang='lat' dir='ltr'>Ruhnkenio,</span> <span class='ocrx_word' id='word_1_449' title='bbox 1373 2549 1430 2591; x_wconf 88' lang='lat' dir='ltr'>qui</span> <span class='ocrx_word' id='word_1_450' title='bbox 1455 2549 1557 2580; x_wconf 85' lang='lat' dir='ltr'>etiam</span> 
     </span>
     <span class='ocr_line' id='line_1_89' title="bbox 932 2592 1557 2637; baseline -0.002 -10"><span class='ocrx_word' id='word_1_451' title='bbox 932 2599 1012 2637; x_wconf 79' lang='lat' dir='ltr'>post</span> <span class='ocrx_word' id='word_1_452' title='bbox 1042 2595 1232 2626; x_wconf 79' lang='lat' dir='ltr'>restitutum</span> <span class='ocrx_word' id='word_1_453' title='bbox 1264 2592 1452 2637; x_wconf 68' lang='grc' dir='ltr'>ἀκταινώσῃ</span> <span class='ocrx_word' id='word_1_454' title='bbox 1481 2602 1557 2626; x_wconf 83' lang='lat' dir='ltr'>eum</span> 
     </span>
     <span class='ocr_line' id='line_1_90' title="bbox 931 2638 1559 2678; baseline -0.008 -5"><span class='ocrx_word' id='word_1_455' title='bbox 931 2639 1020 2673; x_wconf 83' lang='lat' dir='ltr'>adeo</span> <span class='ocrx_word' id='word_1_456' title='bbox 1052 2640 1231 2672; x_wconf 87' lang='lat' dir='ltr'>obscurum</span> <span class='ocrx_word' id='word_1_457' title='bbox 1269 2649 1346 2671; x_wconf 79' lang='lat' dir='ltr'>esse</span> <span class='ocrx_word' id='word_1_458' title='bbox 1378 2638 1476 2678; x_wconf 76' lang='lat' dir='ltr'>dicit,</span> <span class='ocrx_word' id='word_1_459' title='bbox 1522 2641 1559 2669; x_wconf 90' lang='lat' dir='ltr'>ut</span> 
     </span>
    </p>
   </div>
  </div>
 </body>
</html>
