1612 2872
256 222 327 260 καὶ
363 216 580 272 ἀνδρικῶν
612 217 935 275 ἀνδρικώτερα,
977 223 1049 264 καὶ
1092 220 1204 264 κατὰ
1239 220 1408 278 τρόπον
1441 221 1579 274 οὕτως

255 283 436 332 ἐκάςους
470 283 547 332 τὰς
581 282 729 326 αὐτῶν
762 283 1003 340 ἀναιρέσεις
1043 292 1102 337 εἰς
1134 286 1236 340 τοὺς
1271 291 1433 340 παῖδας
1465 288 1576 334 ἀπο-

253 353 548 403 τυπουμένους
594 351 665 392 καὶ
701 353 868 393 παίδων
902 354 1088 404 παῖδας,
1137 351 1160 396 ὂ
1209 357 1412 410 λέγομεν,
1459 354 1577 407 ἣκειν

251 419 431 470 ἔχοντας
464 416 598 464 ὶδίους
631 415 795 470 νόμους
827 421 886 467 εἰς
921 416 1002 470 τὴν
1036 421 1210 474 μείζονα
1245 421 1477 473 ξυνοικίαν.

351 482 453 523 ΚΛ.
522 482 626 531 Πῶς
661 480 747 538 γὰρ
784 479 859 531 οὕ;

354 547 452 589 ΑΘ.
527 547 613 590 Καὶ
654 547 742 602 μὴν
790 546 893 598 τούς
928 566 974 603 ys
1010 548 1156 593 αὐτῶν
1190 549 1349 606 νόμους
1382 550 1577 606 ἀρέσκειν

254 613 427 662 ἑκάςοις
458 609 701 665 ἀναγκαῖόν
735 631 833 665 που,
873 614 975 665 τοὺς
1009 619 1052 660 δὲ
1088 619 1173 661 τῶν
1210 616 1354 661 ἄλλων
1383 617 1576 675 ὑςέρους.

359 680 458 721 ΚΛ.
528 677 688 730 Οὕτως.

349 743 453 787 ΑΘ.
519 743 643 806 Ἀρχῇ
689 744 741 797 δὴ
780 749 1053 802 νομοθεσίας
1101 748 1197 793 οἷον
1238 747 1446 804 ἐμβάντες
1478 747 1576 792 ἐλά-

252 813 409 865 θομεν,
448 807 505 861 ὡς
539 814 663 855 ἔοικε.

347 878 447 919 ΚΛ.
516 875 651 920 Πάνυ
683 881 763 932 μὲν
797 873 890 923 οὖν.

351 939 460 1002 Cap.
510 939 592 985 IV.
660 945 758 987 ΑΘ.
831 943 891 988 Τό
934 946 1043 998 γοῦν
1096 943 1203 999 μετὰ
1253 947 1393 988 ταῦτα
1436 944 1574 1001 ἀναγ-

342 1094 427 1136 Cap.
453 1093 512 1127 lv.
562 1094 603 1127 P.
627 1095 705 1130 681.
754 1096 793 1128 C.
842 1094 882 1126 οἳ
905 1094 950 1136 δὴ
977 1095 1025 1128 τὰ
1051 1097 1238 1141 πάντων]
1264 1098 1318 1140 δὴ,
1343 1099 1444 1141 vulgo
1469 1100 1571 1132 omin-

250 1149 338 1181 sum,
364 1150 483 1172 omnes
509 1140 608 1173 codd.
635 1145 772 1174 tuentur
795 1141 1080 1178 constantissime.

295 1251 334 1284 B.
389 1249 459 1282 καὶ
494 1249 701 1294 ἀνδρικῶν
728 1250 878 1292 ardes·

247 1308 348 1375 2335:
356 1308 406 1373 ‘²13‘
414 1296 436 1373 ἒ,
445 1295 550 1374 ὲῖ-ῗῗι,
561 1301 879 1385 :3⁹2³:0522553333

250 1398 279 1419 v.
304 1386 347 1419 ad
376 1386 484 1428 Gorg.
513 1397 547 1429 p.
572 1387 651 1422 490.
677 1386 716 1420 E.

291 1430 360 1464 καὶ
394 1430 496 1463 κατὰ
535 1432 700 1475 τρόπον
739 1431 878 1469 ουτως

251 1478 314 1519 —]
356 1481 486 1519 atque
525 1477 587 1511 ita
629 1479 723 1510 rite
755 1487 878 1520 quos-

245 1533 328 1565 que
354 1532 421 1562 ea,
445 1531 553 1564 quse
581 1524 877 1565 susceperint,

248 1567 368 1601 natis
426 1568 514 1599 suis
573 1568 876 1610 imprimentes

248 1617 543 1654 natorumque
566 1613 700 1652 filiis,
729 1612 872 1654 prodi-

246 1668 292 1691 re
340 1657 380 1689 in
427 1657 636 1690 maiorem
684 1657 874 1690 societa-

246 1707 329 1735 tem
368 1712 469 1734 suas
507 1700 712 1744 proprias
750 1703 873 1744 leges

245 1747 472 1781 habentes.
497 1746 874 1780 winckelmannus

246 1790 429 1848 legendum
454 1796 571 1833 putat·
598 1792 658 1824 καὶ
680 1791 765 1823 κατὰ
790 1789 873 1846 τρό-

244 1849 331 1874 πους
361 1835 470 1874 ουτως
506 1836 669 1874 ἑκάστους
696 1848 781 1875 τους
808 1849 872 1868 αυ-

245 1886 312 1915 nih·
341 1880 539 1923 ἀνευρήσεις
568 1893 598 1914 κ.
623 1894 654 1914 τ.
685 1881 715 1914 λ.
748 1885 784 1915 et
813 1882 872 1914 ita

244 1928 447 1961 invenies
489 1927 690 1970 singulos
724 1936 872 1961 secun-

244 1972 336 2006 dum
368 1982 472 2004 suos
507 1973 699 2015 ipsorum
727 1982 872 2006 mores

244 2019 391 2051 venire
437 2018 476 2050 in
524 2019 727 2051 maiorem
763 2027 872 2050 com—

244 2063 504 2097 munitatem
530 2064 722 2107 propriis
747 2063 870 2096 mori-

244 2109 324 2140 bus
355 2109 608 2141 instructos.
663 2108 760 2148 Quae
788 2117 871 2140 con-

243 2154 372 2186 iectura
398 2153 494 2185 sicuti
515 2154 604 2186 iusto
621 2158 675 2187 est
696 2153 870 2193 audacior,

242 2199 289 2231 ita
320 2199 479 2241 displicet
509 2198 610 2232 etiam
651 2203 791 2242 propter
820 2197 869 2230 ἱιι-

242 2247 376 2277 vectum
402 2243 493 2276 istud
529 2243 745 2287 ἀναιρήσεις,
775 2242 869 2286 quod

242 2293 322 2331 post
351 2289 508 2331 superius
539 2288 618 2322 iilud
655 2287 743 2325 εἰκός
769 2289 870 2326 ἐστιν,

242 2333 331 2366 unde
355 2334 441 2366 haec
471 2334 583 2367 omnis
607 2334 774 2376 pendent,
809 2344 868 2366 ne-

242 2388 298 2412 mo
323 2378 501 2420 quisquam
527 2379 772 2422 expectaverit.
799 2379 871 2413 Nec

241 2433 323 2456 vero
348 2424 547 2456 mutationis
562 2425 801 2458 necessitatem
823 2424 871 2456 vi-

241 2468 361 2501 demus
392 2469 508 2501 ullam.
557 2469 641 2502 Nam
677 2466 762 2502 nard
788 2468 870 2509 τρό-

239 2525 305 2546 πον
329 2518 383 2546 est
406 2513 503 2552 rite,
527 2518 566 2546 ut
590 2515 726 2548 Politio.
740 2525 773 2556 p.
789 2514 868 2549 310.

241 2559 280 2592 C.
307 2557 397 2592 Tim.
424 2568 457 2600 p.
480 2558 536 2593 42.
565 2559 603 2591 E.
630 2559 724 2593 Crat.
740 2570 773 2602 p.
789 2559 868 2594 425.

244 2604 283 2637 Β.
314 2604 359 2636 ai.
398 2604 599 2646 poniturque
627 2605 660 2637 in
697 2603 759 2638 hac
789 2615 868 2638 sen-

240 2649 351 2683 tentia
377 2649 564 2692 aptissime.
600 2647 870 2695 ’Διαιρέσεις

945 1258 1061 1286 autem
1099 1257 1178 1286 sunt
1216 1257 1439 1296 suscepta,
1477 1253 1510 1287 h.
1542 1265 1571 1287 e.

946 1308 1060 1331 mores
1083 1305 1119 1331 et
1138 1299 1290 1332 instituta
1315 1303 1489 1341 suscepta,
1512 1300 1572 1332 ab·

946 1348 1074 1376 stracto
1099 1354 1162 1386 pro
1179 1349 1339 1377 concreto
1361 1345 1492 1387 posit03
1515 1345 1571 1387 qui

945 1398 1026 1421 usus
1049 1389 1220 1431 loquendi,
1244 1390 1276 1422 in
1301 1389 1350 1422 his
1377 1390 1472 1423 libris
1496 1400 1571 1423 cre-

945 1434 1125 1474 berrimus,
1151 1434 1230 1467 nihii
1254 1435 1352 1477 piane
1374 1434 1475 1468 habet
1498 1435 1569 1467 inu-

945 1480 1050 1514 sitati.
1101 1481 1252 1513 Aetius
1291 1485 1404 1513 tamen
1453 1480 1569 1522 legen·

944 1524 1024 1558 dum
1050 1526 1182 1557 censuit
1205 1525 1366 1567 αἱρέσεις,
1390 1524 1501 1566 quod,
1524 1525 1570 1558 si-

941 1569 1008 1602 cuti
1033 1570 1228 1611 αἱρεῖσθαι,
1263 1574 1408 1611 ponatur
1440 1570 1474 1601 in
1498 1570 1570 1602 eie·

940 1615 1054 1646 ctione
1087 1619 1121 1646 et
1150 1614 1352 1656 probatione
1385 1625 1414 1646 s.
1453 1614 1570 1656 optio·

940 1669 994 1692 ne.
1043 1659 1168 1692 Verum
1195 1668 1259 1691 nec
1288 1657 1475 1701 ἀναιρέσεις
1505 1668 1567 1700 pu-

939 1708 1050 1737 tamus
1072 1708 1204 1737 temere
1227 1704 1453 1745 spernendum
1477 1714 1568 1737 esse.

938 1748 1024 1782 Nam
1062 1747 1284 1792 ἀναιρεῖσθαι
1322 1748 1480 1781 dicuntur
1516 1750 1569 1782 in-

940 1798 992 1826 ter
1031 1794 1098 1826 alia
1138 1794 1237 1826 etiam
1285 1793 1328 1834 ii,
1374 1794 1431 1835 qui
1462 1794 1568 1826 susci-

939 1838 1036 1880 pinnt
1068 1838 1212 1880 aliquid,
1251 1838 1306 1879 qui
1342 1838 1407 1871 sibi
1443 1839 1568 1881 aiiquid

939 1885 1079 1924 tonant,
1119 1887 1156 1916 ut
1203 1883 1286 1916 iilud
1323 1883 1494 1916 retineant
1533 1888 1568 1917 et

937 1932 1093 1970 tanquam
1141 1930 1312 1971 proprium
1358 1929 1567 1970 possideant,

938 1973 1044 2006 veluti
1089 1974 1121 2007 in
1159 1974 1308 2009 formula
1344 1972 1567 2027 ἀναιρεῖσθαι

937 2018 1065 2054 παῖδας
1084 2023 1138 2054 et
1145 2018 1364 2061 ἀναιρεῖσθαι
1387 2018 1428 2050 τὰ
1454 2013 1564 2053 ἆθλα.

937 2064 1179 2097 Oreitius
1219 2065 1323 2102 oiim,
1359 2066 1398 2096 ut
1430 2063 1469 2097 C.
1500 2062 1563 2096 Fr.

936 2108 1275 2147 Her-mannus,
1321 2106 1362 2139 ἂν
1407 2109 1564 2151 αἱρέσεις,

937 2158 1059 2197 postea
1105 2152 1158 2186 αἐὶ
1204 2154 1345 2197 αἱρέσεις
1384 2153 1563 2195 legendum

937 2199 1127 2252 proposuit,
1152 2202 1191 2231 nt
1213 2199 1343 2231 Antio
1368 2196 1412 2230 de
1438 2198 1564 2239 vulgati

936 2244 1079 2277 nominis
1097 2243 1248 2276 mutandi
1267 2243 1475 2276 necessitate
1491 2244 1562 2285 pia-

936 2300 978 2322 ne
1001 2298 1162 2321 assensus
1187 2299 1265 2321 esse
1278 2287 1441 2320 videatur.
1474 2289 1562 2321 lma-

935 2345 980 2377 go
1005 2334 1097 2366 verbi
1122 2331 1412 2375 αἠοτυτιοιίμενοι,
1440 2337 1459 2366 a
1482 2343 1561 2366 cera

938 2379 1080 2422 repetita
1119 2385 1152 2412 et
1188 2378 1230 2411 ad
1269 2378 1414 2411 animum
1456 2383 1562 2419 atque

937 2434 1049 2458 mores
1075 2426 1255 2464 translata,
1280 2434 1343 2456 nec
1368 2423 1442 2456 aliis
1467 2433 1559 2456 man-

936 2470 979 2502 sit
989 2469 1180 2513 incognita.
1211 2479 1241 2500 v.
1270 2469 1445 2501 Bekker.
1473 2468 1497 2500 S
1501 2479 1559 2510 p·e

935 2515 1012 2548 eim.
1044 2515 1076 2547 in
1109 2515 1269 2558 Aponon.
1306 2513 1370 2548 x'it.
1400 2512 1560 2547 Philostr.

936 2571 968 2603 Ρ
979 2605 1018 2637 C.
1068 2604 1169 2642 τούς
1214 2603 1254 2637 δὲ
1299 2603 1382 2634 τῶν
1425 2601 1558 2634 ἄλλων

934 2648 1177 2695 ὑστέρους]
1209 2646 1454 2691 Stephanus
1478 2656 1557 2689 pro·
