1612 2872
88 281 191 325 (I.)

230 89 311 130 ⁶230
703 85 1078 128 PLATONIS

333 204 426 246 ΑΘ.
499 201 669 244 Οὐκοῦν
712 203 782 242 καὶ
834 199 904 244 ὅτι
951 200 1032 253 τὴν
1076 200 1258 259 ῥυθζμοῦ
1295 218 1338 244 τε
1370 204 1441 244 καὶ
1479 200 1558 256 ἁρ-

230 272 386 323 μονίας
430 266 644 317 αἴσθησιν
691 273 783 315 τοῖς
826 266 1091 323 ἀνθρώποις
1135 265 1240 322 ἡμῖν
1286 266 1557 310 ἐνδεδωκέναι

232 333 312 385 τὴν
348 330 490 389 ἀρχὴν
526 331 691 383 ταύτην
726 334 914 388 ἔφαμεν,
955 333 1209 375 Ἀπόλλωνα
1247 335 1290 375 δὲ
1326 336 1397 375 καὶ
1433 333 1558 376 Μού-

232 414 312 448 σας
345 400 417 440 καὶ
455 396 666 440 Διόνυσον
702 398 825 439 θεῶν
859 403 1026 448 αἰτίους
1060 403 1308 452 strumarum

330 464 434 505 KA.
502 464 608 511 Πῶς
641 460 726 518 γὰρ
760 463 839 518 οὕς

330 529 428 571 ΑΘ.
500 529 589 570 Καὶ
637 528 687 579 δὴ
732 531 801 570 καὶ
847 529 926 571 τὸν
972 528 1095 572 οἶνόν
1130 546 1195 582 γε,
1249 526 1306 578 ὡς
1340 532 1496 578 ἔοικεν,
1533 526 1555 570 ὁ
1586 584 1594 590 x

232 595 318 635 τῶν
353 592 496 635 ἄλλων
532 593 685 645 λόγος,
730 597 801 635 ἵνα
838 596 1062 650 μανῶμεν,
1107 598 1240 652 φησὶν
1276 597 1343 636 ἐπὶ
1378 597 1559 649 τιμωρίᾳ

232 661 281 718 τῇ
330 661 418 701 τῶν
460 658 718 715 ἀνθρώπων
766 662 1000 703 δεδόσθαι·
1048 659 1071 704 ὁ
1116 663 1159 703 δὲ
1205 663 1285 702 νῦν
1330 659 1559 714 λεγόμενος

229 723 307 782 ὑφ’
358 724 482 777 ἡμῶν
524 725 764 782 φάρμακον
807 731 875 768 ἐπί
922 725 1181 769 τούναντίον
1226 728 1360 783 φησὶν
1409 726 1559 774 αἰδοῦς

228 793 306 843 μὲν
362 792 507 848 ψυχῆς
553 791 738 842 κτήσεως
794 795 914 833 ἕνεκα
967 793 1205 845 δεδόσθαι,

228 853 391 907 ὑγιείας
426 873 470 898 τε
506 858 577 898 καὶ
615 855 769 910 ἰσχύος.

1263 791 1461 845 σώματος
1515 793 1558 832 δὲ

321 983 365 1014 Ι).
417 987 526 1014 θεῶν
552 985 726 1021 αἰτίους
754 984 1003 1026 γεγονέναι]
1038 985 1105 1016 Pro
1133 987 1222 1016 θεῶν
1249 983 1439 1026 Stephanus
1465 983 1558 1016 dedit

229 1026 370 1060 τούτων.

226 1137 304 1175 Quo
329 1137 569 1170 animadverso
601 1138 731 1172 facilius
758 1141 858 1173 etiam

226 1192 266 1214 ac
283 1182 456 1215 lubentius
471 1185 693 1224 ampiecteris
708 1190 860 1218 nostram

229 1227 408 1260 verborum
449 1229 722 1269 explicationem.
785 1231 857 1262 Iam

227 1281 309 1304 vero
334 1272 361 1303 si
387 1282 464 1305 vera
491 1277 544 1305 est
569 1284 619 1311 ea,
644 1284 746 1314 quam
773 1276 859 1308 tueri

225 1317 338 1349 conati
365 1326 496 1358 sumus,
522 1319 586 1350 ioci
612 1319 861 1361 interpretatio,

228 1371 332 1394 vanas
347 1372 425 1395 esse
440 1373 483 1395 ac
496 1373 724 1403 supervaneas
741 1375 861 1397 omnes

225 1407 459 1447 coniecturas,
494 1409 621 1448 quibus
655 1410 761 1441 critici
786 1420 859 1443 eum

224 1456 416 1492 tentarunt,
474 1458 598 1494 sponte
646 1454 858 1496 intelligitur.

224 1496 445 1530 Nihilominus
482 1498 611 1530 iuvabit
648 1500 763 1540 paucis
799 1511 858 1532 ex-

222 1542 393 1583 posuisse,
416 1543 578 1584 quidnam
605 1545 670 1581 sit,
694 1545 786 1584 quod
812 1546 858 1577 iiii

224 1587 334 1619 moliti
359 1587 436 1619 sint.
484 1588 568 1621 Nam
593 1589 622 1620 si
646 1588 726 1620 nihil
751 1590 857 1629 aliud,

225 1635 320 1663 certe
353 1631 419 1664 hoc
449 1631 526 1664 inde
558 1633 730 1673 discetur,
765 1635 857 1675 quod

225 1676 321 1708 multi
352 1675 452 1708 hodie
483 1677 572 1709 iusto
607 1679 715 1718 magis
749 1679 855 1719 negli-

223 1725 330 1762 gunt,
352 1721 384 1752 in
410 1721 494 1753 iocis
520 1721 631 1754 dubiis
659 1727 693 1754 et
717 1727 856 1755 contro-

223 1765 333 1797 versis
348 1765 426 1798 nihii
443 1767 631 1799 consultius
645 1777 732 1807 esse,
757 1777 856 1808 quam

221 1815 301 1842 ante
333 1810 446 1844 omnia
470 1811 549 1851 quid
576 1813 608 1844 in
638 1811 739 1843 codd.
772 1822 854 1844 mss.

221 1856 375 1896 legatur,
401 1856 597 1896 exquirere,
624 1861 659 1888 et
683 1867 760 1889 num
787 1867 855 1898 qua

222 1899 301 1932 inde
330 1900 509 1932 commoda
540 1902 709 1933 sententia
745 1903 856 1942 possit

223 1945 312 1984 elici,
338 1954 438 1986 quam
464 1947 723 1978 accuratissime
749 1957 854 1987 quae-

222 1999 309 2022 rere.
358 1989 461 2023 Quod
480 1990 536 2022 ubi
563 1993 754 2032 neglectum
782 1991 855 2023 sue-

222 2035 286 2074 rit,
312 2035 363 2067 vei
389 2035 609 2068 acutissimae
634 2035 856 2069 con'iecturae

223 2089 329 2112 vanae
355 2083 452 2111 erunt
477 2084 580 2120 atque
611 2081 739 2112 inanes.
788 2083 852 2113 Ac-

221 2125 297 2166 cipe
319 2124 424 2166 igitur
449 2134 538 2156 nunc
567 2126 675 2158 varias
704 2126 871 2159 virorumv

221 2169 403 2202 doctorum
436 2169 480 2202 de
509 2171 576 2202 hoc
606 2172 683 2202 ioco
716 2176 852 2203 senten-

221 2215 287 2246 tias
312 2218 346 2245 et
369 2214 556 2255 opiniones.
592 2215 714 2256 Itaque
741 2216 851 2248 Asti-

220 2268 267 2290 us
293 2259 469 2299 repudiata
499 2258 657 2293 codicum
683 2261 852 2301 scriptura

218 2302 358 2344 ἆκταίνῃ
389 2304 568 2342 tegendum
603 2315 681 2337 esse
706 2306 850 2337 arbitra-

220 2352 287 2380 tur.
340 2347 381 2379 In
412 2358 479 2388 quo
516 2354 682 2390 sequutus
719 2350 852 2382 videtur

218 2391 435 2424 Scholiastae
480 2395 741 2434 auctoritatem,
791 2396 849 2435 qui

219 2437 361 2469 adnotat
376 2436 476 2469 haec=
501 2437 745 2470 ἀκταίνειν·
765 2450 848 2480 γαυ-

217 2480 313 2524 ριᾶν,
337 2480 492 2517 ἀτάκτως
516 2483 645 2523 πηδᾶν,
678 2483 698 2524 ἢ
722 2496 847 2525 μετεω-

240 2520 336 2567 ίζειν,
374 2524 395 2567 ἢ
420 2525 552 2569 ὁρμᾶν,
572 2526 606 2567 v7'1*
629 2528 845 2569 ἐξαίττειν,

214 2569 284 2603 απὸ
335 2574 399 2603 τοῦ
445 2570 567 2606 &zaim
605 2572 659 2603 καὶ
704 2571 843 2613 ὶσχύειν.

216 2615 286 2650 Sed
310 2617 395 2649 haec
418 2617 603 2649 auctoritas
630 2617 842 2651 Scholiastae

928 1142 1082 1174 elevatur
1108 1149 1169 1178 eo,
1194 1138 1283 1179 quod
1319 1141 1394 1181 ipse
1419 1138 1555 1171 subiun-

927 1186 976 1226 git
1009 1185 1105 1218 haec:
1146 1182 1216 1214 α’πό
1255 1183 1384 1217 τούτου
1420 1179 1483 1215 οὖν
1515 1182 1553 1215 τὸ

927 1228 1179 1272 ἀκταινώσῃ.
1214 1229 1304 1261 uude
1338 1229 1556 1262 manifestum

928 1279 992 1315 est,
1018 1275 1126 1315 ipsum
1154 1282 1290 1314 quoque
1315 1274 1346 1306 in
1368 1275 1460 1306 iibris
1486 1274 1556 1306 suis

926 1320 1098 1361 reperisse
1119 1317 1321 1358 ἀκταινώσῃ.
1369 1319 1438 1351 Nec
1461 1328 1556 1351 com-

929 1365 1031 1397 moda
1068 1367 1129 1396 aut
1166 1368 1258 1396 recta
1296 1365 1463 1396 sententia
1493 1368 1555 1400 est,

926 1420 1027 1451 quam
1063 1411 1113 1442 vir
1148 1408 1270 1441 doctus
1293 1405 1434 1452 α’κταίνῃ
1461 1418 1554 1441 rece-

928 1459 988 1496 pto
1003 1455 1113 1486 verbis
1138 1454 1250 1486 inesse
1274 1455 1407 1488 statuit:
1433 1454 1554 1486 simu-

927 1503 992 1533 iac
1024 1499 1198 1531 iascivit
1235 1499 1327 1531 sive
1368 1499 1554 1536 exultat,

924 1546 1030 1577 imm
1051 1544 1265 1576 oderate
1320 1544 1444 1576 etiam
1492 1553 1568 1587 sat-A

924 1591 988 1622 lit.
1036 1589 1151 1621 Aliam
1186 1590 1273 1620 viam
1304 1588 1477 1629 ingressus
1501 1592 1554 1620 est

925 1632 1221 1666 Schneiderus
1247 1633 1358 1664 Saxo
1379 1633 1410 1665 in
1436 1633 1553 1666 Lexic.

924 1679 985 1710 Gr.
1028 1677 1070 1710 T.
1102 1678 1143 1711 li.
1184 1688 1218 1718 p.
1250 1677 1327 1712 688.
1363 1678 1418 1710 ed.
1450 1679 1482 1711 2.
1517 1683 1553 1710 et

925 1723 999 1755 Voi.
1025 1723 1053 1754 Ι.
1079 1733 1112 1764 p.
1138 1723 1215 1756 153.
1241 1723 1294 1755 ed.
1319 1722 1366 1761 3.,
1394 1723 1450 1763 qui
1475 1732 1552 1755 ver-

924 1768 1002 1800 bum
1050 1766 1303 1799 ἆηακιαινῶσαι
1357 1771 1486 1800 temere
1531 1778 1552 1799 a

924 1813 1165 1844 Grammaticis
1222 1813 1403 1854 confictum
1455 1816 1552 1854 putat

922 1857 1071 1897 ideoque
1096 1857 1273 1898 tegendum
1297 1861 1434 1889 censet:
1462 1856 1550 1888 α’πα-

922 1903 1039 1946 κταίνῃ
1072 1903 1123 1933 vel
1149 1901 1340 1945 ἅπαις-τείνῃ,
1365 1901 1456 1943 quod
1475 1903 1549 1942 qui—

925 1947 1000 1979 dem
1047 1948 1120 1978 vuit
1156 1957 1259 1979 sensu
1303 1949 1417 1979 activo
1454 1957 1548 1979 esse:

925 1991 1166 2024 vehementi
1197 1995 1312 2024 motu
1336 1991 1547 2032 defatiga-

924 2047 986 2076 re,
1015 2035 1151 2068 ‘durch
1197 2035 1362 2077 heftige
1406 2035 1548 2068 Bewe—

922 2091 1033 2122 gung
1065 2091 1146 2114 erm
1162 2080 1282 2113 iiden.
1333 2084 1377 2113 At
1401 2081 1546 2122 primum

919 2125 1057 2167 quidem
1114 2124 1330 2157 ἆπακταίνειν
1382 2135 1547 2167 nusquam

918 2170 1028 2203 active
1050 2170 1225 2212 sig-nificat,
1250 2170 1310 2202 sed
1337 2171 1464 2211 ubique
1487 2181 1547 2211 pro

918 2217 1024 2248 verbo
1049 2219 1169 2248 neutro
1194 2218 1385 2257 usurpatur.
1420 2215 1549 2248 Deinde

916 2258 1175 2292 α’πακταινῶσαι
1211 2270 1271 2292 cur
1303 2265 1435 2292 temere
1465 2269 1545 2292 con-

916 2305 1028 2337 fictum
1069 2316 1088 2337 a
1124 2305 1367 2337 Grammaticis
1404 2304 1546 2346 dicatur,

917 2350 1004 2381 nulia
1035 2359 1156 2381 caussa
1190 2355 1253 2382 est.
1305 2349 1476 2390 Denique,
1510 2350 1544 2382 id

916 2393 1006 2435 quod
1064 2404 1146 2427 sane
1192 2395 1429 2436 gravissimum
1479 2400 1544 2435 est,

915 2443 1073 2481 suscepta
1087 2440 1145 2471 iila
1159 2441 1354 2471 coniectura
1367 2439 1394 2470 *S
1403 2449 1421 2471 c
1430 2437 1448 2470 h
1458 2449 1478 2471 n
1488 2450 1507 2472 e
1515 2439 1543 2472 i-

915 2483 1025 2523 deri‚
1059 2494 1220 2525 perquam
1257 2483 1402 2516 absurda
1439 2484 1544 2516 oritur

912 2531 1093 2561 sententia.
1143 2530 1229 2563 Quis
1247 2530 1335 2562 enim
1362 2532 1454 2560 recta
1479 2538 1541 2569 pu-

911 2574 1037 2606 taverit
1066 2574 1162 2607 haec:
1207 2584 1327 2606 omne
1357 2572 1541 2615 animai,

911 2618 978 2650 ubi
1003 2629 1045 2651 se
1076 2618 1389 2661 defatigaverit
1419 2622 1539 2650 motu
