<?xml version="1.0" encoding="UTF-8"?>
<!DOCTYPE html PUBLIC "-//W3C//DTD XHTML 1.0 Transitional//EN"
    "http://www.w3.org/TR/xhtml1/DTD/xhtml1-transitional.dtd">
<html xmlns="http://www.w3.org/1999/xhtml" xml:lang="en" lang="en">
 <head>
  <title>
</title>
<meta http-equiv="Content-Type" content="text/html;charset=utf-8" />
  <meta name='ocr-system' content='tesseract 3.04.00' />
  <meta name='ocr-capabilities' content='ocr_page ocr_carea ocr_par ocr_line ocrx_word'/>
</head>
<body>
  <div class='ocr_page' id='page_1' title='image "./s1operaomniarece10platuoft_0362.png"; bbox 0 0 1612 2872; ppageno 0'>
   <div class='ocr_carea' id='block_1_1' title="bbox 219 87 296 129">
    <p class='ocr_par' dir='ltr' id='par_1_1' title="bbox 219 87 296 129">
     <span class='ocr_line' id='line_1_1' title="bbox 219 87 296 129; baseline 0.026 -2"><span class='ocrx_word' id='word_1_1' title='bbox 219 87 296 129; x_wconf 80' lang='grc'><strong>182</strong></span> 
     </span>
    </p>
   </div>
   <div class='ocr_carea' id='block_1_2' title="bbox 710 81 1078 125">
    <p class='ocr_par' dir='ltr' id='par_1_2' title="bbox 710 81 1078 125">
     <span class='ocr_line' id='line_1_2' title="bbox 710 81 1078 125; baseline 0.003 -1"><span class='ocrx_word' id='word_1_2' title='bbox 710 81 1078 125; x_wconf 83' lang='lat' dir='ltr'>PLATONIS</span> 
     </span>
    </p>
   </div>
   <div class='ocr_carea' id='block_1_3' title="bbox 216 194 1548 384">
    <p class='ocr_par' dir='ltr' id='par_1_3' title="bbox 216 194 1548 384">
     <span class='ocr_line' id='line_1_3' title="bbox 217 194 1546 256; baseline 0 -14"><span class='ocrx_word' id='word_1_3' title='bbox 217 201 290 242; x_wconf 86' lang='grc' dir='ltr'><strong><em>καὶ</em></strong></span> <span class='ocrx_word' id='word_1_4' title='bbox 323 195 560 252; x_wconf 77' lang='grc' dir='ltr'><em>ἀναγκάσει</em></span> <span class='ocrx_word' id='word_1_5' title='bbox 593 194 653 249; x_wconf 88' lang='grc' dir='ltr'><strong><em>μὴ</em></strong></span> <span class='ocrx_word' id='word_1_6' title='bbox 689 197 875 245; x_wconf 76' lang='grc' dir='ltr'><strong><em>πείθων,</em></strong></span> <span class='ocrx_word' id='word_1_7' title='bbox 909 195 963 237; x_wconf 77' lang='grc' dir='ltr'><strong><em>τὰ</em></strong></span> <span class='ocrx_word' id='word_1_8' title='bbox 1001 199 1087 238; x_wconf 83' lang='grc' dir='ltr'><strong><em>τῶν</em></strong></span> <span class='ocrx_word' id='word_1_9' title='bbox 1123 196 1361 256; x_wconf 75' lang='grc' dir='ltr'><strong><em>σωφρόνων</em></strong></span> <span class='ocrx_word' id='word_1_10' title='bbox 1395 214 1439 241; x_wconf 81' lang='grc' dir='ltr'><strong><em>τε</em></strong></span> <span class='ocrx_word' id='word_1_11' title='bbox 1475 201 1546 242; x_wconf 81' lang='grc' dir='ltr'><strong><em>καὶ</em></strong></span> 
     </span>
     <span class='ocr_line' id='line_1_4' title="bbox 216 258 1547 321; baseline 0 -15"><span class='ocrx_word' id='word_1_12' title='bbox 216 264 426 320; x_wconf 79' lang='grc' dir='ltr'><em>ἀνδρείων</em></span> <span class='ocrx_word' id='word_1_13' title='bbox 484 263 553 302; x_wconf 73' lang='grc' dir='ltr'><strong><em>καὶ</em></strong></span> <span class='ocrx_word' id='word_1_14' title='bbox 612 258 786 310; x_wconf 78' lang='grc' dir='ltr'><strong><em>πάντως</em></strong></span> <span class='ocrx_word' id='word_1_15' title='bbox 839 260 1035 313; x_wconf 78' lang='grc' dir='ltr'><em>ἀγαθῶν</em></span> <span class='ocrx_word' id='word_1_16' title='bbox 1078 259 1253 318; x_wconf 79' lang='grc' dir='ltr'><strong><em>ἀνδρῶν</em></strong></span> <span class='ocrx_word' id='word_1_17' title='bbox 1296 265 1342 306; x_wconf 74' lang='grc' dir='ltr'><strong><em>ἔν</em></strong></span> <span class='ocrx_word' id='word_1_18' title='bbox 1385 279 1430 306; x_wconf 83' lang='grc' dir='ltr'><strong><em>τε</em></strong></span> <span class='ocrx_word' id='word_1_19' title='bbox 1473 263 1547 321; x_wconf 73' lang='grc' dir='ltr'><strong><em>ῥυ·</em></strong></span> 
     </span>
     <span class='ocr_line' id='line_1_5' title="bbox 219 323 1548 384; baseline 0.005 -19"><span class='ocrx_word' id='word_1_20' title='bbox 219 333 359 383; x_wconf 72' lang='grc' dir='ltr'><strong><em>θμοῖς</em></strong></span> <span class='ocrx_word' id='word_1_21' title='bbox 391 325 590 381; x_wconf 83' lang='grc' dir='ltr'><strong><em>σχήματα</em></strong></span> <span class='ocrx_word' id='word_1_22' title='bbox 629 327 701 366; x_wconf 80' lang='grc' dir='ltr'><strong><em>καὶ</em></strong></span> <span class='ocrx_word' id='word_1_23' title='bbox 736 330 781 368; x_wconf 80' lang='grc' dir='ltr'><strong><em>ὲν</em></strong></span> <span class='ocrx_word' id='word_1_24' title='bbox 817 323 1071 382; x_wconf 85' lang='grc' dir='ltr'><strong><em>ἀρμονίαισι</em></strong></span> <span class='ocrx_word' id='word_1_25' title='bbox 1093 330 1197 381; x_wconf 78' lang='grc' dir='ltr'><strong><em>μέλη</em></strong></span> <span class='ocrx_word' id='word_1_26' title='bbox 1225 330 1439 372; x_wconf 84' lang='grc' dir='ltr'><strong><em>ποιοῦντα</em></strong></span> <span class='ocrx_word' id='word_1_27' title='bbox 1474 328 1548 384; x_wconf 82' lang='grc' dir='ltr'><strong><em>ὀρ·</em></strong></span> 
     </span>
    </p>
   </div>
   <div class='ocr_carea' id='block_1_4' title="bbox 224 395 511 442">
    <p class='ocr_par' dir='ltr' id='par_1_4' title="bbox 224 395 511 442">
     <span class='ocr_line' id='line_1_6' title="bbox 224 395 511 442; baseline -0.01 -7"><span class='ocrx_word' id='word_1_28' title='bbox 224 395 320 442; x_wconf 77' lang='grc' dir='ltr'><strong><em>θῶς</em></strong></span> <span class='ocrx_word' id='word_1_29' title='bbox 354 398 511 435; x_wconf 81' lang='grc' dir='ltr'><strong><em>ποιεῖν.</em></strong></span> 
     </span>
    </p>
   </div>
   <div class='ocr_carea' id='block_1_5' title="bbox 318 453 1548 511">
    <p class='ocr_par' dir='ltr' id='par_1_5' title="bbox 318 453 1548 511">
     <span class='ocr_line' id='line_1_7' title="bbox 318 453 1548 511; baseline 0.003 -13"><span class='ocrx_word' id='word_1_30' title='bbox 318 458 421 499; x_wconf 90' lang='grc' dir='ltr'><strong><em>ΚΛ.</em></strong></span> <span class='ocrx_word' id='word_1_31' title='bbox 491 456 590 497; x_wconf 91' lang='grc' dir='ltr'><strong><em>Νῦν</em></strong></span> <span class='ocrx_word' id='word_1_32' title='bbox 626 470 706 497; x_wconf 86' lang='grc' dir='ltr'><strong><em>ουν</em></strong></span> <span class='ocrx_word' id='word_1_33' title='bbox 742 453 857 497; x_wconf 80' lang='grc' dir='ltr'><strong><em>οὕτω</em></strong></span> <span class='ocrx_word' id='word_1_34' title='bbox 895 457 1074 499; x_wconf 83' lang='grc' dir='ltr'><strong><em>δοκοῦσι’</em></strong></span> <span class='ocrx_word' id='word_1_35' title='bbox 1107 471 1188 507; x_wconf 90' lang='grc' dir='ltr'><strong><em>σοι,</em></strong></span> <span class='ocrx_word' id='word_1_36' title='bbox 1224 455 1336 511; x_wconf 85' lang='grc' dir='ltr'><strong><em>πρὸς</em></strong></span> <span class='ocrx_word' id='word_1_37' title='bbox 1370 457 1548 509; x_wconf 85' lang='grc' dir='ltr'><strong><em>Διός,ω</em></strong></span> 
     </span>
    </p>
   </div>
   <div class='ocr_carea' id='block_1_6' title="bbox 1527 451 1545 470">
    <p class='ocr_par' dir='ltr' id='par_1_6' title="bbox 1527 451 1545 470">
     <span class='ocr_line' id='line_1_8' title="bbox 1527 451 1545 470; baseline 0 0"><span class='ocrx_word' id='word_1_38' title='bbox 1527 451 1545 470; x_wconf 77' lang='lat'>7</span> 
     </span>
    </p>
   </div>
   <div class='ocr_carea' id='block_1_7' title="bbox 218 517 1551 580">
    <p class='ocr_par' dir='ltr' id='par_1_7' title="bbox 218 517 1551 580">
     <span class='ocr_line' id='line_1_9' title="bbox 218 517 1551 580; baseline 0 -15"><span class='ocrx_word' id='word_1_39' title='bbox 218 522 328 575; x_wconf 76' lang='grc' dir='ltr'><strong><em>ξένε,</em></strong></span> <span class='ocrx_word' id='word_1_40' title='bbox 382 526 429 564; x_wconf 75' lang='grc' dir='ltr'><strong><em>ὲν</em></strong></span> <span class='ocrx_word' id='word_1_41' title='bbox 484 526 579 569; x_wconf 82' lang='grc' dir='ltr'><strong><em>ταῖς</em></strong></span> <span class='ocrx_word' id='word_1_42' title='bbox 619 517 773 569; x_wconf 84' lang='grc' dir='ltr'><strong><em>ἄλλαις</em></strong></span> <span class='ocrx_word' id='word_1_43' title='bbox 827 518 977 563; x_wconf 80' lang='grc' dir='ltr'><strong><em>πόλεσι</em></strong></span> <span class='ocrx_word' id='word_1_44' title='bbox 1018 530 1180 574; x_wconf 58' lang='lat' dir='ltr'><em>noc-siv,-</em></span> <span class='ocrx_word' id='word_1_45' title='bbox 1223 521 1302 576; x_wconf 76' lang='grc' dir='ltr'><strong><em>ἐγώ</em></strong></span> <span class='ocrx_word' id='word_1_46' title='bbox 1342 525 1421 578; x_wconf 82' lang='grc' dir='ltr'><strong><em>μὲν</em></strong></span> <span class='ocrx_word' id='word_1_47' title='bbox 1467 521 1551 580; x_wconf 80' lang='grc' dir='ltr'><strong><em>γὰρ</em></strong></span> 
     </span>
    </p>
   </div>
   <div class='ocr_carea' id='block_1_8' title="bbox 221 586 333 629">
    <p class='ocr_par' dir='ltr' id='par_1_8' title="bbox 221 586 333 629">
     <span class='ocr_line' id='line_1_10' title="bbox 221 586 333 629; baseline 0 0"><span class='ocrx_word' id='word_1_48' title='bbox 221 586 333 629; x_wconf 72' lang='grc' dir='ltr'><strong><em>καθ’</em></strong></span> 
     </span>
    </p>
   </div>
   <div class='ocr_carea' id='block_1_9' title="bbox 382 583 1551 645">
    <p class='ocr_par' dir='ltr' id='par_1_9' title="bbox 382 583 1551 645">
     <span class='ocr_line' id='line_1_11' title="bbox 382 583 1551 645; baseline 0.001 -16"><span class='ocrx_word' id='word_1_49' title='bbox 382 584 491 629; x_wconf 85' lang='grc' dir='ltr'><strong><em>ὅσον</em></strong></span> <span class='ocrx_word' id='word_1_50' title='bbox 536 583 846 640; x_wconf 75' lang='grc' dir='ltr'><strong><em>αισθάνομαι,</em></strong></span> <span class='ocrx_word' id='word_1_51' title='bbox 890 584 1005 637; x_wconf 83' lang='grc' dir='ltr'><strong><em>πλὴν</em></strong></span> <span class='ocrx_word' id='word_1_52' title='bbox 1048 603 1138 642; x_wconf 83' lang='grc' dir='ltr'><strong><em>παρ</em></strong></span> <span class='ocrx_word' id='word_1_53' title='bbox 1206 585 1309 642; x_wconf 81' lang='grc' dir='ltr'><strong><em>ἡμῖν</em></strong></span> <span class='ocrx_word' id='word_1_54' title='bbox 1354 586 1379 640; x_wconf 86' lang='grc' dir='ltr'>ἢ</span> <span class='ocrx_word' id='word_1_55' title='bbox 1432 586 1551 645; x_wconf 83' lang='grc' dir='ltr'><strong><em>παρὰ</em></strong></span> 
     </span>
    </p>
   </div>
   <div class='ocr_carea' id='block_1_10' title="bbox 219 648 1612 974">
    <p class='ocr_par' dir='ltr' id='par_1_10' title="bbox 219 648 1612 974">
     <span class='ocr_line' id='line_1_12' title="bbox 221 648 1605 709; baseline 0 -13"><span class='ocrx_word' id='word_1_56' title='bbox 221 653 613 706; x_wconf 81' lang='grc' dir='ltr'><strong><em>Λακεδαιμονίοις,</em></strong></span> <span class='ocrx_word' id='word_1_57' title='bbox 649 648 675 691; x_wconf 73' lang='grc' dir='ltr'><em>ἃ</em></span> <span class='ocrx_word' id='word_1_58' title='bbox 716 649 768 692; x_wconf 78' lang='grc' dir='ltr'><strong><em>σὺ</em></strong></span> <span class='ocrx_word' id='word_1_59' title='bbox 803 652 883 694; x_wconf 88' lang='grc' dir='ltr'><strong><em>νῦν</em></strong></span> <span class='ocrx_word' id='word_1_60' title='bbox 917 654 1071 704; x_wconf 80' lang='grc' dir='ltr'><strong><em>λέγεις,</em></strong></span> <span class='ocrx_word' id='word_1_61' title='bbox 1115 652 1193 695; x_wconf 82' lang='grc' dir='ltr'><strong><em>οὐκ</em></strong></span> <span class='ocrx_word' id='word_1_62' title='bbox 1230 653 1329 696; x_wconf 83' lang='grc' dir='ltr'><strong><em>οἶδα</em></strong></span> <span class='ocrx_word' id='word_1_63' title='bbox 1365 652 1553 709; x_wconf 82' lang='grc' dir='ltr'><strong><em>πραττό-</em></strong></span> <span class='ocrx_word' id='word_1_64' title='bbox 1602 686 1605 702; x_wconf 68' lang='grc'><strong><em>,</em></strong></span> 
     </span>
     <span class='ocr_line' id='line_1_13' title="bbox 221 712 1612 774; baseline 0 -13"><span class='ocrx_word' id='word_1_65' title='bbox 221 734 347 773; x_wconf 81' lang='grc' dir='ltr'><strong><em>μενα,</em></strong></span> <span class='ocrx_word' id='word_1_66' title='bbox 383 714 511 759; x_wconf 79' lang='grc' dir='ltr'><strong><em>καινοὶ</em></strong></span> <span class='ocrx_word' id='word_1_67' title='bbox 550 717 593 758; x_wconf 81' lang='grc' dir='ltr'><strong><em>δὲ</em></strong></span> <span class='ocrx_word' id='word_1_68' title='bbox 628 712 744 757; x_wconf 78' lang='grc' dir='ltr'><strong><em>ἄττα</em></strong></span> <span class='ocrx_word' id='word_1_69' title='bbox 780 714 848 758; x_wconf 82' lang='grc' dir='ltr'><strong><em>ἀεὶ</em></strong></span> <span class='ocrx_word' id='word_1_70' title='bbox 883 716 1117 771; x_wconf 73' lang='grc' dir='ltr'><strong><em>γιγνόμενα</em></strong></span> <span class='ocrx_word' id='word_1_71' title='bbox 1153 722 1250 774; x_wconf 82' lang='grc' dir='ltr'><strong><em>περί</em></strong></span> <span class='ocrx_word' id='word_1_72' title='bbox 1286 735 1331 761; x_wconf 84' lang='grc' dir='ltr'><strong><em>τε</em></strong></span> <span class='ocrx_word' id='word_1_73' title='bbox 1367 718 1446 769; x_wconf 79' lang='grc' dir='ltr'><strong><em>τὰς</em></strong></span> <span class='ocrx_word' id='word_1_74' title='bbox 1479 718 1554 774; x_wconf 79' lang='grc' dir='ltr'><strong><em>ὀρ·</em></strong></span> <span class='ocrx_word' id='word_1_75' title='bbox 1601 715 1612 751; x_wconf 53' lang='grc' dir='ltr'><strong><em>’ἓ</em></strong></span> 
     </span>
     <span class='ocr_line' id='line_1_14' title="bbox 219 777 1554 839; baseline 0.001 -13"><span class='ocrx_word' id='word_1_76' title='bbox 219 781 364 839; x_wconf 80' lang='grc' dir='ltr'><strong><em>χήσεις</em></strong></span> <span class='ocrx_word' id='word_1_77' title='bbox 397 785 470 825; x_wconf 74' lang='grc' dir='ltr'><strong><em>καὶ</em></strong></span> <span class='ocrx_word' id='word_1_78' title='bbox 506 785 601 836; x_wconf 79' lang='grc' dir='ltr'><strong><em>περὶ</em></strong></span> <span class='ocrx_word' id='word_1_79' title='bbox 639 779 720 832; x_wconf 85' lang='grc' dir='ltr'><strong><em>τὴν</em></strong></span> <span class='ocrx_word' id='word_1_80' title='bbox 755 777 894 833; x_wconf 80' lang='grc' dir='ltr'><strong><em>ἄλλην</em></strong></span> <span class='ocrx_word' id='word_1_81' title='bbox 928 780 1144 837; x_wconf 84' lang='grc' dir='ltr'><strong><em>μουσικὴν</em></strong></span> <span class='ocrx_word' id='word_1_82' title='bbox 1177 781 1431 838; x_wconf 80' lang='grc' dir='ltr'><strong><em>ξύμπασαν,</em></strong></span> <span class='ocrx_word' id='word_1_83' title='bbox 1475 783 1554 839; x_wconf 83' lang='grc' dir='ltr'><strong><em>οὐχ</em></strong></span> 
     </span>
     <span class='ocr_line' id='line_1_15' title="bbox 222 844 1612 902; baseline 0.001 -11"><span class='ocrx_word' id='word_1_84' title='bbox 222 847 308 891; x_wconf 83' lang='grc' dir='ltr'><strong><em>ὑπὸ</em></strong></span> <span class='ocrx_word' id='word_1_85' title='bbox 346 847 493 902; x_wconf 87' lang='grc' dir='ltr'><strong><em>νόμων</em></strong></span> <span class='ocrx_word' id='word_1_86' title='bbox 527 844 888 901; x_wconf 80' lang='grc' dir='ltr'><strong><em>μεταβαλλόμενα</em></strong></span> <span class='ocrx_word' id='word_1_87' title='bbox 924 846 1021 890; x_wconf 81' lang='grc' dir='ltr'><strong><em>ἀλλ’</em></strong></span> <span class='ocrx_word' id='word_1_88' title='bbox 1064 846 1150 891; x_wconf 79' lang='grc' dir='ltr'><strong><em>ὑπό</em></strong></span> <span class='ocrx_word' id='word_1_89' title='bbox 1187 865 1316 892; x_wconf 83' lang='grc' dir='ltr'><strong><em>τινων</em></strong></span> <span class='ocrx_word' id='word_1_90' title='bbox 1349 848 1555 892; x_wconf 74' lang='grc' dir='ltr'><strong><em>ἀτάκτων</em></strong></span> <span class='ocrx_word' id='word_1_91' title='bbox 1610 889 1612 891; x_wconf 87' lang='grc'>.</span> 
     </span>
     <span class='ocr_line' id='line_1_16' title="bbox 223 912 1601 974; baseline 0.001 -18"><span class='ocrx_word' id='word_1_92' title='bbox 223 912 421 966; x_wconf 82' lang='grc' dir='ltr'><strong><em>ἡδονῶν,</em></strong></span> <span class='ocrx_word' id='word_1_93' title='bbox 457 913 622 954; x_wconf 86' lang='grc' dir='ltr'><strong><em>πολλοῦ</em></strong></span> <span class='ocrx_word' id='word_1_94' title='bbox 658 913 846 954; x_wconf 80' lang='grc' dir='ltr'><strong><em>δεουσῶν</em></strong></span> <span class='ocrx_word' id='word_1_95' title='bbox 878 914 965 954; x_wconf 86' lang='grc' dir='ltr'><strong><em>τῶν</em></strong></span> <span class='ocrx_word' id='word_1_96' title='bbox 997 913 1144 956; x_wconf 84' lang='grc' dir='ltr'><strong><em>αὐτῶν</em></strong></span> <span class='ocrx_word' id='word_1_97' title='bbox 1190 914 1301 957; x_wconf 86' lang='grc' dir='ltr'><strong><em>εἶναι</em></strong></span> <span class='ocrx_word' id='word_1_98' title='bbox 1335 917 1406 958; x_wconf 80' lang='grc' dir='ltr'><strong><em>καὶ</em></strong></span> <span class='ocrx_word' id='word_1_99' title='bbox 1441 913 1553 958; x_wconf 77' lang='grc' dir='ltr'><strong><em>κατὰ</em></strong></span> <span class='ocrx_word' id='word_1_100' title='bbox 1600 969 1601 974; x_wconf 15' lang='lat'>¹</span> 
     </span>
    </p>
   </div>
   <div class='ocr_carea' id='block_1_11' title="bbox 159 974 754 1088">
    <p class='ocr_par' dir='ltr' id='par_1_11' title="bbox 159 974 754 1088">
     <span class='ocr_line' id='line_1_17' title="bbox 159 974 737 1036; baseline -0.007 -15"><span class='ocrx_word' id='word_1_101' title='bbox 159 994 196 1036; x_wconf 78' lang='lat' dir='ltr'>C</span> <span class='ocrx_word' id='word_1_102' title='bbox 224 977 392 1030; x_wconf 81' lang='grc' dir='ltr'><strong><em>ταύτά,</em></strong></span> <span class='ocrx_word' id='word_1_103' title='bbox 437 975 494 1026; x_wconf 82' lang='grc' dir='ltr'><strong><em>ὡς</em></strong></span> <span class='ocrx_word' id='word_1_104' title='bbox 546 974 598 1018; x_wconf 82' lang='grc' dir='ltr'><strong><em>σὺ</em></strong></span> <span class='ocrx_word' id='word_1_105' title='bbox 641 975 737 1018; x_wconf 79' lang='grc' dir='ltr'><strong><em>κατ’</em></strong></span> 
     </span>
     <span class='ocr_line' id='line_1_18' title="bbox 228 1040 754 1088; baseline -0.01 -1"><span class='ocrx_word' id='word_1_106' title='bbox 228 1043 435 1088; x_wconf 80' lang='grc' dir='ltr'><strong><em>οὐδέποτε</em></strong></span> <span class='ocrx_word' id='word_1_107' title='bbox 472 1043 558 1084; x_wconf 83' lang='grc' dir='ltr'><strong><em>τῶν</em></strong></span> <span class='ocrx_word' id='word_1_108' title='bbox 592 1040 754 1083; x_wconf 81' lang='grc' dir='ltr'><strong><em>αὐτῶν.</em></strong></span> 
     </span>
    </p>
   </div>
   <div class='ocr_carea' id='block_1_12' title="bbox 794 976 1550 1038">
    <p class='ocr_par' dir='ltr' id='par_1_12' title="bbox 794 976 1550 1038">
     <span class='ocr_line' id='line_1_19' title="bbox 794 976 1550 1038; baseline 0.007 -20"><span class='ocrx_word' id='word_1_109' title='bbox 794 976 1016 1031; x_wconf 76' lang='grc' dir='ltr'><strong><em>Αἴγυπτον</em></strong></span> <span class='ocrx_word' id='word_1_110' title='bbox 1061 978 1398 1038; x_wconf 75' lang='grc' dir='ltr'><strong><em>ἀφερμηνεύεις,</em></strong></span> <span class='ocrx_word' id='word_1_111' title='bbox 1450 980 1550 1023; x_wconf 80' lang='grc' dir='ltr'><strong><em>ἀλλ’</em></strong></span> 
     </span>
    </p>
   </div>
   <div class='ocr_carea' id='block_1_13' title="bbox 224 1100 1606 1229">
    <p class='ocr_par' dir='ltr' id='par_1_13' title="bbox 224 1100 1606 1229">
     <span class='ocr_line' id='line_1_20' title="bbox 323 1100 1553 1163; baseline 0 -12"><span class='ocrx_word' id='word_1_112' title='bbox 323 1109 422 1151; x_wconf 85' lang='grc' dir='ltr'><strong><em>ΑΘ.</em></strong></span> <span class='ocrx_word' id='word_1_113' title='bbox 478 1105 636 1163; x_wconf 78' lang='grc' dir='ltr'><strong><em>’Ἁριςοέ</em></strong></span> <span class='ocrx_word' id='word_1_114' title='bbox 675 1106 738 1161; x_wconf 81' lang='grc' dir='ltr'><strong><em>γ’,</em></strong></span> <span class='ocrx_word' id='word_1_115' title='bbox 777 1100 808 1148; x_wconf 85' lang='grc' dir='ltr'><strong><em>ὦ</em></strong></span> <span class='ocrx_word' id='word_1_116' title='bbox 847 1108 1041 1151; x_wconf 84' lang='grc' dir='ltr'><strong><em>Κλεινία.</em></strong></span> <span class='ocrx_word' id='word_1_117' title='bbox 1077 1114 1112 1151; x_wconf 77' lang='grc' dir='ltr'><strong><em>εἰ</em></strong></span> <span class='ocrx_word' id='word_1_118' title='bbox 1149 1107 1186 1150; x_wconf 70' lang='grc' dir='ltr'><strong><em>δ’</em></strong></span> <span class='ocrx_word' id='word_1_119' title='bbox 1241 1109 1363 1160; x_wconf 73' lang='grc' dir='ltr'><strong><em>ἔδοξά</em></strong></span> <span class='ocrx_word' id='word_1_120' title='bbox 1411 1123 1481 1151; x_wconf 87' lang='grc' dir='ltr'><strong><em>σοι</em></strong></span> <span class='ocrx_word' id='word_1_121' title='bbox 1526 1107 1553 1151; x_wconf 79' lang='grc' dir='ltr'><strong><em>ἃ</em></strong></span> 
     </span>
     <span class='ocr_line' id='line_1_21' title="bbox 224 1170 1606 1229; baseline -0.001 -12"><span class='ocrx_word' id='word_1_122' title='bbox 224 1172 278 1218; x_wconf 83' lang='grc' dir='ltr'><strong><em>σὺ</em></strong></span> <span class='ocrx_word' id='word_1_123' title='bbox 313 1176 446 1228; x_wconf 80' lang='grc' dir='ltr'><strong><em>λέγεις</em></strong></span> <span class='ocrx_word' id='word_1_124' title='bbox 479 1175 614 1226; x_wconf 77' lang='grc' dir='ltr'><strong><em>λέγειν</em></strong></span> <span class='ocrx_word' id='word_1_125' title='bbox 647 1170 703 1221; x_wconf 83' lang='grc' dir='ltr'><strong><em>ὡς</em></strong></span> <span class='ocrx_word' id='word_1_126' title='bbox 739 1175 819 1214; x_wconf 88' lang='grc' dir='ltr'><strong><em>νῦν</em></strong></span> <span class='ocrx_word' id='word_1_127' title='bbox 854 1171 1108 1227; x_wconf 79' lang='grc' dir='ltr'><strong><em>γιγνόμενα,</em></strong></span> <span class='ocrx_word' id='word_1_128' title='bbox 1154 1173 1232 1217; x_wconf 76' lang='grc' dir='ltr'><strong><em>οὐκ</em></strong></span> <span class='ocrx_word' id='word_1_129' title='bbox 1275 1171 1332 1216; x_wconf 75' lang='grc' dir='ltr'><strong><em>ἂν</em></strong></span> <span class='ocrx_word' id='word_1_130' title='bbox 1376 1173 1556 1229; x_wconf 79' lang='grc' dir='ltr'><strong><em>θαυμά-</em></strong></span> <span class='ocrx_word' id='word_1_131' title='bbox 1602 1195 1606 1211; x_wconf 73' lang='grc' dir='ltr'><strong><em>ι</em></strong></span> 
     </span>
    </p>
   </div>
   <div class='ocr_carea' id='block_1_14' title="bbox 224 1342 1558 1479">
    <p class='ocr_par' dir='ltr' id='par_1_14' title="bbox 224 1342 1558 1479">
     <span class='ocr_line' id='line_1_22' title="bbox 314 1342 1555 1388; baseline 0 -10"><span class='ocrx_word' id='word_1_132' title='bbox 314 1346 355 1379; x_wconf 85' lang='lat' dir='ltr'>P.</span> <span class='ocrx_word' id='word_1_133' title='bbox 381 1346 459 1381; x_wconf 88' lang='grc'>660.</span> <span class='ocrx_word' id='word_1_134' title='bbox 509 1347 573 1378; x_wconf 79' lang='grc' dir='ltr'><strong><em>καὶ</em></strong></span> <span class='ocrx_word' id='word_1_135' title='bbox 606 1344 778 1378; x_wconf 67' lang='grc' dir='ltr'><strong><em>πάντως</em></strong></span> <span class='ocrx_word' id='word_1_136' title='bbox 809 1342 1009 1388; x_wconf 73' lang='grc' dir='ltr'><strong><em>ἀγαθῶν]</em></strong></span> <span class='ocrx_word' id='word_1_137' title='bbox 1046 1347 1087 1377; x_wconf 91' lang='lat' dir='ltr'><strong><em>V.</em></strong></span> <span class='ocrx_word' id='word_1_138' title='bbox 1115 1345 1271 1384; x_wconf 81' lang='grc' dir='ltr'><strong><em>πάντων,</em></strong></span> <span class='ocrx_word' id='word_1_139' title='bbox 1295 1346 1386 1386; x_wconf 78' lang='lat' dir='ltr'>quod</span> <span class='ocrx_word' id='word_1_140' title='bbox 1414 1347 1446 1378; x_wconf 83' lang='lat' dir='ltr'><strong><em>in</em></strong></span> <span class='ocrx_word' id='word_1_141' title='bbox 1473 1345 1555 1378; x_wconf 84' lang='grc' dir='ltr'><strong><em>πάν-</em></strong></span> 
     </span>
     <span class='ocr_line' id='line_1_23' title="bbox 225 1391 1557 1424; baseline 0.001 -1"><span class='ocrx_word' id='word_1_142' title='bbox 225 1399 290 1424; x_wconf 67' lang='grc' dir='ltr'><strong><em>τως</em></strong></span> <span class='ocrx_word' id='word_1_143' title='bbox 313 1393 519 1423; x_wconf 82' lang='lat' dir='ltr'>mutavimus</span> <span class='ocrx_word' id='word_1_144' title='bbox 544 1391 751 1423; x_wconf 77' lang='lat' dir='ltr'>auctoritate</span> <span class='ocrx_word' id='word_1_145' title='bbox 778 1391 933 1423; x_wconf 78' lang='lat' dir='ltr'>codicum</span> <span class='ocrx_word' id='word_1_146' title='bbox 962 1391 1032 1423; x_wconf 84' lang='lat' dir='ltr'>fere</span> <span class='ocrx_word' id='word_1_147' title='bbox 1057 1391 1205 1423; x_wconf 82' lang='lat' dir='ltr'>omnium</span> <span class='ocrx_word' id='word_1_148' title='bbox 1239 1397 1273 1424; x_wconf 88' lang='lat' dir='ltr'><strong><em>et</em></strong></span> <span class='ocrx_word' id='word_1_149' title='bbox 1296 1391 1424 1423; x_wconf 80' lang='lat' dir='ltr'>Euseb.</span> <span class='ocrx_word' id='word_1_150' title='bbox 1474 1392 1557 1424; x_wconf 79' lang='lat' dir='ltr'>Dein</span> 
     </span>
     <span class='ocr_line' id='line_1_24' title="bbox 224 1433 1558 1479; baseline 0.002 -11"><span class='ocrx_word' id='word_1_151' title='bbox 224 1437 371 1469; x_wconf 80' lang='lat' dir='ltr'><strong><em>formam</em></strong></span> <span class='ocrx_word' id='word_1_152' title='bbox 396 1433 611 1478; x_wconf 76' lang='grc' dir='ltr'><strong><em>ἁρμονίαισιν</em></strong></span> <span class='ocrx_word' id='word_1_153' title='bbox 636 1439 747 1467; x_wconf 83' lang='lat' dir='ltr'>tuetur</span> <span class='ocrx_word' id='word_1_154' title='bbox 778 1436 854 1468; x_wconf 80' lang='lat' dir='ltr'>Par.</span> <span class='ocrx_word' id='word_1_155' title='bbox 884 1438 920 1467; x_wconf 66' lang='lat' dir='ltr'><strong><em>A.</em></strong></span> <span class='ocrx_word' id='word_1_156' title='bbox 951 1439 1040 1467; x_wconf 79' lang='lat' dir='ltr'>teste</span> <span class='ocrx_word' id='word_1_157' title='bbox 1067 1436 1195 1476; x_wconf 74' lang='lat' dir='ltr'><strong>Bastio,</strong></span> <span class='ocrx_word' id='word_1_158' title='bbox 1221 1442 1254 1468; x_wconf 85' lang='lat' dir='ltr'><strong><em>et</em></strong></span> <span class='ocrx_word' id='word_1_159' title='bbox 1282 1436 1358 1468; x_wconf 82' lang='lat' dir='ltr'>Vat.</span> <span class='ocrx_word' id='word_1_160' title='bbox 1389 1434 1558 1479; x_wconf 53' lang='lat' dir='ltr'>Qsmnrg.</span> 
     </span>
    </p>
   </div>
   <div class='ocr_carea' id='block_1_15' title="bbox 226 1480 797 1522">
    <p class='ocr_par' dir='ltr' id='par_1_15' title="bbox 226 1480 797 1522">
     <span class='ocr_line' id='line_1_25' title="bbox 226 1480 797 1522; baseline -0.004 -9"><span class='ocrx_word' id='word_1_161' title='bbox 226 1490 305 1513; x_wconf 85' lang='lat' dir='ltr'><strong><em>cum</em></strong></span> <span class='ocrx_word' id='word_1_162' title='bbox 334 1481 431 1513; x_wconf 80' lang='lat' dir='ltr'>Voss.</span> <span class='ocrx_word' id='word_1_163' title='bbox 457 1487 494 1513; x_wconf 81' lang='lat' dir='ltr'><strong><em>et</em></strong></span> <span class='ocrx_word' id='word_1_164' title='bbox 518 1491 623 1522; x_wconf 79' lang='lat' dir='ltr'>marg.</span> <span class='ocrx_word' id='word_1_165' title='bbox 651 1480 741 1513; x_wconf 81' lang='lat' dir='ltr'>Flor.</span> <span class='ocrx_word' id='word_1_166' title='bbox 768 1492 797 1512; x_wconf 79' lang='lat' dir='ltr'><strong><em>a.</em></strong></span> 
     </span>
    </p>
   </div>
   <div class='ocr_carea' id='block_1_16' title="bbox 226 1610 863 1968">
    <p class='ocr_par' dir='ltr' id='par_1_16' title="bbox 226 1610 863 1968">
     <span class='ocr_line' id='line_1_26' title="bbox 274 1610 857 1656; baseline 0 -12"><span class='ocrx_word' id='word_1_167' title='bbox 274 1614 340 1644; x_wconf 79' lang='grc' dir='ltr'><strong><em>καὶ</em></strong></span> <span class='ocrx_word' id='word_1_168' title='bbox 372 1612 540 1646; x_wconf 77' lang='grc' dir='ltr'><strong><em>πάντως</em></strong></span> <span class='ocrx_word' id='word_1_169' title='bbox 573 1611 752 1656; x_wconf 75' lang='grc' dir='ltr'><strong><em>ἀγαθῶν</em></strong></span> <span class='ocrx_word' id='word_1_170' title='bbox 793 1610 857 1644; x_wconf 84' lang='grc' dir='ltr'><strong><em>α’ν-</em></strong></span> 
     </span>
     <span class='ocr_line' id='line_1_27' title="bbox 226 1656 858 1701; baseline 0.003 -14"><span class='ocrx_word' id='word_1_171' title='bbox 226 1656 357 1701; x_wconf 78' lang='grc' dir='ltr'><strong><em>δρῶν]</em></strong></span> <span class='ocrx_word' id='word_1_172' title='bbox 391 1658 441 1690; x_wconf 69' lang='lat' dir='ltr'><strong><em>Ad</em></strong></span> <span class='ocrx_word' id='word_1_173' title='bbox 475 1659 558 1691; x_wconf 80' lang='lat' dir='ltr'>hanc</span> <span class='ocrx_word' id='word_1_174' title='bbox 590 1659 772 1691; x_wconf 80' lang='lat' dir='ltr'>lectionem</span> <span class='ocrx_word' id='word_1_175' title='bbox 805 1663 858 1689; x_wconf 87' lang='lat' dir='ltr'><strong><em>tu-</em></strong></span> 
     </span>
     <span class='ocr_line' id='line_1_28' title="bbox 226 1702 859 1744; baseline 0.002 -10"><span class='ocrx_word' id='word_1_176' title='bbox 226 1702 348 1735; x_wconf 77' lang='lat' dir='ltr'>endam</span> <span class='ocrx_word' id='word_1_177' title='bbox 374 1702 625 1736; x_wconf 79' lang='lat' dir='ltr'>Boeckhius</span> <span class='ocrx_word' id='word_1_178' title='bbox 660 1707 740 1744; x_wconf 77' lang='lat' dir='ltr'><strong><em>apte</em></strong></span> <span class='ocrx_word' id='word_1_179' title='bbox 766 1713 859 1735; x_wconf 83' lang='lat' dir='ltr'>com-</span> 
     </span>
     <span class='ocr_line' id='line_1_29' title="bbox 226 1745 862 1801; baseline 0.002 -23"><span class='ocrx_word' id='word_1_180' title='bbox 226 1751 324 1801; x_wconf 76' lang='lat' dir='ltr'>purat</span> <span class='ocrx_word' id='word_1_181' title='bbox 354 1747 483 1780; x_wconf 75' lang='lat' dir='ltr'>Philet».</span> <span class='ocrx_word' id='word_1_182' title='bbox 511 1759 542 1789; x_wconf 88' lang='lat' dir='ltr'><strong><em>p.</em></strong></span> <span class='ocrx_word' id='word_1_183' title='bbox 568 1747 625 1782; x_wconf 87' lang='grc'><strong><em>39.</em></strong></span> <span class='ocrx_word' id='word_1_184' title='bbox 654 1747 698 1781; x_wconf 94' lang='grc' dir='ltr'><strong><em>Ε.</em></strong></span> <span class='ocrx_word' id='word_1_185' title='bbox 732 1745 862 1779; x_wconf 73' lang='grc' dir='ltr'><strong><em>δίκαιος</em></strong></span> 
     </span>
     <span class='ocr_line' id='line_1_30' title="bbox 227 1787 863 1833; baseline 0.002 -11"><span class='ocrx_word' id='word_1_186' title='bbox 227 1787 318 1832; x_wconf 75' lang='grc' dir='ltr'><strong><em>ἀνὴρ</em></strong></span> <span class='ocrx_word' id='word_1_187' title='bbox 355 1793 411 1823; x_wconf 84' lang='grc' dir='ltr'><strong><em>καὶ</em></strong></span> <span class='ocrx_word' id='word_1_188' title='bbox 442 1789 612 1833; x_wconf 71' lang='grc' dir='ltr'><strong><em>εὐσεβὴς</em></strong></span> <span class='ocrx_word' id='word_1_189' title='bbox 633 1792 687 1823; x_wconf 86' lang='grc' dir='ltr'><strong><em>καὶ</em></strong></span> <span class='ocrx_word' id='word_1_190' title='bbox 726 1788 863 1833; x_wconf 69' lang='grc' dir='ltr'><strong><em>ἀγαθὸς</em></strong></span> 
     </span>
     <span class='ocr_line' id='line_1_31' title="bbox 228 1834 860 1878; baseline 0.007 -12"><span class='ocrx_word' id='word_1_191' title='bbox 228 1834 371 1867; x_wconf 71' lang='grc' dir='ltr'><strong><em>πάντως.</em></strong></span> <span class='ocrx_word' id='word_1_192' title='bbox 404 1836 608 1878; x_wconf 83' lang='lat' dir='ltr'>Euthydem.</span> <span class='ocrx_word' id='word_1_193' title='bbox 645 1847 676 1877; x_wconf 89' lang='lat' dir='ltr'><strong><em>p.</em></strong></span> <span class='ocrx_word' id='word_1_194' title='bbox 709 1837 777 1870; x_wconf 89' lang='grc'><strong><em>292</em></strong></span> <span class='ocrx_word' id='word_1_195' title='bbox 815 1837 860 1867; x_wconf 84' lang='lat' dir='ltr'><strong><em>C:</em></strong></span> 
     </span>
     <span class='ocr_line' id='line_1_32' title="bbox 228 1877 862 1921; baseline 0.002 -10"><span class='ocrx_word' id='word_1_196' title='bbox 228 1877 302 1912; x_wconf 74' lang='grc' dir='ltr'><strong><em>ἀλλ’</em></strong></span> <span class='ocrx_word' id='word_1_197' title='bbox 350 1878 418 1921; x_wconf 78' lang='grc' dir='ltr'><strong><em>ἄρα</em></strong></span> <span class='ocrx_word' id='word_1_198' title='bbox 463 1880 591 1912; x_wconf 72' lang='grc' dir='ltr'><strong><em>πάντας</em></strong></span> <span class='ocrx_word' id='word_1_199' title='bbox 633 1882 686 1912; x_wconf 83' lang='grc' dir='ltr'><strong><em>καὶ</em></strong></span> <span class='ocrx_word' id='word_1_200' title='bbox 729 1879 862 1913; x_wconf 76' lang='grc' dir='ltr'><strong><em>πάντως</em></strong></span> 
     </span>
     <span class='ocr_line' id='line_1_33' title="bbox 228 1921 838 1968; baseline 0.002 -11"><span class='ocrx_word' id='word_1_201' title='bbox 228 1921 402 1967; x_wconf 74' lang='grc' dir='ltr'><strong><em>ἀγαθούς,</em></strong></span> <span class='ocrx_word' id='word_1_202' title='bbox 432 1926 538 1968; x_wconf 83' lang='lat' dir='ltr'>Legg.</span> <span class='ocrx_word' id='word_1_203' title='bbox 564 1927 608 1956; x_wconf 89' lang='lat' dir='ltr'><strong><em>V.</em></strong></span> <span class='ocrx_word' id='word_1_204' title='bbox 636 1937 668 1967; x_wconf 92' lang='lat' dir='ltr'><strong><em>p.</em></strong></span> <span class='ocrx_word' id='word_1_205' title='bbox 695 1927 772 1961; x_wconf 80' lang='lat'>727.</span> <span class='ocrx_word' id='word_1_206' title='bbox 799 1927 838 1958; x_wconf 90' lang='lat' dir='ltr'><strong><em>C.</em></strong></span> 
     </span>
    </p>
   </div>
   <div class='ocr_carea' id='block_1_17' title="bbox 228 1989 862 2169">
    <p class='ocr_par' dir='ltr' id='par_1_17' title="bbox 228 1989 862 2169">
     <span class='ocr_line' id='line_1_34' title="bbox 276 1989 861 2047; baseline 0 -23"><span class='ocrx_word' id='word_1_207' title='bbox 276 1993 316 2024; x_wconf 88' lang='grc' dir='ltr'><strong><em>Β.</em></strong></span> <span class='ocrx_word' id='word_1_208' title='bbox 365 1989 456 2025; x_wconf 80' lang='grc' dir='ltr'><strong><em>κατ’</em></strong></span> <span class='ocrx_word' id='word_1_209' title='bbox 487 1993 713 2035; x_wconf 77' lang='grc' dir='ltr'><strong><em>Αἴγυπτον</em></strong></span> <span class='ocrx_word' id='word_1_210' title='bbox 724 1989 861 2047; x_wconf 72' lang='grc' dir='ltr'><strong><em>ἀφερ-</em></strong></span> 
     </span>
     <span class='ocr_line' id='line_1_35' title="bbox 228 2033 862 2079; baseline 0.002 -11"><span class='ocrx_word' id='word_1_211' title='bbox 228 2035 454 2079; x_wconf 75' lang='grc' dir='ltr'><strong><em>μηνεῦειε]</em></strong></span> <span class='ocrx_word' id='word_1_212' title='bbox 495 2038 546 2070; x_wconf 87' lang='lat' dir='ltr'><strong><em>De</em></strong></span> <span class='ocrx_word' id='word_1_213' title='bbox 577 2037 681 2069; x_wconf 85' lang='lat' dir='ltr'>verbo</span> <span class='ocrx_word' id='word_1_214' title='bbox 713 2033 862 2079; x_wconf 80' lang='grc' dir='ltr'><strong><em>ἀφερμη-</em></strong></span> 
     </span>
     <span class='ocr_line' id='line_1_36' title="bbox 229 2080 862 2121; baseline 0.003 -8"><span class='ocrx_word' id='word_1_215' title='bbox 229 2080 359 2120; x_wconf 73' lang='grc' dir='ltr'><strong><em>νεύειν,</em></strong></span> <span class='ocrx_word' id='word_1_216' title='bbox 392 2091 618 2121; x_wconf 73' lang='lat' dir='ltr'>enarrare,</span> <span class='ocrx_word' id='word_1_217' title='bbox 651 2092 681 2115; x_wconf 90' lang='lat' dir='ltr'>v.</span> <span class='ocrx_word' id='word_1_218' title='bbox 715 2092 792 2114; x_wconf 75' lang='lat' dir='ltr'>nnn.</span> <span class='ocrx_word' id='word_1_219' title='bbox 818 2080 862 2115; x_wconf 80' lang='lat' dir='ltr'><strong><em>ad</em></strong></span> 
     </span>
     <span class='ocr_line' id='line_1_37' title="bbox 229 2126 619 2169; baseline 0.003 -11"><span class='ocrx_word' id='word_1_220' title='bbox 229 2127 385 2169; x_wconf 79' lang='lat' dir='ltr'>Sophist.</span> <span class='ocrx_word' id='word_1_221' title='bbox 412 2138 445 2169; x_wconf 90' lang='lat' dir='ltr'><strong><em>p.</em></strong></span> <span class='ocrx_word' id='word_1_222' title='bbox 471 2126 548 2160; x_wconf 85' lang='lat'>246.</span> <span class='ocrx_word' id='word_1_223' title='bbox 578 2127 619 2158; x_wconf 87' lang='grc' dir='ltr'><strong><em>Ε.</em></strong></span> 
     </span>
    </p>
   </div>
   <div class='ocr_carea' id='block_1_18' title="bbox 226 2187 866 2636">
    <p class='ocr_par' dir='ltr' id='par_1_18' title="bbox 226 2187 866 2636">
     <span class='ocr_line' id='line_1_38' title="bbox 232 2187 866 2235; baseline 0 -11"><span class='ocrx_word' id='word_1_224' title='bbox 232 2190 313 2225; x_wconf 80' lang='grc'><strong><em>’0.</em></strong></span> <span class='ocrx_word' id='word_1_225' title='bbox 368 2190 430 2235; x_wconf 82' lang='grc' dir='ltr'><strong><em>Ἀρ</em></strong></span> <span class='ocrx_word' id='word_1_226' title='bbox 442 2191 536 2225; x_wconf 82' lang='grc' dir='ltr'><strong><em>ιστά</em></strong></span> <span class='ocrx_word' id='word_1_227' title='bbox 577 2189 624 2234; x_wconf 79' lang='grc' dir='ltr'><strong><em>γ’,</em></strong></span> <span class='ocrx_word' id='word_1_228' title='bbox 665 2187 691 2224; x_wconf 79' lang='grc' dir='ltr'><em>ὦ</em></span> <span class='ocrx_word' id='word_1_229' title='bbox 727 2191 795 2225; x_wconf 80' lang='grc' dir='ltr'><strong><em>Κλ.</em></strong></span> <span class='ocrx_word' id='word_1_230' title='bbox 826 2192 866 2224; x_wconf 80' lang='grc' dir='ltr'><strong><em>εἰ</em></strong></span> 
     </span>
     <span class='ocr_line' id='line_1_39' title="bbox 228 2233 861 2278; baseline 0.003 -11"><span class='ocrx_word' id='word_1_231' title='bbox 228 2233 264 2267; x_wconf 85' lang='grc' dir='ltr'><strong><em>δ’</em></strong></span> <span class='ocrx_word' id='word_1_232' title='bbox 289 2236 420 2278; x_wconf 76' lang='grc' dir='ltr'><strong><em>ἔδοξά</em></strong></span> <span class='ocrx_word' id='word_1_233' title='bbox 445 2248 513 2270; x_wconf 85' lang='grc' dir='ltr'><strong><em>σοι</em></strong></span> <span class='ocrx_word' id='word_1_234' title='bbox 539 2238 597 2278; x_wconf 88' lang='lat'><strong><em>-—]</em></strong></span> <span class='ocrx_word' id='word_1_235' title='bbox 631 2237 672 2269; x_wconf 78' lang='lat' dir='ltr'><strong><em>Si</em></strong></span> <span class='ocrx_word' id='word_1_236' title='bbox 699 2237 779 2269; x_wconf 83' lang='lat' dir='ltr'><strong>tibi</strong></span> <span class='ocrx_word' id='word_1_237' title='bbox 806 2239 861 2269; x_wconf 81' lang='lat' dir='ltr'><strong><em>vi-</em></strong></span> 
     </span>
     <span class='ocr_line' id='line_1_40' title="bbox 228 2281 860 2323; baseline 0.002 -11"><span class='ocrx_word' id='word_1_238' title='bbox 228 2290 301 2312; x_wconf 72' lang='lat' dir='ltr'><strong><em>sus</em></strong></span> <span class='ocrx_word' id='word_1_239' title='bbox 326 2292 412 2315; x_wconf 70' lang='lat' dir='ltr'><strong><em>num</em></strong></span> <span class='ocrx_word' id='word_1_240' title='bbox 438 2293 497 2322; x_wconf 78' lang='lat' dir='ltr'><strong><em>ea,</em></strong></span> <span class='ocrx_word' id='word_1_241' title='bbox 502 2286 625 2323; x_wconf 86' lang='lat' dir='ltr'>&#39;quae</span> <span class='ocrx_word' id='word_1_242' title='bbox 649 2281 727 2313; x_wconf 76' lang='lat' dir='ltr'><strong><em>iam</em></strong></span> <span class='ocrx_word' id='word_1_243' title='bbox 753 2292 860 2314; x_wconf 90' lang='lat' dir='ltr'>com-</span> 
     </span>
     <span class='ocr_line' id='line_1_41' title="bbox 227 2325 862 2366; baseline 0 -8"><span class='ocrx_word' id='word_1_244' title='bbox 227 2335 457 2366; x_wconf 78' lang='lat' dir='ltr'><strong><em>memoras,</em></strong></span> <span class='ocrx_word' id='word_1_245' title='bbox 504 2327 566 2358; x_wconf 75' lang='lat' dir='ltr'><strong><em>ita</em></strong></span> <span class='ocrx_word' id='word_1_246' title='bbox 617 2325 765 2358; x_wconf 81' lang='lat' dir='ltr'>dicere</span> <span class='ocrx_word' id='word_1_247' title='bbox 811 2337 862 2358; x_wconf 81' lang='lat' dir='ltr'><strong><em>ac</em></strong></span> 
     </span>
     <span class='ocr_line' id='line_1_42' title="bbox 228 2370 864 2411; baseline 0.005 -11"><span class='ocrx_word' id='word_1_248' title='bbox 228 2370 262 2402; x_wconf 77' lang='lat' dir='ltr'><strong><em>ni</em></strong></span> <span class='ocrx_word' id='word_1_249' title='bbox 292 2380 448 2403; x_wconf 83' lang='lat' dir='ltr'>revera</span> <span class='ocrx_word' id='word_1_250' title='bbox 480 2371 609 2411; x_wconf 77' lang='lat' dir='ltr'><strong>fiant,</strong></span> <span class='ocrx_word' id='word_1_251' title='bbox 649 2371 765 2403; x_wconf 82' lang='lat' dir='ltr'><strong>haud</strong></span> <span class='ocrx_word' id='word_1_252' title='bbox 796 2371 864 2404; x_wconf 76' lang='lat' dir='ltr'><strong><em>mi-</em></strong></span> 
     </span>
     <span class='ocr_line' id='line_1_43' title="bbox 227 2414 860 2456; baseline 0.002 -10"><span class='ocrx_word' id='word_1_253' title='bbox 227 2424 321 2454; x_wconf 86' lang='lat' dir='ltr'>ror,</span> <span class='ocrx_word' id='word_1_254' title='bbox 353 2414 567 2456; x_wconf 73' lang='lat' dir='ltr'><strong><em>siquidem</em></strong></span> <span class='ocrx_word' id='word_1_255' title='bbox 596 2416 658 2447; x_wconf 76' lang='lat' dir='ltr'><strong><em>ita</em></strong></span> <span class='ocrx_word' id='word_1_256' title='bbox 691 2416 773 2447; x_wconf 82' lang='lat' dir='ltr'><strong><em>feei</em></strong></span> <span class='ocrx_word' id='word_1_257' title='bbox 800 2419 860 2447; x_wconf 82' lang='lat' dir='ltr'><strong><em>at-</em></strong></span> 
     </span>
     <span class='ocr_line' id='line_1_44' title="bbox 226 2458 864 2501; baseline 0.003 -11"><span class='ocrx_word' id='word_1_258' title='bbox 226 2468 307 2499; x_wconf 83' lang='lat' dir='ltr'><strong><em>que</em></strong></span> <span class='ocrx_word' id='word_1_259' title='bbox 342 2458 421 2490; x_wconf 86' lang='lat' dir='ltr'><strong><em>hoc</em></strong></span> <span class='ocrx_word' id='word_1_260' title='bbox 453 2464 663 2501; x_wconf 78' lang='lat' dir='ltr'>expertus</span> <span class='ocrx_word' id='word_1_261' title='bbox 687 2470 778 2492; x_wconf 75' lang='lat' dir='ltr'><strong><em>sum</em></strong></span> <span class='ocrx_word' id='word_1_262' title='bbox 808 2462 864 2500; x_wconf 91' lang='lat' dir='ltr'><strong><em>(ut</em></strong></span> 
     </span>
     <span class='ocr_line' id='line_1_45' title="bbox 226 2502 861 2544; baseline 0.003 -10"><span class='ocrx_word' id='word_1_263' title='bbox 226 2502 361 2535; x_wconf 78' lang='lat' dir='ltr'>viderer</span> <span class='ocrx_word' id='word_1_264' title='bbox 385 2503 431 2535; x_wconf 78' lang='lat' dir='ltr'><strong><em>ita</em></strong></span> <span class='ocrx_word' id='word_1_265' title='bbox 455 2504 619 2544; x_wconf 73' lang='lat' dir='ltr'>dixisse),</span> <span class='ocrx_word' id='word_1_266' title='bbox 645 2505 747 2544; x_wconf 78' lang='lat' dir='ltr'>quia</span> <span class='ocrx_word' id='word_1_267' title='bbox 772 2516 823 2536; x_wconf 80' lang='lat' dir='ltr'><strong><em>an</em></strong></span> <span class='ocrx_word' id='word_1_268' title='bbox 834 2506 861 2536; x_wconf 85' lang='lat' dir='ltr'><strong><em>i-</em></strong></span> 
     </span>
     <span class='ocr_line' id='line_1_46' title="bbox 226 2547 861 2581; baseline -0.002 0"><span class='ocrx_word' id='word_1_269' title='bbox 226 2547 278 2581; x_wconf 70' lang='lat' dir='ltr'><strong><em>mi</em></strong></span> <span class='ocrx_word' id='word_1_270' title='bbox 335 2548 416 2580; x_wconf 76' lang='lat' dir='ltr'><strong><em>mei</em></strong></span> <span class='ocrx_word' id='word_1_271' title='bbox 474 2549 736 2581; x_wconf 75' lang='lat' dir='ltr'><strong><em>sententiam</em></strong></span> <span class='ocrx_word' id='word_1_272' title='bbox 784 2559 861 2581; x_wconf 88' lang='lat' dir='ltr'><strong><em>non</em></strong></span> 
     </span>
     <span class='ocr_line' id='line_1_47' title="bbox 228 2592 859 2636; baseline 0 -10"><span class='ocrx_word' id='word_1_273' title='bbox 228 2592 455 2636; x_wconf 67' lang='lat' dir='ltr'>perspicue</span> <span class='ocrx_word' id='word_1_274' title='bbox 502 2592 767 2626; x_wconf 76' lang='lat' dir='ltr'><strong>declaravi</strong></span> <span class='ocrx_word' id='word_1_275' title='bbox 814 2595 859 2635; x_wconf 75' lang='lat' dir='ltr'>(s.</span> 
     </span>
    </p>
   </div>
   <div class='ocr_carea' id='block_1_19' title="bbox 927 1613 1563 2638">
    <p class='ocr_par' dir='ltr' id='par_1_19' title="bbox 927 1613 1561 1966">
     <span class='ocr_line' id='line_1_48' title="bbox 927 1613 1560 1656; baseline 0.006 -12"><span class='ocrx_word' id='word_1_276' title='bbox 927 1623 993 1645; x_wconf 87' lang='lat' dir='ltr'><strong><em>non</em></strong></span> <span class='ocrx_word' id='word_1_277' title='bbox 1031 1614 1212 1655; x_wconf 77' lang='lat' dir='ltr'>perspicue</span> <span class='ocrx_word' id='word_1_278' title='bbox 1250 1613 1427 1646; x_wconf 78' lang='lat' dir='ltr'>declarans</span> <span class='ocrx_word' id='word_1_279' title='bbox 1472 1625 1560 1656; x_wconf 80' lang='lat' dir='ltr'>quae</span> 
     </span>
     <span class='ocr_line' id='line_1_49' title="bbox 927 1658 1558 1700; baseline 0.005 -11"><span class='ocrx_word' id='word_1_280' title='bbox 927 1658 1064 1700; x_wconf 77' lang='lat' dir='ltr'>sentio).</span> <span class='ocrx_word' id='word_1_281' title='bbox 1110 1659 1150 1690; x_wconf 91' lang='lat' dir='ltr'><strong><em>In</em></strong></span> <span class='ocrx_word' id='word_1_282' title='bbox 1177 1659 1228 1690; x_wconf 73' lang='lat' dir='ltr'><strong><em>his</em></strong></span> <span class='ocrx_word' id='word_1_283' title='bbox 1258 1663 1382 1697; x_wconf 78' lang='grc' dir='ltr'><strong><em>ποιεῖν,</em></strong></span> <span class='ocrx_word' id='word_1_284' title='bbox 1415 1663 1452 1691; x_wconf 87' lang='lat' dir='ltr'><strong><em>ut</em></strong></span> <span class='ocrx_word' id='word_1_285' title='bbox 1481 1670 1558 1693; x_wconf 77' lang='lat' dir='ltr'>ane-</span> 
     </span>
     <span class='ocr_line' id='line_1_50' title="bbox 928 1704 1560 1745; baseline 0.005 -12"><span class='ocrx_word' id='word_1_286' title='bbox 928 1713 990 1744; x_wconf 87' lang='lat' dir='ltr'><strong><em>pe,</em></strong></span> <span class='ocrx_word' id='word_1_287' title='bbox 1030 1713 1092 1744; x_wconf 90' lang='lat' dir='ltr'><strong><em>pro</em></strong></span> <span class='ocrx_word' id='word_1_288' title='bbox 1128 1704 1234 1735; x_wconf 87' lang='lat' dir='ltr'>verbo</span> <span class='ocrx_word' id='word_1_289' title='bbox 1276 1714 1317 1736; x_wconf 88' lang='lat' dir='ltr'><strong><em>ex</em></strong></span> <span class='ocrx_word' id='word_1_290' title='bbox 1351 1705 1560 1745; x_wconf 74' lang='lat' dir='ltr'>antegressis</span> 
     </span>
     <span class='ocr_line' id='line_1_51' title="bbox 928 1747 1559 1789; baseline 0.003 -11"><span class='ocrx_word' id='word_1_291' title='bbox 928 1747 1100 1787; x_wconf 77' lang='lat' dir='ltr'>iterando,</span> <span class='ocrx_word' id='word_1_292' title='bbox 1142 1747 1172 1779; x_wconf 78' lang='lat' dir='ltr'><strong><em>h.</em></strong></span> <span class='ocrx_word' id='word_1_293' title='bbox 1207 1758 1237 1780; x_wconf 89' lang='lat' dir='ltr'><strong><em>e.</em></strong></span> <span class='ocrx_word' id='word_1_294' title='bbox 1282 1758 1343 1789; x_wconf 90' lang='lat' dir='ltr'><strong><em>pro</em></strong></span> <span class='ocrx_word' id='word_1_295' title='bbox 1375 1747 1478 1789; x_wconf 78' lang='grc' dir='ltr'><strong><em>ἔδοξα</em></strong></span> <span class='ocrx_word' id='word_1_296' title='bbox 1510 1749 1559 1781; x_wconf 79' lang='grc' dir='ltr'><strong><em>λὲ-</em></strong></span> 
     </span>
     <span class='ocr_line' id='line_1_52' title="bbox 929 1792 1561 1835; baseline 0.008 -13"><span class='ocrx_word' id='word_1_297' title='bbox 929 1803 1017 1833; x_wconf 85' lang='grc' dir='ltr'><strong><em>γειν,</em></strong></span> <span class='ocrx_word' id='word_1_298' title='bbox 1049 1793 1208 1833; x_wconf 81' lang='lat' dir='ltr'><strong><em>positum,</em></strong></span> <span class='ocrx_word' id='word_1_299' title='bbox 1234 1792 1278 1825; x_wconf 81' lang='lat' dir='ltr'><strong><em>de</em></strong></span> <span class='ocrx_word' id='word_1_300' title='bbox 1301 1803 1370 1834; x_wconf 87' lang='lat' dir='ltr'><strong><em>quo</em></strong></span> <span class='ocrx_word' id='word_1_301' title='bbox 1403 1795 1561 1835; x_wconf 73' lang='lat' dir='ltr'>loquendi</span> 
     </span>
     <span class='ocr_line' id='line_1_53' title="bbox 928 1837 1559 1879; baseline 0.006 -12"><span class='ocrx_word' id='word_1_302' title='bbox 928 1846 1054 1877; x_wconf 83' lang='lat' dir='ltr'><strong>genere</strong></span> <span class='ocrx_word' id='word_1_303' title='bbox 1087 1847 1118 1868; x_wconf 88' lang='lat' dir='ltr'><strong><em>v.</em></strong></span> <span class='ocrx_word' id='word_1_304' title='bbox 1145 1847 1220 1870; x_wconf 84' lang='lat' dir='ltr'>ann.</span> <span class='ocrx_word' id='word_1_305' title='bbox 1246 1839 1288 1869; x_wconf 74' lang='lat' dir='ltr'><strong><em>ad</em></strong></span> <span class='ocrx_word' id='word_1_306' title='bbox 1324 1837 1410 1870; x_wconf 81' lang='grc' dir='ltr'><strong>ΡΙιῑΙ.</strong></span> <span class='ocrx_word' id='word_1_307' title='bbox 1443 1849 1477 1879; x_wconf 90' lang='lat' dir='ltr'><strong><em>p.</em></strong></span> <span class='ocrx_word' id='word_1_308' title='bbox 1503 1839 1559 1873; x_wconf 84' lang='lat'><strong><em>18.</em></strong></span> 
     </span>
     <span class='ocr_line' id='line_1_54' title="bbox 931 1881 1546 1925; baseline 0.005 -13"><span class='ocrx_word' id='word_1_309' title='bbox 931 1885 970 1912; x_wconf 83' lang='grc' dir='ltr'><strong><em>Α.</em></strong></span> <span class='ocrx_word' id='word_1_310' title='bbox 1005 1881 1060 1915; x_wconf 92' lang='grc'><strong>20.</strong></span> <span class='ocrx_word' id='word_1_311' title='bbox 1093 1882 1137 1912; x_wconf 82' lang='grc' dir='ltr'><strong><em>Α.</em></strong></span> <span class='ocrx_word' id='word_1_312' title='bbox 1175 1881 1229 1915; x_wconf 88' lang='grc'><strong><em>62.</em></strong></span> <span class='ocrx_word' id='word_1_313' title='bbox 1262 1883 1306 1915; x_wconf 84' lang='grc' dir='ltr'><strong><em>Α.</em></strong></span> <span class='ocrx_word' id='word_1_314' title='bbox 1351 1883 1486 1915; x_wconf 71' lang='lat' dir='ltr'>politic.</span> <span class='ocrx_word' id='word_1_315' title='bbox 1526 1894 1546 1925; x_wconf 95' lang='lat' dir='ltr'>p</span> 
     </span>
     <span class='ocr_line' id='line_1_55' title="bbox 928 1925 1437 1966; baseline 0 -7"><span class='ocrx_word' id='word_1_316' title='bbox 928 1925 1006 1959; x_wconf 83' lang='lat'>260.</span> <span class='ocrx_word' id='word_1_317' title='bbox 1033 1926 1071 1957; x_wconf 89' lang='lat' dir='ltr'><strong><em>C.</em></strong></span> <span class='ocrx_word' id='word_1_318' title='bbox 1099 1925 1206 1966; x_wconf 77' lang='lat' dir='ltr'>Soph.</span> <span class='ocrx_word' id='word_1_319' title='bbox 1233 1937 1264 1966; x_wconf 89' lang='lat' dir='ltr'><strong><em>p.</em></strong></span> <span class='ocrx_word' id='word_1_320' title='bbox 1291 1927 1370 1961; x_wconf 87' lang='lat'>233.</span> <span class='ocrx_word' id='word_1_321' title='bbox 1398 1927 1437 1959; x_wconf 90' lang='lat' dir='ltr'><strong><em>C.</em></strong></span> 
     </span>
    </p>

    <p class='ocr_par' dir='ltr' id='par_1_20' title="bbox 928 1966 1563 2359">
     <span class='ocr_line' id='line_1_56' title="bbox 975 1966 1562 2012; baseline 0.003 -11"><span class='ocrx_word' id='word_1_322' title='bbox 975 1966 1058 2001; x_wconf 74' lang='grc' dir='ltr'><strong><em>ἀλλ’</em></strong></span> <span class='ocrx_word' id='word_1_323' title='bbox 1097 1967 1117 2001; x_wconf 76' lang='grc' dir='ltr'><em>ἃ</em></span> <span class='ocrx_word' id='word_1_324' title='bbox 1152 1969 1373 2010; x_wconf 78' lang='grc' dir='ltr'><strong><em>βούλομαι</em></strong></span> <span class='ocrx_word' id='word_1_325' title='bbox 1404 1972 1470 2012; x_wconf 91' lang='lat'><strong><em>—]</em></strong></span> <span class='ocrx_word' id='word_1_326' title='bbox 1512 1977 1562 2004; x_wconf 70' lang='lat' dir='ltr'><strong><em>At</em></strong></span> 
     </span>
     <span class='ocr_line' id='line_1_57' title="bbox 930 2016 1559 2056; baseline 0.005 -10"><span class='ocrx_word' id='word_1_327' title='bbox 930 2025 1038 2056; x_wconf 80' lang='lat' dir='ltr'>quae</span> <span class='ocrx_word' id='word_1_328' title='bbox 1069 2016 1193 2047; x_wconf 79' lang='lat' dir='ltr'>velim</span> <span class='ocrx_word' id='word_1_329' title='bbox 1228 2016 1266 2047; x_wconf 83' lang='lat' dir='ltr'><strong><em>in</em></strong></span> <span class='ocrx_word' id='word_1_330' title='bbox 1292 2017 1459 2048; x_wconf 78' lang='lat' dir='ltr'>musica</span> <span class='ocrx_word' id='word_1_331' title='bbox 1486 2016 1559 2049; x_wconf 83' lang='lat' dir='ltr'>fie-</span> 
     </span>
     <span class='ocr_line' id='line_1_58' title="bbox 930 2059 1562 2100; baseline 0.003 -9"><span class='ocrx_word' id='word_1_332' title='bbox 930 2060 987 2100; x_wconf 83' lang='lat' dir='ltr'><strong><em>ri,</em></strong></span> <span class='ocrx_word' id='word_1_333' title='bbox 1028 2069 1074 2091; x_wconf 79' lang='lat' dir='ltr'><strong><em>ea</em></strong></span> <span class='ocrx_word' id='word_1_334' title='bbox 1117 2059 1310 2092; x_wconf 72' lang='lat' dir='ltr'>fortasse</span> <span class='ocrx_word' id='word_1_335' title='bbox 1354 2062 1415 2093; x_wconf 78' lang='lat' dir='ltr'><strong><em>ita</em></strong></span> <span class='ocrx_word' id='word_1_336' title='bbox 1464 2062 1562 2094; x_wconf 85' lang='lat' dir='ltr'>fere</span> 
     </span>
     <span class='ocr_line' id='line_1_59' title="bbox 931 2104 1559 2146; baseline 0.005 -10"><span class='ocrx_word' id='word_1_337' title='bbox 931 2104 1123 2146; x_wconf 76' lang='lat' dir='ltr'>protuli,</span> <span class='ocrx_word' id='word_1_338' title='bbox 1158 2109 1201 2136; x_wconf 87' lang='lat' dir='ltr'><strong><em>ut</em></strong></span> <span class='ocrx_word' id='word_1_339' title='bbox 1231 2105 1313 2136; x_wconf 71' lang='lat' dir='ltr'><strong>tibi</strong></span> <span class='ocrx_word' id='word_1_340' title='bbox 1344 2107 1459 2138; x_wconf 74' lang='lat' dir='ltr'>visus</span> <span class='ocrx_word' id='word_1_341' title='bbox 1484 2106 1559 2139; x_wconf 77' lang='lat' dir='ltr'><strong><em>sim</em></strong></span> 
     </span>
     <span class='ocr_line' id='line_1_60' title="bbox 930 2148 1560 2183; baseline 0.005 -3"><span class='ocrx_word' id='word_1_342' title='bbox 930 2150 1018 2180; x_wconf 76' lang='lat' dir='ltr'><strong>iata</strong></span> <span class='ocrx_word' id='word_1_343' title='bbox 1049 2148 1203 2181; x_wconf 84' lang='lat' dir='ltr'>dicere.</span> <span class='ocrx_word' id='word_1_344' title='bbox 1255 2150 1350 2181; x_wconf 71' lang='lat' dir='ltr'><strong>Volui</strong></span> <span class='ocrx_word' id='word_1_345' title='bbox 1387 2152 1472 2182; x_wconf 82' lang='lat' dir='ltr'><strong><em>enim</em></strong></span> <span class='ocrx_word' id='word_1_346' title='bbox 1498 2161 1560 2183; x_wconf 84' lang='lat' dir='ltr'><strong><em>no-</em></strong></span> 
     </span>
     <span class='ocr_line' id='line_1_61' title="bbox 930 2193 1560 2236; baseline 0.007 -12"><span class='ocrx_word' id='word_1_347' title='bbox 930 2197 1004 2225; x_wconf 80' lang='lat' dir='ltr'>tare</span> <span class='ocrx_word' id='word_1_348' title='bbox 1028 2197 1061 2225; x_wconf 88' lang='lat' dir='ltr'><strong><em>et</em></strong></span> <span class='ocrx_word' id='word_1_349' title='bbox 1090 2193 1360 2234; x_wconf 76' lang='lat' dir='ltr'>reprehendere,</span> <span class='ocrx_word' id='word_1_350' title='bbox 1392 2206 1484 2236; x_wconf 81' lang='lat' dir='ltr'>quae</span> <span class='ocrx_word' id='word_1_351' title='bbox 1514 2197 1560 2228; x_wconf 79' lang='lat' dir='ltr'><strong><em>vi-</em></strong></span> 
     </span>
     <span class='ocr_line' id='line_1_62' title="bbox 930 2238 1562 2280; baseline 0.006 -12"><span class='ocrx_word' id='word_1_352' title='bbox 930 2238 1018 2269; x_wconf 74' lang='lat' dir='ltr'><strong>tiosa</strong></span> <span class='ocrx_word' id='word_1_353' title='bbox 1049 2241 1145 2276; x_wconf 81' lang='lat' dir='ltr'>sunt3</span> <span class='ocrx_word' id='word_1_354' title='bbox 1183 2239 1276 2280; x_wconf 85' lang='lat' dir='ltr'>quud</span> <span class='ocrx_word' id='word_1_355' title='bbox 1313 2240 1384 2271; x_wconf 79' lang='lat' dir='ltr'><strong>etsi·</strong></span> <span class='ocrx_word' id='word_1_356' title='bbox 1410 2250 1476 2272; x_wconf 91' lang='lat' dir='ltr'><strong><em>non</em></strong></span> <span class='ocrx_word' id='word_1_357' title='bbox 1509 2245 1562 2273; x_wconf 78' lang='lat' dir='ltr'><strong><em>est</em></strong></span> 
     </span>
     <span class='ocr_line' id='line_1_63' title="bbox 928 2281 1563 2325; baseline 0.005 -11"><span class='ocrx_word' id='word_1_358' title='bbox 928 2281 1130 2322; x_wconf 76' lang='lat' dir='ltr'>iucundum,</span> <span class='ocrx_word' id='word_1_359' title='bbox 1165 2287 1277 2316; x_wconf 81' lang='lat' dir='ltr'>tamen</span> <span class='ocrx_word' id='word_1_360' title='bbox 1303 2285 1484 2325; x_wconf 75' lang='lat' dir='ltr'>aliqnando</span> <span class='ocrx_word' id='word_1_361' title='bbox 1509 2289 1563 2318; x_wconf 76' lang='lat' dir='ltr'><strong><em>est</em></strong></span> 
     </span>
     <span class='ocr_line' id='line_1_64' title="bbox 931 2328 1174 2359; baseline -0.004 0"><span class='ocrx_word' id='word_1_362' title='bbox 931 2328 1174 2359; x_wconf 72' lang='lat' dir='ltr'>necessarium.</span> 
     </span>
    </p>

    <p class='ocr_par' dir='ltr' id='par_1_21' title="bbox 928 2369 1563 2638">
     <span class='ocr_line' id='line_1_65' title="bbox 975 2369 1563 2414; baseline 0.003 -11"><span class='ocrx_word' id='word_1_363' title='bbox 975 2371 1021 2402; x_wconf 90' lang='lat' dir='ltr'><strong><em>D.</em></strong></span> <span class='ocrx_word' id='word_1_364' title='bbox 1053 2371 1104 2403; x_wconf 79' lang='grc' dir='ltr'><strong><em>Τί</em></strong></span> <span class='ocrx_word' id='word_1_365' title='bbox 1126 2369 1158 2403; x_wconf 85' lang='grc' dir='ltr'><strong><em>δ’</em></strong></span> <span class='ocrx_word' id='word_1_366' title='bbox 1187 2372 1226 2404; x_wconf 85' lang='grc' dir='ltr'><strong><em>εἰ</em></strong></span> <span class='ocrx_word' id='word_1_367' title='bbox 1248 2373 1312 2404; x_wconf 86' lang='grc' dir='ltr'><strong><em>καὶ</em></strong></span> <span class='ocrx_word' id='word_1_368' title='bbox 1338 2371 1446 2414; x_wconf 78' lang='grc' dir='ltr'><strong><em>παρὰ</em></strong></span> <span class='ocrx_word' id='word_1_369' title='bbox 1472 2377 1563 2405; x_wconf 70' lang='grc' dir='ltr'><strong><em>τοῖς</em></strong></span> 
     </span>
     <span class='ocr_line' id='line_1_66' title="bbox 930 2414 1561 2463; baseline 0.006 -17"><span class='ocrx_word' id='word_1_370' title='bbox 930 2414 1074 2448; x_wconf 72' lang='grc' dir='ltr'><strong><em>ἄλλοις</em></strong></span> <span class='ocrx_word' id='word_1_371' title='bbox 1089 2418 1135 2458; x_wconf 88' lang='grc' dir='ltr'><strong><em>γ]</em></strong></span> <span class='ocrx_word' id='word_1_372' title='bbox 1155 2418 1468 2463; x_wconf 68' lang='lat' dir='ltr'><strong><em>Argumentationis</em></strong></span> <span class='ocrx_word' id='word_1_373' title='bbox 1482 2428 1561 2459; x_wconf 91' lang='lat' dir='ltr'>pro-</span> 
     </span>
     <span class='ocr_line' id='line_1_67' title="bbox 929 2461 1561 2502; baseline 0.005 -11"><span class='ocrx_word' id='word_1_374' title='bbox 929 2461 1063 2502; x_wconf 80' lang='lat' dir='ltr'>gressio</span> <span class='ocrx_word' id='word_1_375' title='bbox 1092 2461 1175 2493; x_wconf 75' lang='lat' dir='ltr'>haec</span> <span class='ocrx_word' id='word_1_376' title='bbox 1201 2466 1263 2494; x_wconf 78' lang='lat' dir='ltr'>eat.</span> <span class='ocrx_word' id='word_1_377' title='bbox 1316 2462 1410 2494; x_wconf 82' lang='lat' dir='ltr'>Haec</span> <span class='ocrx_word' id='word_1_378' title='bbox 1434 2462 1561 2495; x_wconf 75' lang='lat' dir='ltr'>severi-</span> 
     </span>
     <span class='ocr_line' id='line_1_68' title="bbox 929 2506 1560 2546; baseline 0.003 -9"><span class='ocrx_word' id='word_1_379' title='bbox 929 2510 995 2544; x_wconf 76' lang='lat' dir='ltr'><strong>tas,</strong></span> <span class='ocrx_word' id='word_1_380' title='bbox 1023 2506 1140 2546; x_wconf 76' lang='lat' dir='ltr'>inquit,</span> <span class='ocrx_word' id='word_1_381' title='bbox 1167 2508 1197 2538; x_wconf 83' lang='lat' dir='ltr'><strong><em>in</em></strong></span> <span class='ocrx_word' id='word_1_382' title='bbox 1215 2507 1344 2539; x_wconf 81' lang='lat' dir='ltr'>musica</span> <span class='ocrx_word' id='word_1_383' title='bbox 1369 2511 1442 2538; x_wconf 82' lang='lat' dir='ltr'>arte</span> <span class='ocrx_word' id='word_1_384' title='bbox 1462 2512 1560 2539; x_wconf 81' lang='lat' dir='ltr'>reete</span> 
     </span>
     <span class='ocr_line' id='line_1_69' title="bbox 929 2550 1560 2592; baseline 0.002 -10"><span class='ocrx_word' id='word_1_385' title='bbox 929 2550 1150 2590; x_wconf 83' lang='lat' dir='ltr'>temperanda</span> <span class='ocrx_word' id='word_1_386' title='bbox 1184 2551 1248 2583; x_wconf 81' lang='lat' dir='ltr'><strong><em>etsi</em></strong></span> <span class='ocrx_word' id='word_1_387' title='bbox 1275 2552 1475 2592; x_wconf 78' lang='lat' dir='ltr'>plerumque</span> <span class='ocrx_word' id='word_1_388' title='bbox 1501 2561 1560 2583; x_wconf 85' lang='lat' dir='ltr'><strong><em>ne-</em></strong></span> 
     </span>
     <span class='ocr_line' id='line_1_70' title="bbox 928 2595 1560 2638; baseline 0.003 -12"><span class='ocrx_word' id='word_1_389' title='bbox 928 2595 1068 2637; x_wconf 78' lang='lat' dir='ltr'>gligitur</span> <span class='ocrx_word' id='word_1_390' title='bbox 1099 2600 1338 2638; x_wconf 81' lang='lat' dir='ltr'>praeterquam</span> <span class='ocrx_word' id='word_1_391' title='bbox 1373 2595 1465 2638; x_wconf 81' lang='lat' dir='ltr'>apud</span> <span class='ocrx_word' id='word_1_392' title='bbox 1490 2595 1560 2628; x_wconf 76' lang='lat' dir='ltr'><strong><em>Ln-</em></strong></span> 
     </span>
    </p>
   </div>
  </div>
 </body>
</html>
