<?xml version="1.0" encoding="UTF-8"?>
<!DOCTYPE html PUBLIC "-//W3C//DTD XHTML 1.0 Transitional//EN"
    "http://www.w3.org/TR/xhtml1/DTD/xhtml1-transitional.dtd">
<html xmlns="http://www.w3.org/1999/xhtml" xml:lang="en" lang="en">
 <head>
  <title>
</title>
<meta http-equiv="Content-Type" content="text/html;charset=utf-8" />
  <meta name='ocr-system' content='tesseract 3.04.00' />
  <meta name='ocr-capabilities' content='ocr_page ocr_carea ocr_par ocr_line ocrx_word'/>
</head>
<body>
  <div class='ocr_page' id='page_1' title='image "./s1operaomniarece10platuoft_0612.png"; bbox 0 0 1612 2872; ppageno 0'>
   <div class='ocr_carea' id='block_1_1' title="bbox 247 102 328 144">
    <p class='ocr_par' dir='ltr' id='par_1_1' title="bbox 247 102 328 144">
     <span class='ocr_line' id='line_1_1' title="bbox 247 102 328 144; baseline 0 0"><span class='ocrx_word' id='word_1_1' title='bbox 247 102 328 144; x_wconf 75' lang='lat'><strong>432</strong></span> 
     </span>
    </p>
   </div>
   <div class='ocr_carea' id='block_1_2' title="bbox 718 99 1086 143">
    <p class='ocr_par' dir='ltr' id='par_1_2' title="bbox 718 99 1086 143">
     <span class='ocr_line' id='line_1_2' title="bbox 718 99 1086 143; baseline 0.003 -1"><span class='ocrx_word' id='word_1_2' title='bbox 718 99 1086 143; x_wconf 61' lang='lat' dir='ltr'>PLATONPS</span> 
     </span>
    </p>
   </div>
   <div class='ocr_carea' id='block_1_3' title="bbox 248 212 1598 270">
    <p class='ocr_par' dir='ltr' id='par_1_3' title="bbox 248 212 1598 270">
     <span class='ocr_line' id='line_1_3' title="bbox 248 212 1598 270; baseline -0.002 -13"><span class='ocrx_word' id='word_1_3' title='bbox 248 213 300 265; x_wconf 79' lang='grc' dir='ltr'><strong>δὴ</strong></span> <span class='ocrx_word' id='word_1_4' title='bbox 340 217 471 265; x_wconf 74' lang='grc' dir='ltr'><em>θεὸς,</em></span> <span class='ocrx_word' id='word_1_5' title='bbox 510 215 646 269; x_wconf 78' lang='grc' dir='ltr'><em>ὥςπερ</em></span> <span class='ocrx_word' id='word_1_6' title='bbox 682 220 749 256; x_wconf 66' lang='grc' dir='ltr'><strong>καὶ</strong></span> <span class='ocrx_word' id='word_1_7' title='bbox 789 214 820 270; x_wconf 26' lang='grc' dir='ltr'><strong>ὁ,</strong></span> <span class='ocrx_word' id='word_1_8' title='bbox 849 214 1036 263; x_wconf 80' lang='grc' dir='ltr'><em>παλαιὸς</em></span> <span class='ocrx_word' id='word_1_9' title='bbox 1069 213 1218 267; x_wconf 73' lang='grc' dir='ltr'>λόγος,</span> <span class='ocrx_word' id='word_1_10' title='bbox 1254 212 1394 268; x_wconf 68' lang='grc' dir='ltr'>ἀρχὴν</span> <span class='ocrx_word' id='word_1_11' title='bbox 1431 229 1472 255; x_wconf 78' lang='grc' dir='ltr'><strong>τε</strong></span> <span class='ocrx_word' id='word_1_12' title='bbox 1510 215 1598 255; x_wconf 67' lang='grc' dir='ltr'><strong>κοιὶΔ</strong></span> 
     </span>
    </p>
   </div>
   <div class='ocr_carea' id='block_1_4' title="bbox 251 351 1579 433">
    <p class='ocr_par' dir='ltr' id='par_1_4' title="bbox 251 351 1579 433">
     <span class='ocr_line' id='line_1_4' title="bbox 351 351 1579 396; baseline -0.002 -10"><span class='ocrx_word' id='word_1_13' title='bbox 351 356 389 389; x_wconf 83' lang='grc' dir='ltr'><strong>Ρ.</strong></span> <span class='ocrx_word' id='word_1_14' title='bbox 418 355 494 387; x_wconf 84' lang='grc'><strong>716.</strong></span> <span class='ocrx_word' id='word_1_15' title='bbox 540 351 693 394; x_wconf 75' lang='grc' dir='ltr'><em>εὐθείᾳ</em></span> <span class='ocrx_word' id='word_1_16' title='bbox 723 354 938 396; x_wconf 70' lang='grc' dir='ltr'>περαίνει]</span> <span class='ocrx_word' id='word_1_17' title='bbox 978 354 1089 395; x_wconf 82' lang='lat' dir='ltr'>Vulgo</span> <span class='ocrx_word' id='word_1_18' title='bbox 1120 353 1273 386; x_wconf 61' lang='grc' dir='ltr'><strong>εὐθεῖαν.</strong></span> <span class='ocrx_word' id='word_1_19' title='bbox 1328 351 1398 390; x_wconf 86' lang='lat' dir='ltr'><strong>Sed</strong></span> <span class='ocrx_word' id='word_1_20' title='bbox 1429 351 1579 384; x_wconf 86' lang='lat' dir='ltr'><strong>dativum</strong></span> 
     </span>
     <span class='ocr_line' id='line_1_5' title="bbox 251 397 1579 433; baseline -0.003 -1"><span class='ocrx_word' id='word_1_21' title='bbox 251 405 389 433; x_wconf 82' lang='lat' dir='ltr'><strong>tuentur</strong></span> <span class='ocrx_word' id='word_1_22' title='bbox 418 400 460 430; x_wconf 78' lang='lat' dir='ltr'><strong>A.</strong></span> <span class='ocrx_word' id='word_1_23' title='bbox 489 398 528 430; x_wconf 89' lang='grc' dir='ltr'><strong>Β.</strong></span> <span class='ocrx_word' id='word_1_24' title='bbox 558 399 604 429; x_wconf 71' lang='lat'><strong>12.</strong></span> <span class='ocrx_word' id='word_1_25' title='bbox 632 398 666 429; x_wconf 86' lang='grc' dir='ltr'><strong>Ξ.</strong></span> <span class='ocrx_word' id='word_1_26' title='bbox 696 410 724 429; x_wconf 83' lang='grc' dir='ltr'><strong>ν.</strong></span> <span class='ocrx_word' id='word_1_27' title='bbox 752 399 772 430; x_wconf 82' lang='lat' dir='ltr'><strong>f.</strong></span> <span class='ocrx_word' id='word_1_28' title='bbox 799 410 823 430; x_wconf 88' lang='lat' dir='ltr'><strong>r.</strong></span> <span class='ocrx_word' id='word_1_29' title='bbox 850 398 879 430; x_wconf 89' lang='lat' dir='ltr'><strong>h.</strong></span> <span class='ocrx_word' id='word_1_30' title='bbox 907 410 938 431; x_wconf 90' lang='lat' dir='ltr'><strong>a.</strong></span> <span class='ocrx_word' id='word_1_31' title='bbox 965 409 992 431; x_wconf 87' lang='lat' dir='ltr'><strong>c.</strong></span> <span class='ocrx_word' id='word_1_32' title='bbox 1020 399 1050 430; x_wconf 82' lang='grc' dir='ltr'><strong>ὃ.</strong></span> <span class='ocrx_word' id='word_1_33' title='bbox 1076 410 1103 429; x_wconf 91' lang='grc' dir='ltr'><strong>ο.</strong></span> <span class='ocrx_word' id='word_1_34' title='bbox 1133 409 1163 431; x_wconf 84' lang='lat' dir='ltr'><strong>x,</strong></span> <span class='ocrx_word' id='word_1_35' title='bbox 1200 397 1409 430; x_wconf 83' lang='lat' dir='ltr'><strong>Theodoret.</strong></span> <span class='ocrx_word' id='word_1_36' title='bbox 1447 397 1579 428; x_wconf 85' lang='lat' dir='ltr'><strong>Aristo-</strong></span> 
     </span>
    </p>
   </div>
   <div class='ocr_carea' id='block_1_5' title="bbox 254 529 902 2680">
    <p class='ocr_par' dir='ltr' id='par_1_5' title="bbox 254 529 902 2680">
     <span class='ocr_line' id='line_1_6' title="bbox 254 529 882 572; baseline -0.002 -10"><span class='ocrx_word' id='word_1_37' title='bbox 254 532 318 572; x_wconf 70' lang='lat' dir='ltr'><strong>cip.</strong></span> <span class='ocrx_word' id='word_1_38' title='bbox 346 530 471 562; x_wconf 88' lang='lat' dir='ltr'><strong>indoct.</strong></span> <span class='ocrx_word' id='word_1_39' title='bbox 498 540 528 571; x_wconf 88' lang='lat' dir='ltr'><strong>p.</strong></span> <span class='ocrx_word' id='word_1_40' title='bbox 558 530 633 564; x_wconf 79' lang='lat'><strong>781.</strong></span> <span class='ocrx_word' id='word_1_41' title='bbox 662 529 697 561; x_wconf 80' lang='lat' dir='ltr'><strong>F.</strong></span> <span class='ocrx_word' id='word_1_42' title='bbox 732 530 882 571; x_wconf 75' lang='lat' dir='ltr'><strong>Orige-</strong></span> 
     </span>
     <span class='ocr_line' id='line_1_7' title="bbox 258 574 884 617; baseline 0.002 -10"><span class='ocrx_word' id='word_1_43' title='bbox 258 586 331 608; x_wconf 91' lang='lat' dir='ltr'><strong>ues</strong></span> <span class='ocrx_word' id='word_1_44' title='bbox 355 575 431 608; x_wconf 81' lang='lat' dir='ltr'><strong>adv.</strong></span> <span class='ocrx_word' id='word_1_45' title='bbox 458 574 550 608; x_wconf 81' lang='lat' dir='ltr'><strong>Cels.</strong></span> <span class='ocrx_word' id='word_1_46' title='bbox 580 575 632 607; x_wconf 72' lang='lat' dir='ltr'><strong>Vl.</strong></span> <span class='ocrx_word' id='word_1_47' title='bbox 660 575 713 610; x_wconf 89' lang='grc'><strong>13.</strong></span> <span class='ocrx_word' id='word_1_48' title='bbox 746 586 778 617; x_wconf 83' lang='lat' dir='ltr'><strong>p.</strong></span> <span class='ocrx_word' id='word_1_49' title='bbox 806 574 884 608; x_wconf 86' lang='lat'><strong>640.</strong></span> 
     </span>
     <span class='ocr_line' id='line_1_8' title="bbox 257 620 885 661; baseline -0.002 -9"><span class='ocrx_word' id='word_1_50' title='bbox 257 620 293 652; x_wconf 71' lang='lat' dir='ltr'><strong>F.</strong></span> <span class='ocrx_word' id='word_1_51' title='bbox 320 625 355 653; x_wconf 88' lang='lat' dir='ltr'><strong>et</strong></span> <span class='ocrx_word' id='word_1_52' title='bbox 382 620 679 661; x_wconf 83' lang='lat' dir='ltr'><strong>Philosoplmmen.</strong></span> <span class='ocrx_word' id='word_1_53' title='bbox 706 620 735 660; x_wconf 69' lang='grc' dir='ltr'><strong>ξ.</strong></span> <span class='ocrx_word' id='word_1_54' title='bbox 763 621 817 654; x_wconf 92' lang='grc'><strong>19.</strong></span> <span class='ocrx_word' id='word_1_55' title='bbox 844 620 885 651; x_wconf 93' lang='grc' dir='ltr'><strong>Τ.</strong></span> 
     </span>
     <span class='ocr_line' id='line_1_9' title="bbox 259 664 882 707; baseline -0.003 -10"><span class='ocrx_word' id='word_1_56' title='bbox 259 667 281 697; x_wconf 92' lang='lat' dir='ltr'><strong>l.</strong></span> <span class='ocrx_word' id='word_1_57' title='bbox 321 677 352 707; x_wconf 88' lang='lat' dir='ltr'><strong>p.</strong></span> <span class='ocrx_word' id='word_1_58' title='bbox 386 665 463 699; x_wconf 82' lang='lat'><strong>896.</strong></span> <span class='ocrx_word' id='word_1_59' title='bbox 496 665 534 696; x_wconf 91' lang='lat' dir='ltr'><strong>C.</strong></span> <span class='ocrx_word' id='word_1_60' title='bbox 567 676 608 696; x_wconf 78' lang='lat'><strong>:-</strong></span> <span class='ocrx_word' id='word_1_61' title='bbox 642 676 672 706; x_wconf 92' lang='lat' dir='ltr'><strong>p.</strong></span> <span class='ocrx_word' id='word_1_62' title='bbox 710 666 786 699; x_wconf 78' lang='lat'><strong>116.</strong></span> <span class='ocrx_word' id='word_1_63' title='bbox 830 664 882 698; x_wconf 85' lang='lat' dir='ltr'><strong>ed.</strong></span> 
     </span>
     <span class='ocr_line' id='line_1_10' title="bbox 259 709 885 751; baseline -0.002 -10"><span class='ocrx_word' id='word_1_64' title='bbox 259 711 358 742; x_wconf 80' lang='lat' dir='ltr'><strong>Wolf.</strong></span> <span class='ocrx_word' id='word_1_65' title='bbox 385 710 595 750; x_wconf 78' lang='lat' dir='ltr'><strong>cyrill.·c.</strong></span> <span class='ocrx_word' id='word_1_66' title='bbox 622 710 742 742; x_wconf 83' lang='lat' dir='ltr'><strong>Iulian.</strong></span> <span class='ocrx_word' id='word_1_67' title='bbox 771 709 826 742; x_wconf 93' lang='lat' dir='ltr'><strong>lll.</strong></span> <span class='ocrx_word' id='word_1_68' title='bbox 854 721 885 751; x_wconf 89' lang='lat' dir='ltr'><strong>p.</strong></span> 
     </span>
     <span class='ocr_line' id='line_1_11' title="bbox 255 755 885 796; baseline -0.008 -6"><span class='ocrx_word' id='word_1_69' title='bbox 255 756 310 790; x_wconf 80' lang='lat'><strong>80.</strong></span> <span class='ocrx_word' id='word_1_70' title='bbox 346 756 384 787; x_wconf 89' lang='lat' dir='ltr'><strong>D.</strong></span> <span class='ocrx_word' id='word_1_71' title='bbox 419 755 571 786; x_wconf 79' lang='lat' dir='ltr'><strong>Euseb.</strong></span> <span class='ocrx_word' id='word_1_72' title='bbox 609 755 730 796; x_wconf 77' lang='lat' dir='ltr'><strong>Praep.</strong></span> <span class='ocrx_word' id='word_1_73' title='bbox 759 755 885 795; x_wconf 84' lang='lat' dir='ltr'><strong>Evang.</strong></span> 
     </span>
     <span class='ocr_line' id='line_1_12' title="bbox 257 799 886 840; baseline -0.003 -8"><span class='ocrx_word' id='word_1_74' title='bbox 257 801 322 832; x_wconf 90' lang='lat' dir='ltr'><strong>XI.</strong></span> <span class='ocrx_word' id='word_1_75' title='bbox 364 799 419 833; x_wconf 87' lang='lat'><strong>13.</strong></span> <span class='ocrx_word' id='word_1_76' title='bbox 459 810 490 840; x_wconf 90' lang='lat' dir='ltr'><strong>p.</strong></span> <span class='ocrx_word' id='word_1_77' title='bbox 522 800 601 834; x_wconf 80' lang='lat'><strong>531.</strong></span> <span class='ocrx_word' id='word_1_78' title='bbox 634 803 671 831; x_wconf 75' lang='grc' dir='ltr'><strong>Α.</strong></span> <span class='ocrx_word' id='word_1_79' title='bbox 715 800 810 832; x_wconf 91' lang='lat' dir='ltr'><strong>Orat.</strong></span> <span class='ocrx_word' id='word_1_80' title='bbox 855 800 886 830; x_wconf 86' lang='lat' dir='ltr'><strong>in</strong></span> 
     </span>
     <span class='ocr_line' id='line_1_13' title="bbox 259 844 888 886; baseline -0.005 -8"><span class='ocrx_word' id='word_1_81' title='bbox 259 846 439 878; x_wconf 83' lang='lat' dir='ltr'><strong>Constant.</strong></span> <span class='ocrx_word' id='word_1_82' title='bbox 466 844 516 875; x_wconf 84' lang='lat' dir='ltr'><strong>M.</strong></span> <span class='ocrx_word' id='word_1_83' title='bbox 543 855 574 886; x_wconf 87' lang='lat' dir='ltr'><strong>p.</strong></span> <span class='ocrx_word' id='word_1_84' title='bbox 602 845 678 878; x_wconf 83' lang='grc'><strong>729.</strong></span> <span class='ocrx_word' id='word_1_85' title='bbox 707 845 888 876; x_wconf 85' lang='lat' dir='ltr'><strong>Proclus</strong></span> 
     </span>
     <span class='ocr_line' id='line_1_14' title="bbox 257 889 887 930; baseline -0.005 -7"><span class='ocrx_word' id='word_1_86' title='bbox 257 891 298 923; x_wconf 84' lang='lat' dir='ltr'><strong>ad</strong></span> <span class='ocrx_word' id='word_1_87' title='bbox 326 891 415 922; x_wconf 88' lang='lat' dir='ltr'><strong>Tim.</strong></span> <span class='ocrx_word' id='word_1_88' title='bbox 442 900 473 930; x_wconf 90' lang='lat' dir='ltr'><strong>p.</strong></span> <span class='ocrx_word' id='word_1_89' title='bbox 500 890 553 923; x_wconf 89' lang='lat'><strong>13.</strong></span> <span class='ocrx_word' id='word_1_90' title='bbox 579 890 611 923; x_wconf 87' lang='lat'><strong>3.</strong></span> <span class='ocrx_word' id='word_1_91' title='bbox 650 889 771 922; x_wconf 86' lang='lat' dir='ltr'><strong>Theol.</strong></span> <span class='ocrx_word' id='word_1_92' title='bbox 801 890 887 921; x_wconf 85' lang='lat' dir='ltr'><strong>Plat.</strong></span> 
     </span>
     <span class='ocr_line' id='line_1_15' title="bbox 262 934 887 976; baseline -0.002 -10"><span class='ocrx_word' id='word_1_93' title='bbox 262 937 315 967; x_wconf 87' lang='lat' dir='ltr'><strong>Vl.</strong></span> <span class='ocrx_word' id='word_1_94' title='bbox 344 936 376 969; x_wconf 80' lang='lat'><strong>8.</strong></span> <span class='ocrx_word' id='word_1_95' title='bbox 396 945 427 976; x_wconf 89' lang='lat' dir='ltr'><strong>p.</strong></span> <span class='ocrx_word' id='word_1_96' title='bbox 450 934 526 968; x_wconf 84' lang='lat'><strong>362.</strong></span> <span class='ocrx_word' id='word_1_97' title='bbox 554 934 748 968; x_wconf 78' lang='lat' dir='ltr'><strong>Commeat.</strong></span> <span class='ocrx_word' id='word_1_98' title='bbox 773 935 804 967; x_wconf 91' lang='lat' dir='ltr'><strong>in</strong></span> <span class='ocrx_word' id='word_1_99' title='bbox 832 935 887 966; x_wconf 80' lang='lat' dir='ltr'><strong>Al-</strong></span> 
     </span>
     <span class='ocr_line' id='line_1_16' title="bbox 259 979 887 1020; baseline -0.003 -8"><span class='ocrx_word' id='word_1_100' title='bbox 259 982 324 1012; x_wconf 81' lang='lat' dir='ltr'><strong>cib.</strong></span> <span class='ocrx_word' id='word_1_101' title='bbox 364 981 391 1011; x_wconf 93' lang='lat' dir='ltr'><strong>I.</strong></span> <span class='ocrx_word' id='word_1_102' title='bbox 434 989 465 1020; x_wconf 93' lang='lat' dir='ltr'><strong>p.</strong></span> <span class='ocrx_word' id='word_1_103' title='bbox 510 979 589 1013; x_wconf 84' lang='lat'><strong>220.</strong></span> <span class='ocrx_word' id='word_1_104' title='bbox 626 979 679 1011; x_wconf 92' lang='lat' dir='ltr'><strong>ed.</strong></span> <span class='ocrx_word' id='word_1_105' title='bbox 726 980 887 1011; x_wconf 86' lang='lat' dir='ltr'><strong>Creuzer.</strong></span> 
     </span>
     <span class='ocr_line' id='line_1_17' title="bbox 259 1024 887 1057; baseline -0.005 0"><span class='ocrx_word' id='word_1_106' title='bbox 259 1024 403 1057; x_wconf 84' lang='lat' dir='ltr'><strong>Schol.</strong></span> <span class='ocrx_word' id='word_1_107' title='bbox 444 1024 493 1056; x_wconf 81' lang='lat' dir='ltr'><strong>ad</strong></span> <span class='ocrx_word' id='word_1_108' title='bbox 533 1025 658 1056; x_wconf 83' lang='lat' dir='ltr'><strong>Arati</strong></span> <span class='ocrx_word' id='word_1_109' title='bbox 703 1024 887 1056; x_wconf 89' lang='lat' dir='ltr'><strong>Phaenom.</strong></span> 
     </span>
     <span class='ocr_line' id='line_1_18' title="bbox 260 1068 894 1111; baseline -0.006 -9"><span class='ocrx_word' id='word_1_110' title='bbox 260 1070 302 1102; x_wconf 87' lang='lat' dir='ltr'><strong>T.</strong></span> <span class='ocrx_word' id='word_1_111' title='bbox 331 1070 355 1101; x_wconf 94' lang='lat' dir='ltr'><strong>l.</strong></span> <span class='ocrx_word' id='word_1_112' title='bbox 378 1080 409 1111; x_wconf 91' lang='lat' dir='ltr'><strong>p.</strong></span> <span class='ocrx_word' id='word_1_113' title='bbox 429 1069 483 1103; x_wconf 90' lang='grc'><strong>12.</strong></span> <span class='ocrx_word' id='word_1_114' title='bbox 501 1069 554 1102; x_wconf 91' lang='lat' dir='ltr'><strong>ed.</strong></span> <span class='ocrx_word' id='word_1_115' title='bbox 574 1069 692 1100; x_wconf 91' lang='lat' dir='ltr'><strong>Buhle.</strong></span> <span class='ocrx_word' id='word_1_116' title='bbox 718 1070 773 1101; x_wconf 86' lang='lat' dir='ltr'><strong>alii</strong></span> <span class='ocrx_word' id='word_1_117' title='bbox 801 1068 894 1101; x_wconf 89' lang='lat' dir='ltr'><strong>multi</strong></span> 
     </span>
     <span class='ocr_line' id='line_1_19' title="bbox 263 1114 894 1155; baseline -0.005 -8"><span class='ocrx_word' id='word_1_118' title='bbox 263 1115 500 1154; x_wconf 79' lang='lat' dir='ltr'><strong>laudaverunt,</strong></span> <span class='ocrx_word' id='word_1_119' title='bbox 520 1124 607 1155; x_wconf 84' lang='lat' dir='ltr'><strong>quos</strong></span> <span class='ocrx_word' id='word_1_120' title='bbox 623 1114 798 1146; x_wconf 79' lang='lat' dir='ltr'>maximam</span> <span class='ocrx_word' id='word_1_121' title='bbox 818 1122 894 1155; x_wconf 85' lang='lat' dir='ltr'><strong>par-</strong></span> 
     </span>
     <span class='ocr_line' id='line_1_20' title="bbox 262 1156 895 1192; baseline -0.006 0"><span class='ocrx_word' id='word_1_122' title='bbox 262 1165 331 1192; x_wconf 87' lang='lat' dir='ltr'><strong>tem</strong></span> <span class='ocrx_word' id='word_1_123' title='bbox 367 1159 570 1192; x_wconf 86' lang='lat' dir='ltr'><strong>memoravit</strong></span> <span class='ocrx_word' id='word_1_124' title='bbox 605 1159 819 1191; x_wconf 86' lang='lat' dir='ltr'><strong>Potterus</strong></span> <span class='ocrx_word' id='word_1_125' title='bbox 853 1156 895 1188; x_wconf 76' lang='lat' dir='ltr'><strong>nd</strong></span> 
     </span>
     <span class='ocr_line' id='line_1_21' title="bbox 262 1203 894 1236; baseline -0.003 0"><span class='ocrx_word' id='word_1_126' title='bbox 262 1205 371 1236; x_wconf 86' lang='lat' dir='ltr'><strong>Clem.</strong></span> <span class='ocrx_word' id='word_1_127' title='bbox 420 1205 475 1235; x_wconf 88' lang='lat' dir='ltr'><strong>Al.</strong></span> <span class='ocrx_word' id='word_1_128' title='bbox 514 1204 532 1234; x_wconf 91' lang='grc' dir='ltr'><strong>Ι.</strong></span> <span class='ocrx_word' id='word_1_129' title='bbox 573 1215 602 1236; x_wconf 89' lang='lat' dir='ltr'><strong>c.</strong></span> <span class='ocrx_word' id='word_1_130' title='bbox 651 1203 740 1235; x_wconf 83' lang='lat' dir='ltr'><strong>conf.</strong></span> <span class='ocrx_word' id='word_1_131' title='bbox 793 1204 894 1235; x_wconf 83' lang='lat' dir='ltr'><strong>etiam</strong></span> 
     </span>
     <span class='ocr_line' id='line_1_22' title="bbox 265 1247 896 1290; baseline 0 -12"><span class='ocrx_word' id='word_1_132' title='bbox 265 1247 559 1290; x_wconf 81' lang='lat' dir='ltr'><strong>Wyttenbach.</strong></span> <span class='ocrx_word' id='word_1_133' title='bbox 595 1248 638 1280; x_wconf 90' lang='lat' dir='ltr'><strong>ad</strong></span> <span class='ocrx_word' id='word_1_134' title='bbox 665 1248 756 1280; x_wconf 89' lang='lat' dir='ltr'><strong>Plut.</strong></span> <span class='ocrx_word' id='word_1_135' title='bbox 785 1249 835 1280; x_wconf 87' lang='lat' dir='ltr'><strong>De</strong></span> <span class='ocrx_word' id='word_1_136' title='bbox 859 1247 896 1278; x_wconf 89' lang='lat' dir='ltr'><strong>S.</strong></span> 
     </span>
     <span class='ocr_line' id='line_1_23' title="bbox 264 1292 897 1334; baseline -0.005 -8"><span class='ocrx_word' id='word_1_137' title='bbox 264 1295 306 1328; x_wconf 89' lang='lat' dir='ltr'><strong>N.</strong></span> <span class='ocrx_word' id='word_1_138' title='bbox 331 1295 373 1325; x_wconf 89' lang='lat' dir='ltr'><strong>V.</strong></span> <span class='ocrx_word' id='word_1_139' title='bbox 398 1304 429 1334; x_wconf 91' lang='lat' dir='ltr'><strong>p.</strong></span> <span class='ocrx_word' id='word_1_140' title='bbox 449 1293 503 1328; x_wconf 71' lang='lat'><strong>73.</strong></span> <span class='ocrx_word' id='word_1_141' title='bbox 552 1293 618 1324; x_wconf 84' lang='lat' dir='ltr'><strong>Est</strong></span> <span class='ocrx_word' id='word_1_142' title='bbox 642 1303 723 1325; x_wconf 66' lang='lat' dir='ltr'><strong>iero</strong></span> <span class='ocrx_word' id='word_1_143' title='bbox 750 1292 814 1325; x_wconf 90' lang='lat' dir='ltr'><strong>hoc</strong></span> <span class='ocrx_word' id='word_1_144' title='bbox 838 1301 897 1324; x_wconf 90' lang='lat' dir='ltr'><strong>no-</strong></span> 
     </span>
     <span class='ocr_line' id='line_1_24' title="bbox 264 1335 896 1380; baseline -0.008 -8"><span class='ocrx_word' id='word_1_145' title='bbox 264 1339 466 1372; x_wconf 87' lang='lat' dir='ltr'><strong>bilissimum</strong></span> <span class='ocrx_word' id='word_1_146' title='bbox 520 1338 755 1380; x_wconf 89' lang='lat' dir='ltr'><strong>prooemium,</strong></span> <span class='ocrx_word' id='word_1_147' title='bbox 804 1335 896 1378; x_wconf 85' lang='lat' dir='ltr'><strong>quod</strong></span> 
     </span>
     <span class='ocr_line' id='line_1_25' title="bbox 265 1382 896 1426; baseline -0.005 -10"><span class='ocrx_word' id='word_1_148' title='bbox 265 1382 507 1426; x_wconf 82' lang='lat' dir='ltr'><strong>philosophus,</strong></span> <span class='ocrx_word' id='word_1_149' title='bbox 542 1393 644 1423; x_wconf 87' lang='lat' dir='ltr'><strong>quum</strong></span> <span class='ocrx_word' id='word_1_150' title='bbox 679 1384 818 1424; x_wconf 86' lang='lat' dir='ltr'><strong>singulis</strong></span> <span class='ocrx_word' id='word_1_151' title='bbox 842 1383 896 1414; x_wconf 87' lang='lat' dir='ltr'><strong>le-</strong></span> 
     </span>
     <span class='ocr_line' id='line_1_26' title="bbox 265 1427 896 1470; baseline -0.003 -10"><span class='ocrx_word' id='word_1_152' title='bbox 265 1429 363 1469; x_wconf 73' lang='lat' dir='ltr'><strong>gibus</strong></span> <span class='ocrx_word' id='word_1_153' title='bbox 394 1429 524 1470; x_wconf 81' lang='lat' dir='ltr'><strong>singula</strong></span> <span class='ocrx_word' id='word_1_154' title='bbox 558 1427 699 1460; x_wconf 85' lang='lat' dir='ltr'><strong>exordia</strong></span> <span class='ocrx_word' id='word_1_155' title='bbox 730 1427 896 1460; x_wconf 83' lang='lat' dir='ltr'><strong>constitu-</strong></span> 
     </span>
     <span class='ocr_line' id='line_1_27' title="bbox 266 1474 897 1515; baseline 0 -11"><span class='ocrx_word' id='word_1_156' title='bbox 266 1476 350 1505; x_wconf 85' lang='lat' dir='ltr'><strong>isset</strong></span> <span class='ocrx_word' id='word_1_157' title='bbox 376 1474 608 1515; x_wconf 74' lang='lat' dir='ltr'><strong>praemittere,</strong></span> <span class='ocrx_word' id='word_1_158' title='bbox 636 1474 792 1505; x_wconf 79' lang='lat' dir='ltr'><strong>universo</strong></span> <span class='ocrx_word' id='word_1_159' title='bbox 809 1477 897 1504; x_wconf 87' lang='lat' dir='ltr'><strong>tam-</strong></span> 
     </span>
     <span class='ocr_line' id='line_1_28' title="bbox 265 1517 898 1559; baseline -0.003 -8"><span class='ocrx_word' id='word_1_160' title='bbox 265 1529 364 1559; x_wconf 77' lang='lat' dir='ltr'><strong>quam</strong></span> <span class='ocrx_word' id='word_1_161' title='bbox 402 1520 517 1559; x_wconf 84' lang='lat' dir='ltr'><strong>legum</strong></span> <span class='ocrx_word' id='word_1_162' title='bbox 559 1518 694 1559; x_wconf 76' lang='lat' dir='ltr'><strong>corpori</strong></span> <span class='ocrx_word' id='word_1_163' title='bbox 739 1517 898 1559; x_wconf 88' lang='lat' dir='ltr'><strong>praemit-</strong></span> 
     </span>
     <span class='ocr_line' id='line_1_29' title="bbox 266 1562 897 1596; baseline -0.005 0"><span class='ocrx_word' id='word_1_164' title='bbox 266 1563 404 1596; x_wconf 89' lang='lat' dir='ltr'><strong>tendum</strong></span> <span class='ocrx_word' id='word_1_165' title='bbox 430 1563 605 1595; x_wconf 79' lang='lat' dir='ltr'><strong>iudicavit.</strong></span> <span class='ocrx_word' id='word_1_166' title='bbox 638 1563 810 1595; x_wconf 74' lang='lat' dir='ltr'><strong>Quocirca</strong></span> <span class='ocrx_word' id='word_1_167' title='bbox 836 1562 897 1594; x_wconf 91' lang='lat' dir='ltr'><strong>mi-</strong></span> 
     </span>
     <span class='ocr_line' id='line_1_30' title="bbox 267 1606 896 1648; baseline -0.005 -7"><span class='ocrx_word' id='word_1_168' title='bbox 267 1618 338 1641; x_wconf 87' lang='lat' dir='ltr'><strong>rum</strong></span> <span class='ocrx_word' id='word_1_169' title='bbox 371 1618 436 1640; x_wconf 93' lang='lat' dir='ltr'><strong>non</strong></span> <span class='ocrx_word' id='word_1_170' title='bbox 471 1613 542 1646; x_wconf 84' lang='lat' dir='ltr'><strong>est,</strong></span> <span class='ocrx_word' id='word_1_171' title='bbox 574 1607 664 1648; x_wconf 86' lang='lat' dir='ltr'><strong>quod</strong></span> <span class='ocrx_word' id='word_1_172' title='bbox 698 1608 785 1640; x_wconf 82' lang='lat' dir='ltr'><strong>adeo</strong></span> <span class='ocrx_word' id='word_1_173' title='bbox 817 1606 896 1639; x_wconf 88' lang='lat' dir='ltr'><strong>illud</strong></span> 
     </span>
     <span class='ocr_line' id='line_1_31' title="bbox 267 1652 893 1693; baseline -0.005 -8"><span class='ocrx_word' id='word_1_174' title='bbox 267 1652 431 1685; x_wconf 75' lang='lat' dir='ltr'><strong>refertum</strong></span> <span class='ocrx_word' id='word_1_175' title='bbox 463 1657 516 1684; x_wconf 85' lang='lat' dir='ltr'><strong>est</strong></span> <span class='ocrx_word' id='word_1_176' title='bbox 540 1652 820 1693; x_wconf 73' lang='lat' dir='ltr'><strong>praeclarissimis</strong></span> <span class='ocrx_word' id='word_1_177' title='bbox 845 1655 893 1683; x_wconf 87' lang='lat' dir='ltr'><strong>at-</strong></span> 
     </span>
     <span class='ocr_line' id='line_1_32' title="bbox 263 1697 898 1739; baseline -0.005 -9"><span class='ocrx_word' id='word_1_178' title='bbox 263 1707 329 1739; x_wconf 84' lang='lat' dir='ltr'><strong>que</strong></span> <span class='ocrx_word' id='word_1_179' title='bbox 355 1697 562 1739; x_wconf 83' lang='lat' dir='ltr'><strong>gravissimis</strong></span> <span class='ocrx_word' id='word_1_180' title='bbox 587 1697 777 1737; x_wconf 80' lang='lat' dir='ltr'><strong>sententiis,</strong></span> <span class='ocrx_word' id='word_1_181' title='bbox 809 1706 898 1737; x_wconf 85' lang='lat' dir='ltr'><strong>quae</strong></span> 
     </span>
     <span class='ocr_line' id='line_1_33' title="bbox 265 1741 899 1783; baseline -0.003 -9"><span class='ocrx_word' id='word_1_182' title='bbox 265 1743 385 1783; x_wconf 88' lang='lat' dir='ltr'><strong>partim</strong></span> <span class='ocrx_word' id='word_1_183' title='bbox 427 1742 527 1774; x_wconf 86' lang='lat' dir='ltr'><strong>etiam</strong></span> <span class='ocrx_word' id='word_1_184' title='bbox 562 1742 711 1783; x_wconf 86' lang='lat' dir='ltr'><strong>speciem</strong></span> <span class='ocrx_word' id='word_1_185' title='bbox 748 1741 899 1773; x_wconf 86' lang='lat' dir='ltr'><strong>referunt</strong></span> 
     </span>
     <span class='ocr_line' id='line_1_34' title="bbox 265 1786 898 1819; baseline -0.003 -1"><span class='ocrx_word' id='word_1_186' title='bbox 265 1786 395 1819; x_wconf 86' lang='lat' dir='ltr'><strong>altioris</strong></span> <span class='ocrx_word' id='word_1_187' title='bbox 431 1786 607 1818; x_wconf 87' lang='lat' dir='ltr'><strong>cuiusdam</strong></span> <span class='ocrx_word' id='word_1_188' title='bbox 647 1796 688 1818; x_wconf 82' lang='lat' dir='ltr'><strong>ac</strong></span> <span class='ocrx_word' id='word_1_189' title='bbox 726 1786 898 1817; x_wconf 73' lang='lat' dir='ltr'><strong>divinioris</strong></span> 
     </span>
     <span class='ocr_line' id='line_1_35' title="bbox 267 1828 898 1874; baseline 0 -12"><span class='ocrx_word' id='word_1_190' title='bbox 267 1831 464 1874; x_wconf 69' lang='lat' dir='ltr'><strong>sapientiae,</strong></span> <span class='ocrx_word' id='word_1_191' title='bbox 490 1833 659 1871; x_wconf 78' lang='lat' dir='ltr'><strong>repetitae</strong></span> <span class='ocrx_word' id='word_1_192' title='bbox 678 1831 764 1862; x_wconf 87' lang='lat' dir='ltr'><strong>illius</strong></span> <span class='ocrx_word' id='word_1_193' title='bbox 791 1828 898 1863; x_wconf 72' lang='lat' dir='ltr'><strong>maxi‘-</strong></span> 
     </span>
     <span class='ocr_line' id='line_1_36' title="bbox 269 1875 900 1917; baseline -0.005 -8"><span class='ocrx_word' id='word_1_194' title='bbox 269 1887 324 1909; x_wconf 84' lang='lat' dir='ltr'><strong>me</strong></span> <span class='ocrx_word' id='word_1_195' title='bbox 354 1887 397 1909; x_wconf 85' lang='lat' dir='ltr'><strong>ex</strong></span> <span class='ocrx_word' id='word_1_196' title='bbox 430 1875 582 1908; x_wconf 85' lang='lat' dir='ltr'><strong>doctrina</strong></span> <span class='ocrx_word' id='word_1_197' title='bbox 608 1875 833 1917; x_wconf 90' lang='lat' dir='ltr'><strong>Orphicorum</strong></span> <span class='ocrx_word' id='word_1_198' title='bbox 866 1879 900 1907; x_wconf 90' lang='lat' dir='ltr'><strong>et</strong></span> 
     </span>
     <span class='ocr_line' id='line_1_37' title="bbox 271 1921 898 1963; baseline -0.005 -9"><span class='ocrx_word' id='word_1_199' title='bbox 271 1921 573 1963; x_wconf 77' lang='lat' dir='ltr'><strong>Pythagoreorum.</strong></span> <span class='ocrx_word' id='word_1_200' title='bbox 633 1921 821 1953; x_wconf 81' lang='lat' dir='ltr'><strong>Enimvero</strong></span> <span class='ocrx_word' id='word_1_201' title='bbox 865 1921 898 1951; x_wconf 91' lang='lat' dir='ltr'><strong>in</strong></span> 
     </span>
     <span class='ocr_line' id='line_1_38' title="bbox 269 1966 898 2007; baseline -0.003 -9"><span class='ocrx_word' id='word_1_202' title='bbox 269 1977 305 1999; x_wconf 92' lang='lat' dir='ltr'><strong>re</strong></span> <span class='ocrx_word' id='word_1_203' title='bbox 337 1970 406 1998; x_wconf 88' lang='lat' dir='ltr'><strong>tam</strong></span> <span class='ocrx_word' id='word_1_204' title='bbox 438 1967 531 2007; x_wconf 84' lang='lat' dir='ltr'><strong>gravi</strong></span> <span class='ocrx_word' id='word_1_205' title='bbox 566 1975 631 1997; x_wconf 88' lang='lat' dir='ltr'><strong>non</strong></span> <span class='ocrx_word' id='word_1_206' title='bbox 669 1966 742 1998; x_wconf 82' lang='lat' dir='ltr'><strong>sine</strong></span> <span class='ocrx_word' id='word_1_207' title='bbox 776 1975 898 1997; x_wconf 79' lang='lat' dir='ltr'><strong>caussa</strong></span> 
     </span>
     <span class='ocr_line' id='line_1_39' title="bbox 269 2010 900 2052; baseline -0.003 -8"><span class='ocrx_word' id='word_1_208' title='bbox 269 2012 400 2044; x_wconf 86' lang='lat' dir='ltr'><strong>studuit</strong></span> <span class='ocrx_word' id='word_1_209' title='bbox 420 2010 642 2052; x_wconf 85' lang='lat' dir='ltr'><strong>philosophus</strong></span> <span class='ocrx_word' id='word_1_210' title='bbox 656 2011 803 2043; x_wconf 85' lang='lat' dir='ltr'><strong>orationi</strong></span> <span class='ocrx_word' id='word_1_211' title='bbox 818 2020 900 2042; x_wconf 86' lang='lat' dir='ltr'><strong>suae</strong></span> 
     </span>
     <span class='ocr_line' id='line_1_40' title="bbox 269 2055 899 2098; baseline -0.003 -10"><span class='ocrx_word' id='word_1_212' title='bbox 269 2060 449 2098; x_wconf 82' lang='lat' dir='ltr'><strong>augustam</strong></span> <span class='ocrx_word' id='word_1_213' title='bbox 485 2055 653 2097; x_wconf 78' lang='lat' dir='ltr'><strong>qtlandam</strong></span> <span class='ocrx_word' id='word_1_214' title='bbox 691 2055 899 2087; x_wconf 82' lang='lat' dir='ltr'><strong>sublimioris</strong></span> 
     </span>
     <span class='ocr_line' id='line_1_41' title="bbox 270 2101 897 2142; baseline 0 -10"><span class='ocrx_word' id='word_1_215' title='bbox 270 2102 458 2142; x_wconf 85' lang='lat' dir='ltr'><strong>sapientiae</strong></span> <span class='ocrx_word' id='word_1_216' title='bbox 508 2101 658 2142; x_wconf 89' lang='lat' dir='ltr'><strong>speciem</strong></span> <span class='ocrx_word' id='word_1_217' title='bbox 703 2101 897 2140; x_wconf 80' lang='lat' dir='ltr'><strong>conciliare,</strong></span> 
     </span>
     <span class='ocr_line' id='line_1_42' title="bbox 269 2145 895 2187; baseline -0.002 -9"><span class='ocrx_word' id='word_1_218' title='bbox 269 2156 336 2187; x_wconf 84' lang='lat' dir='ltr'><strong>quo</strong></span> <span class='ocrx_word' id='word_1_219' title='bbox 386 2146 492 2186; x_wconf 83' lang='lat' dir='ltr'><strong>magis</strong></span> <span class='ocrx_word' id='word_1_220' title='bbox 534 2148 665 2177; x_wconf 82' lang='lat' dir='ltr'><strong>animos</strong></span> <span class='ocrx_word' id='word_1_221' title='bbox 713 2145 895 2187; x_wconf 84' lang='lat' dir='ltr'><strong>legentium</strong></span> 
     </span>
     <span class='ocr_line' id='line_1_43' title="bbox 270 2190 895 2233; baseline -0.003 -10"><span class='ocrx_word' id='word_1_222' title='bbox 270 2195 425 2223; x_wconf 87' lang='lat' dir='ltr'><strong>moveret</strong></span> <span class='ocrx_word' id='word_1_223' title='bbox 456 2201 496 2222; x_wconf 86' lang='lat' dir='ltr'><strong>ac</strong></span> <span class='ocrx_word' id='word_1_224' title='bbox 528 2191 739 2233; x_wconf 72' lang='lat' dir='ltr'><strong>percelleret.</strong></span> <span class='ocrx_word' id='word_1_225' title='bbox 793 2190 895 2222; x_wconf 86' lang='lat' dir='ltr'><strong>Cete—</strong></span> 
     </span>
     <span class='ocr_line' id='line_1_44' title="bbox 270 2233 895 2276; baseline 0 -10"><span class='ocrx_word' id='word_1_226' title='bbox 270 2245 346 2267; x_wconf 91' lang='lat' dir='ltr'><strong>rum</strong></span> <span class='ocrx_word' id='word_1_227' title='bbox 379 2236 533 2268; x_wconf 88' lang='lat' dir='ltr'><strong>Cicero</strong></span> <span class='ocrx_word' id='word_1_228' title='bbox 569 2235 619 2267; x_wconf 84' lang='lat' dir='ltr'><strong>De</strong></span> <span class='ocrx_word' id='word_1_229' title='bbox 651 2234 758 2276; x_wconf 81' lang='lat' dir='ltr'><strong>Legg.</strong></span> <span class='ocrx_word' id='word_1_230' title='bbox 791 2235 831 2266; x_wconf 94' lang='lat' dir='ltr'><strong>ll.</strong></span> <span class='ocrx_word' id='word_1_231' title='bbox 863 2233 895 2267; x_wconf 89' lang='grc'><strong>6.</strong></span> 
     </span>
     <span class='ocr_line' id='line_1_45' title="bbox 269 2279 898 2319; baseline -0.002 -8"><span class='ocrx_word' id='word_1_232' title='bbox 269 2285 388 2312; x_wconf 81' lang='lat' dir='ltr'><strong>auctor</strong></span> <span class='ocrx_word' id='word_1_233' title='bbox 419 2284 489 2319; x_wconf 80' lang='lat' dir='ltr'><strong>est,</strong></span> <span class='ocrx_word' id='word_1_234' title='bbox 531 2280 708 2311; x_wconf 89' lang='lat' dir='ltr'><strong>Platonem</strong></span> <span class='ocrx_word' id='word_1_235' title='bbox 744 2279 776 2312; x_wconf 88' lang='lat' dir='ltr'><strong>in</strong></span> <span class='ocrx_word' id='word_1_236' title='bbox 813 2279 898 2312; x_wconf 87' lang='lat' dir='ltr'><strong>scri-</strong></span> 
     </span>
     <span class='ocr_line' id='line_1_46' title="bbox 270 2324 898 2366; baseline 0.002 -11"><span class='ocrx_word' id='word_1_237' title='bbox 270 2324 388 2357; x_wconf 88' lang='lat' dir='ltr'><strong>bendis</strong></span> <span class='ocrx_word' id='word_1_238' title='bbox 421 2326 530 2365; x_wconf 75' lang='lat' dir='ltr'><strong>legum</strong></span> <span class='ocrx_word' id='word_1_239' title='bbox 565 2325 749 2366; x_wconf 79' lang='lat' dir='ltr'><strong>prooemiis</strong></span> <span class='ocrx_word' id='word_1_240' title='bbox 788 2324 898 2356; x_wconf 86' lang='lat' dir='ltr'><strong>imita—</strong></span> 
     </span>
     <span class='ocr_line' id='line_1_47' title="bbox 271 2369 899 2403; baseline -0.002 -1"><span class='ocrx_word' id='word_1_241' title='bbox 271 2374 339 2403; x_wconf 85' lang='lat' dir='ltr'><strong>tum</strong></span> <span class='ocrx_word' id='word_1_242' title='bbox 373 2379 449 2401; x_wconf 83' lang='lat' dir='ltr'><strong>esse</strong></span> <span class='ocrx_word' id='word_1_243' title='bbox 475 2369 686 2401; x_wconf 84' lang='lat' dir='ltr'><strong>Charondam</strong></span> <span class='ocrx_word' id='word_1_244' title='bbox 714 2374 749 2401; x_wconf 87' lang='lat' dir='ltr'><strong>et</strong></span> <span class='ocrx_word' id='word_1_245' title='bbox 773 2369 899 2401; x_wconf 87' lang='lat' dir='ltr'><strong>Zaleu-</strong></span> 
     </span>
     <span class='ocr_line' id='line_1_48' title="bbox 271 2413 900 2455; baseline 0 -9"><span class='ocrx_word' id='word_1_246' title='bbox 271 2423 368 2452; x_wconf 82' lang='lat' dir='ltr'><strong>cum,</strong></span> <span class='ocrx_word' id='word_1_247' title='bbox 400 2413 442 2445; x_wconf 87' lang='lat' dir='ltr'><strong>de</strong></span> <span class='ocrx_word' id='word_1_248' title='bbox 468 2423 611 2454; x_wconf 82' lang='lat' dir='ltr'><strong>quorum</strong></span> <span class='ocrx_word' id='word_1_249' title='bbox 639 2414 772 2455; x_wconf 87' lang='lat' dir='ltr'><strong>legibus</strong></span> <span class='ocrx_word' id='word_1_250' title='bbox 797 2423 900 2454; x_wconf 79' lang='lat' dir='ltr'><strong>expo-</strong></span> 
     </span>
     <span class='ocr_line' id='line_1_49' title="bbox 272 2457 900 2500; baseline 0.002 -10"><span class='ocrx_word' id='word_1_251' title='bbox 272 2459 342 2491; x_wconf 85' lang='lat' dir='ltr'><strong>suit</strong></span> <span class='ocrx_word' id='word_1_252' title='bbox 379 2457 570 2500; x_wconf 82' lang='lat' dir='ltr'><strong>Heynius</strong></span> <span class='ocrx_word' id='word_1_253' title='bbox 617 2459 745 2500; x_wconf 80' lang='lat' dir='ltr'><strong>opusc.-</strong></span> <span class='ocrx_word' id='word_1_254' title='bbox 797 2458 900 2491; x_wconf 83' lang='lat' dir='ltr'><strong>Acad.</strong></span> 
     </span>
     <span class='ocr_line' id='line_1_50' title="bbox 276 2502 900 2544; baseline 0.002 -10"><span class='ocrx_word' id='word_1_255' title='bbox 276 2505 351 2535; x_wconf 87' lang='lat' dir='ltr'><strong>Vol.</strong></span> <span class='ocrx_word' id='word_1_256' title='bbox 377 2503 416 2535; x_wconf 88' lang='lat' dir='ltr'><strong>ll.</strong></span> <span class='ocrx_word' id='word_1_257' title='bbox 443 2513 477 2544; x_wconf 92' lang='lat' dir='ltr'><strong>p.</strong></span> <span class='ocrx_word' id='word_1_258' title='bbox 504 2502 548 2536; x_wconf 84' lang='lat'><strong>19</strong></span> <span class='ocrx_word' id='word_1_259' title='bbox 573 2514 646 2544; x_wconf 81' lang='lat' dir='ltr'><strong>sqq.</strong></span> <span class='ocrx_word' id='word_1_260' title='bbox 673 2503 772 2535; x_wconf 83' lang='lat' dir='ltr'><strong>Conf.</strong></span> <span class='ocrx_word' id='word_1_261' title='bbox 798 2504 900 2536; x_wconf 83' lang='lat' dir='ltr'><strong>etiam</strong></span> 
     </span>
     <span class='ocr_line' id='line_1_51' title="bbox 277 2547 902 2590; baseline 0 -10"><span class='ocrx_word' id='word_1_262' title='bbox 277 2547 554 2590; x_wconf 71' lang='lat' dir='ltr'><strong>Engelbronn</strong></span> <span class='ocrx_word' id='word_1_263' title='bbox 567 2558 609 2580; x_wconf 86' lang='lat' dir='ltr'><strong>er</strong></span> <span class='ocrx_word' id='word_1_264' title='bbox 633 2548 720 2590; x_wconf 86' lang='lat' dir='ltr'><strong>disp.</strong></span> <span class='ocrx_word' id='word_1_265' title='bbox 749 2548 800 2580; x_wconf 90' lang='lat' dir='ltr'><strong>De</strong></span> <span class='ocrx_word' id='word_1_266' title='bbox 825 2549 902 2581; x_wconf 90' lang='lat' dir='ltr'><strong>loco</strong></span> 
     </span>
     <span class='ocr_line' id='line_1_52' title="bbox 275 2591 900 2634; baseline -0.002 -9"><span class='ocrx_word' id='word_1_267' title='bbox 275 2593 385 2625; x_wconf 86' lang='lat' dir='ltr'><strong>Cicer.</strong></span> <span class='ocrx_word' id='word_1_268' title='bbox 425 2591 468 2625; x_wconf 88' lang='lat' dir='ltr'><strong>de</strong></span> <span class='ocrx_word' id='word_1_269' title='bbox 510 2592 671 2634; x_wconf 79' lang='lat' dir='ltr'><strong>Legibus.</strong></span> <span class='ocrx_word' id='word_1_270' title='bbox 706 2593 900 2626; x_wconf 83' lang='lat' dir='ltr'><strong>Amstelod.</strong></span> 
     </span>
     <span class='ocr_line' id='line_1_53' title="bbox 275 2636 902 2680; baseline -0.005 -8"><span class='ocrx_word' id='word_1_271' title='bbox 275 2637 373 2672; x_wconf 80' lang='lat'><strong>1802.</strong></span> <span class='ocrx_word' id='word_1_272' title='bbox 400 2641 435 2670; x_wconf 86' lang='lat' dir='ltr'><strong>et</strong></span> <span class='ocrx_word' id='word_1_273' title='bbox 461 2636 600 2670; x_wconf 64' lang='lat' dir='ltr'><strong>Excute.</strong></span> <span class='ocrx_word' id='word_1_274' title='bbox 627 2637 668 2669; x_wconf 84' lang='lat' dir='ltr'><strong>ad</strong></span> <span class='ocrx_word' id='word_1_275' title='bbox 699 2637 768 2671; x_wconf 85' lang='lat' dir='ltr'><strong>Cic.</strong></span> <span class='ocrx_word' id='word_1_276' title='bbox 796 2638 902 2680; x_wconf 82' lang='lat' dir='ltr'><strong>Legg.</strong></span> 
     </span>
    </p>
   </div>
   <div class='ocr_carea' id='block_1_6' title="bbox 954 529 1612 2681">
    <p class='ocr_par' dir='ltr' id='par_1_6' title="bbox 954 529 1592 1782">
     <span class='ocr_line' id='line_1_54' title="bbox 956 529 1583 571; baseline 0 -11"><span class='ocrx_word' id='word_1_277' title='bbox 956 530 996 560; x_wconf 93' lang='lat' dir='ltr'><strong>V.</strong></span> <span class='ocrx_word' id='word_1_278' title='bbox 1024 540 1054 571; x_wconf 92' lang='lat' dir='ltr'><strong>p.</strong></span> <span class='ocrx_word' id='word_1_279' title='bbox 1082 530 1146 564; x_wconf 76' lang='lat'><strong>491</strong></span> <span class='ocrx_word' id='word_1_280' title='bbox 1174 541 1223 571; x_wconf 84' lang='lat' dir='ltr'><strong>sq.</strong></span> <span class='ocrx_word' id='word_1_281' title='bbox 1251 530 1303 562; x_wconf 90' lang='lat' dir='ltr'><strong>ed.</strong></span> <span class='ocrx_word' id='word_1_282' title='bbox 1332 529 1460 562; x_wconf 87' lang='lat' dir='ltr'><strong>Moser.</strong></span> <span class='ocrx_word' id='word_1_283' title='bbox 1505 531 1583 571; x_wconf 73' lang='lat' dir='ltr'><strong>Ipsa</strong></span> 
     </span>
     <span class='ocr_line' id='line_1_55' title="bbox 954 574 1580 615; baseline 0 -10"><span class='ocrx_word' id='word_1_284' title='bbox 954 574 1057 606; x_wconf 84' lang='lat' dir='ltr'><strong>Plato</strong></span> <span class='ocrx_word' id='word_1_285' title='bbox 1091 579 1203 608; x_wconf 86' lang='lat' dir='ltr'><strong>tamen</strong></span> <span class='ocrx_word' id='word_1_286' title='bbox 1239 575 1326 607; x_wconf 80' lang='lat' dir='ltr'><strong>infra</strong></span> <span class='ocrx_word' id='word_1_287' title='bbox 1357 574 1450 606; x_wconf 86' lang='lat' dir='ltr'><strong>Libr.</strong></span> <span class='ocrx_word' id='word_1_288' title='bbox 1481 576 1523 610; x_wconf 79' lang='lat' dir='ltr'><strong>V,</strong></span> <span class='ocrx_word' id='word_1_289' title='bbox 1550 584 1580 615; x_wconf 91' lang='lat' dir='ltr'><strong>p.</strong></span> 
     </span>
     <span class='ocr_line' id='line_1_56' title="bbox 955 619 1584 661; baseline -0.005 -8"><span class='ocrx_word' id='word_1_290' title='bbox 955 620 1032 653; x_wconf 86' lang='grc'><strong>722.</strong></span> <span class='ocrx_word' id='word_1_291' title='bbox 1061 623 1228 653; x_wconf 88' lang='lat' dir='ltr'><strong>neminem</strong></span> <span class='ocrx_word' id='word_1_292' title='bbox 1269 620 1500 661; x_wconf 86' lang='lat' dir='ltr'><strong>legislatorum</strong></span> <span class='ocrx_word' id='word_1_293' title='bbox 1536 619 1584 650; x_wconf 83' lang='lat' dir='ltr'><strong>ait</strong></span> 
     </span>
     <span class='ocr_line' id='line_1_57' title="bbox 954 665 1584 705; baseline -0.002 -9"><span class='ocrx_word' id='word_1_294' title='bbox 954 671 1032 696; x_wconf 83' lang='lat' dir='ltr'><strong>ante</strong></span> <span class='ocrx_word' id='word_1_295' title='bbox 1056 676 1094 697; x_wconf 86' lang='lat' dir='ltr'><strong>se</strong></span> <span class='ocrx_word' id='word_1_296' title='bbox 1120 665 1295 705; x_wconf 79' lang='lat' dir='ltr'><strong>extitisse,</strong></span> <span class='ocrx_word' id='word_1_297' title='bbox 1321 665 1377 705; x_wconf 85' lang='lat' dir='ltr'><strong>qui</strong></span> <span class='ocrx_word' id='word_1_298' title='bbox 1403 666 1494 697; x_wconf 73' lang='lat' dir='ltr'><strong>cives</strong></span> <span class='ocrx_word' id='word_1_299' title='bbox 1519 665 1584 697; x_wconf 89' lang='lat' dir='ltr'><strong>isto</strong></span> 
     </span>
     <span class='ocr_line' id='line_1_58' title="bbox 955 709 1583 751; baseline -0.005 -9"><span class='ocrx_word' id='word_1_300' title='bbox 955 709 1059 742; x_wconf 89' lang='lat' dir='ltr'><strong>modo</strong></span> <span class='ocrx_word' id='word_1_301' title='bbox 1091 710 1133 742; x_wconf 82' lang='lat' dir='ltr'><strong>ad</strong></span> <span class='ocrx_word' id='word_1_302' title='bbox 1170 710 1301 751; x_wconf 80' lang='lat' dir='ltr'><strong>Legum</strong></span> <span class='ocrx_word' id='word_1_303' title='bbox 1333 709 1583 742; x_wconf 83' lang='lat' dir='ltr'><strong>observantiam</strong></span> 
     </span>
     <span class='ocr_line' id='line_1_59' title="bbox 956 755 1586 796; baseline -0.003 -10"><span class='ocrx_word' id='word_1_304' title='bbox 956 756 1158 796; x_wconf 79' lang='lat' dir='ltr'><strong>virtutisque</strong></span> <span class='ocrx_word' id='word_1_305' title='bbox 1189 755 1335 786; x_wconf 79' lang='lat' dir='ltr'><strong>studium</strong></span> <span class='ocrx_word' id='word_1_306' title='bbox 1372 756 1586 789; x_wconf 77' lang='lat' dir='ltr'><strong>excitareet</strong></span> 
     </span>
     <span class='ocr_line' id='line_1_60' title="bbox 954 799 1585 837; baseline -0.002 -6"><span class='ocrx_word' id='word_1_307' title='bbox 954 809 1170 832; x_wconf 87' lang='lat' dir='ltr'><strong>commovere</strong></span> <span class='ocrx_word' id='word_1_308' title='bbox 1196 799 1377 831; x_wconf 85' lang='lat' dir='ltr'><strong>studuerit.</strong></span> <span class='ocrx_word' id='word_1_309' title='bbox 1418 800 1505 832; x_wconf 88' lang='lat' dir='ltr'><strong>Utut</strong></span> <span class='ocrx_word' id='word_1_310' title='bbox 1521 803 1585 837; x_wconf 87' lang='lat' dir='ltr'><strong>est,</strong></span> 
     </span>
     <span class='ocr_line' id='line_1_61' title="bbox 956 844 1587 884; baseline -0.003 -8"><span class='ocrx_word' id='word_1_311' title='bbox 956 845 1019 876; x_wconf 87' lang='lat' dir='ltr'><strong>hoc</strong></span> <span class='ocrx_word' id='word_1_312' title='bbox 1058 850 1150 877; x_wconf 88' lang='lat' dir='ltr'><strong>certe</strong></span> <span class='ocrx_word' id='word_1_313' title='bbox 1178 845 1312 876; x_wconf 85' lang='lat' dir='ltr'><strong>Platoni</strong></span> <span class='ocrx_word' id='word_1_314' title='bbox 1349 845 1482 884; x_wconf 85' lang='lat' dir='ltr'><strong>penitus</strong></span> <span class='ocrx_word' id='word_1_315' title='bbox 1523 844 1587 875; x_wconf 86' lang='lat' dir='ltr'><strong>fuit</strong></span> 
     </span>
     <span class='ocr_line' id='line_1_62' title="bbox 955 889 1585 931; baseline 0 -10"><span class='ocrx_word' id='word_1_316' title='bbox 955 899 1168 931; x_wconf 80' lang='lat' dir='ltr'><strong>persuasum,</strong></span> <span class='ocrx_word' id='word_1_317' title='bbox 1195 891 1305 931; x_wconf 81' lang='lat' dir='ltr'><strong>legum</strong></span> <span class='ocrx_word' id='word_1_318' title='bbox 1338 889 1585 921; x_wconf 87' lang='lat' dir='ltr'><strong>observantiam</strong></span> 
     </span>
     <span class='ocr_line' id='line_1_63' title="bbox 955 934 1586 976; baseline -0.003 -10"><span class='ocrx_word' id='word_1_319' title='bbox 955 944 1021 966; x_wconf 91' lang='lat' dir='ltr'><strong>non</strong></span> <span class='ocrx_word' id='word_1_320' title='bbox 1046 935 1076 964; x_wconf 90' lang='lat' dir='ltr'><strong>vi</strong></span> <span class='ocrx_word' id='word_1_321' title='bbox 1102 939 1137 967; x_wconf 91' lang='lat' dir='ltr'><strong>et</strong></span> <span class='ocrx_word' id='word_1_322' title='bbox 1162 934 1259 966; x_wconf 90' lang='lat' dir='ltr'><strong>minis</strong></span> <span class='ocrx_word' id='word_1_323' title='bbox 1276 934 1469 974; x_wconf 83' lang='lat' dir='ltr'><strong>extorqueri</strong></span> <span class='ocrx_word' id='word_1_324' title='bbox 1485 943 1586 976; x_wconf 88' lang='lat' dir='ltr'><strong>opor—</strong></span> 
     </span>
     <span class='ocr_line' id='line_1_64' title="bbox 957 978 1588 1021; baseline 0.002 -11"><span class='ocrx_word' id='word_1_325' title='bbox 957 982 1050 1016; x_wconf 82' lang='lat' dir='ltr'><strong>tere,</strong></span> <span class='ocrx_word' id='word_1_326' title='bbox 1089 979 1149 1011; x_wconf 85' lang='lat' dir='ltr'><strong>sed</strong></span> <span class='ocrx_word' id='word_1_327' title='bbox 1192 978 1392 1020; x_wconf 73' lang='lat' dir='ltr'><strong>persuaderi</strong></span> <span class='ocrx_word' id='word_1_328' title='bbox 1426 983 1588 1021; x_wconf 83' lang='lat' dir='ltr'><strong>oportere</strong></span> 
     </span>
     <span class='ocr_line' id='line_1_65' title="bbox 957 1024 1587 1064; baseline 0 -10"><span class='ocrx_word' id='word_1_329' title='bbox 957 1024 1089 1055; x_wconf 81' lang='lat' dir='ltr'><strong>civibus</strong></span> <span class='ocrx_word' id='word_1_330' title='bbox 1119 1028 1221 1064; x_wconf 84' lang='lat' dir='ltr'><strong>atque</strong></span> <span class='ocrx_word' id='word_1_331' title='bbox 1253 1024 1496 1064; x_wconf 82' lang='lat' dir='ltr'><strong>demonstrari,</strong></span> <span class='ocrx_word' id='word_1_332' title='bbox 1537 1024 1587 1054; x_wconf 92' lang='lat' dir='ltr'><strong>ul-</strong></span> 
     </span>
     <span class='ocr_line' id='line_1_66' title="bbox 961 1068 1587 1110; baseline 0 -10"><span class='ocrx_word' id='word_1_333' title='bbox 961 1072 1016 1100; x_wconf 91' lang='lat' dir='ltr'><strong>tro</strong></span> <span class='ocrx_word' id='word_1_334' title='bbox 1047 1068 1276 1110; x_wconf 83' lang='lat' dir='ltr'><strong>expetendum</strong></span> <span class='ocrx_word' id='word_1_335' title='bbox 1307 1079 1347 1101; x_wconf 88' lang='lat' dir='ltr'><strong>ac</strong></span> <span class='ocrx_word' id='word_1_336' title='bbox 1379 1068 1587 1109; x_wconf 84' lang='lat' dir='ltr'><strong>sequendum</strong></span> 
     </span>
     <span class='ocr_line' id='line_1_67' title="bbox 963 1112 1587 1154; baseline -0.002 -9"><span class='ocrx_word' id='word_1_337' title='bbox 963 1124 1040 1146; x_wconf 88' lang='lat' dir='ltr'><strong>esse</strong></span> <span class='ocrx_word' id='word_1_338' title='bbox 1064 1112 1115 1153; x_wconf 87' lang='lat' dir='ltr'><strong>id,</strong></span> <span class='ocrx_word' id='word_1_339' title='bbox 1149 1113 1239 1154; x_wconf 87' lang='lat' dir='ltr'><strong>quod</strong></span> <span class='ocrx_word' id='word_1_340' title='bbox 1269 1115 1456 1146; x_wconf 87' lang='lat' dir='ltr'><strong>communis</strong></span> <span class='ocrx_word' id='word_1_341' title='bbox 1482 1113 1587 1146; x_wconf 84' lang='lat' dir='ltr'><strong>omni-</strong></span> 
     </span>
     <span class='ocr_line' id='line_1_68' title="bbox 962 1158 1587 1200; baseline 0 -10"><span class='ocrx_word' id='word_1_342' title='bbox 962 1168 1016 1190; x_wconf 90' lang='lat' dir='ltr'><strong>um</strong></span> <span class='ocrx_word' id='word_1_343' title='bbox 1043 1158 1137 1189; x_wconf 87' lang='lat' dir='ltr'><strong>salus</strong></span> <span class='ocrx_word' id='word_1_344' title='bbox 1163 1159 1312 1199; x_wconf 80' lang='lat' dir='ltr'><strong>postulet</strong></span> <span class='ocrx_word' id='word_1_345' title='bbox 1336 1163 1437 1199; x_wconf 85' lang='lat' dir='ltr'><strong>atque</strong></span> <span class='ocrx_word' id='word_1_346' title='bbox 1463 1159 1587 1200; x_wconf 76' lang='lat' dir='ltr'><strong>exigat.</strong></span> 
     </span>
     <span class='ocr_line' id='line_1_69' title="bbox 963 1203 1588 1244; baseline 0.002 -11"><span class='ocrx_word' id='word_1_347' title='bbox 963 1213 993 1234; x_wconf 79' lang='lat' dir='ltr'><strong>v.</strong></span> <span class='ocrx_word' id='word_1_348' title='bbox 1019 1203 1112 1234; x_wconf 89' lang='lat' dir='ltr'><strong>Libr.</strong></span> <span class='ocrx_word' id='word_1_349' title='bbox 1138 1203 1196 1234; x_wconf 94' lang='lat' dir='ltr'><strong>IV.</strong></span> <span class='ocrx_word' id='word_1_350' title='bbox 1223 1214 1253 1244; x_wconf 84' lang='lat' dir='ltr'><strong>p.</strong></span> <span class='ocrx_word' id='word_1_351' title='bbox 1282 1203 1357 1238; x_wconf 83' lang='lat'><strong>711.</strong></span> <span class='ocrx_word' id='word_1_352' title='bbox 1389 1203 1426 1235; x_wconf 90' lang='grc' dir='ltr'><strong>Β.</strong></span> <span class='ocrx_word' id='word_1_353' title='bbox 1456 1204 1530 1235; x_wconf 62' lang='grc' dir='ltr'><strong>ῩΙΙ.</strong></span> <span class='ocrx_word' id='word_1_354' title='bbox 1557 1214 1588 1244; x_wconf 89' lang='lat' dir='ltr'><strong>p.</strong></span> 
     </span>
     <span class='ocr_line' id='line_1_70' title="bbox 963 1247 1588 1289; baseline -0.005 -7"><span class='ocrx_word' id='word_1_355' title='bbox 963 1247 1040 1282; x_wconf 85' lang='grc'><strong>823.</strong></span> <span class='ocrx_word' id='word_1_356' title='bbox 1065 1249 1111 1279; x_wconf 90' lang='lat' dir='ltr'><strong>A.</strong></span> <span class='ocrx_word' id='word_1_357' title='bbox 1136 1248 1182 1279; x_wconf 92' lang='lat' dir='ltr'><strong>D.</strong></span> <span class='ocrx_word' id='word_1_358' title='bbox 1209 1259 1282 1289; x_wconf 82' lang='lat' dir='ltr'><strong>sqq.</strong></span> <span class='ocrx_word' id='word_1_359' title='bbox 1309 1249 1372 1288; x_wconf 80' lang='lat' dir='ltr'><strong>lX.</strong></span> <span class='ocrx_word' id='word_1_360' title='bbox 1400 1259 1431 1289; x_wconf 89' lang='lat' dir='ltr'><strong>p.</strong></span> <span class='ocrx_word' id='word_1_361' title='bbox 1458 1248 1535 1283; x_wconf 79' lang='grc'><strong>854.</strong></span> <span class='ocrx_word' id='word_1_362' title='bbox 1552 1254 1588 1280; x_wconf 83' lang='grc' dir='ltr'><strong>Α.</strong></span> 
     </span>
     <span class='ocr_line' id='line_1_71' title="bbox 964 1291 1590 1335; baseline -0.002 -9"><span class='ocrx_word' id='word_1_363' title='bbox 964 1304 996 1335; x_wconf 91' lang='lat' dir='ltr'><strong>p.</strong></span> <span class='ocrx_word' id='word_1_364' title='bbox 1028 1291 1106 1326; x_wconf 84' lang='lat'><strong>859.</strong></span> <span class='ocrx_word' id='word_1_365' title='bbox 1143 1296 1182 1324; x_wconf 85' lang='grc' dir='ltr'><strong>Λ.</strong></span> <span class='ocrx_word' id='word_1_366' title='bbox 1210 1292 1267 1325; x_wconf 92' lang='lat' dir='ltr'><strong>lX.</strong></span> <span class='ocrx_word' id='word_1_367' title='bbox 1302 1304 1333 1335; x_wconf 86' lang='lat' dir='ltr'><strong>p.</strong></span> <span class='ocrx_word' id='word_1_368' title='bbox 1359 1293 1436 1327; x_wconf 83' lang='lat'><strong>871.</strong></span> <span class='ocrx_word' id='word_1_369' title='bbox 1464 1299 1503 1326; x_wconf 82' lang='lat' dir='ltr'><strong>A.</strong></span> <span class='ocrx_word' id='word_1_370' title='bbox 1530 1293 1590 1326; x_wconf 90' lang='lat' dir='ltr'><strong>XI.</strong></span> 
     </span>
     <span class='ocr_line' id='line_1_72' title="bbox 965 1337 1589 1379; baseline 0 -10"><span class='ocrx_word' id='word_1_371' title='bbox 965 1349 997 1377; x_wconf 83' lang='lat' dir='ltr'><strong>p.</strong></span> <span class='ocrx_word' id='word_1_372' title='bbox 1023 1337 1101 1371; x_wconf 87' lang='grc'><strong>927.</strong></span> <span class='ocrx_word' id='word_1_373' title='bbox 1128 1339 1172 1369; x_wconf 84' lang='grc' dir='ltr'><strong>Α.</strong></span> <span class='ocrx_word' id='word_1_374' title='bbox 1199 1337 1273 1370; x_wconf 93' lang='lat' dir='ltr'><strong>Xll.</strong></span> <span class='ocrx_word' id='word_1_375' title='bbox 1308 1349 1341 1379; x_wconf 91' lang='lat' dir='ltr'><strong>p.</strong></span> <span class='ocrx_word' id='word_1_376' title='bbox 1367 1338 1445 1372; x_wconf 89' lang='grc'><strong>960.</strong></span> <span class='ocrx_word' id='word_1_377' title='bbox 1483 1341 1521 1370; x_wconf 83' lang='grc' dir='ltr'><strong>Δ.</strong></span> <span class='ocrx_word' id='word_1_378' title='bbox 1547 1341 1589 1371; x_wconf 87' lang='lat' dir='ltr'><strong>al.</strong></span> 
     </span>
     <span class='ocr_line' id='line_1_73' title="bbox 964 1382 1590 1415; baseline 0.002 -1"><span class='ocrx_word' id='word_1_379' title='bbox 964 1383 1004 1414; x_wconf 93' lang='lat' dir='ltr'><strong>In</strong></span> <span class='ocrx_word' id='word_1_380' title='bbox 1030 1383 1093 1414; x_wconf 85' lang='lat' dir='ltr'><strong>alia</strong></span> <span class='ocrx_word' id='word_1_381' title='bbox 1108 1383 1220 1414; x_wconf 88' lang='lat' dir='ltr'><strong>omnia</strong></span> <span class='ocrx_word' id='word_1_382' title='bbox 1246 1382 1403 1415; x_wconf 83' lang='lat' dir='ltr'><strong>discessit</strong></span> <span class='ocrx_word' id='word_1_383' title='bbox 1428 1383 1590 1415; x_wconf 80' lang='lat' dir='ltr'><strong>Seneca</strong></span> 
     </span>
     <span class='ocr_line' id='line_1_74' title="bbox 966 1427 1590 1470; baseline 0 -10"><span class='ocrx_word' id='word_1_384' title='bbox 966 1428 1076 1469; x_wconf 80' lang='lat' dir='ltr'><strong>Epist.</strong></span> <span class='ocrx_word' id='word_1_385' title='bbox 1117 1427 1242 1460; x_wconf 86' lang='lat' dir='ltr'><strong>XClV.</strong></span> <span class='ocrx_word' id='word_1_386' title='bbox 1308 1428 1394 1460; x_wconf 89' lang='lat' dir='ltr'><strong>Non</strong></span> <span class='ocrx_word' id='word_1_387' title='bbox 1440 1429 1590 1470; x_wconf 87' lang='lat' dir='ltr'><strong>probo,</strong></span> 
     </span>
     <span class='ocr_line' id='line_1_75' title="bbox 965 1472 1590 1514; baseline 0.002 -10"><span class='ocrx_word' id='word_1_388' title='bbox 965 1474 1092 1513; x_wconf 82' lang='lat' dir='ltr'><strong>inquit,</strong></span> <span class='ocrx_word' id='word_1_389' title='bbox 1120 1472 1231 1513; x_wconf 85' lang='lat' dir='ltr'><strong>quod</strong></span> <span class='ocrx_word' id='word_1_390' title='bbox 1261 1473 1459 1505; x_wconf 82' lang='lat' dir='ltr'><strong>Platonis</strong></span> <span class='ocrx_word' id='word_1_391' title='bbox 1489 1474 1590 1514; x_wconf 87' lang='lat' dir='ltr'><strong>legi·</strong></span> 
     </span>
     <span class='ocr_line' id='line_1_76' title="bbox 967 1517 1591 1559; baseline 0.003 -11"><span class='ocrx_word' id='word_1_392' title='bbox 967 1518 1044 1549; x_wconf 89' lang='lat' dir='ltr'><strong>bus</strong></span> <span class='ocrx_word' id='word_1_393' title='bbox 1098 1517 1279 1549; x_wconf 87' lang='lat' dir='ltr'><strong>adiecta</strong></span> <span class='ocrx_word' id='word_1_394' title='bbox 1327 1518 1532 1559; x_wconf 87' lang='lat' dir='ltr'><strong>princip</strong></span> <span class='ocrx_word' id='word_1_395' title='bbox 1560 1519 1591 1550; x_wconf 86' lang='lat' dir='ltr'><strong>ia</strong></span> 
     </span>
     <span class='ocr_line' id='line_1_77' title="bbox 966 1562 1590 1603; baseline 0.002 -9"><span class='ocrx_word' id='word_1_396' title='bbox 966 1566 1082 1594; x_wconf 88' lang='lat' dir='ltr'><strong>sunt:</strong></span> <span class='ocrx_word' id='word_1_397' title='bbox 1115 1562 1251 1603; x_wconf 77' lang='lat' dir='ltr'><strong>legem</strong></span> <span class='ocrx_word' id='word_1_398' title='bbox 1288 1565 1391 1595; x_wconf 87' lang='lat' dir='ltr'><strong>enim</strong></span> <span class='ocrx_word' id='word_1_399' title='bbox 1421 1563 1590 1596; x_wconf 80' lang='lat' dir='ltr'><strong>brevem</strong></span> 
     </span>
     <span class='ocr_line' id='line_1_78' title="bbox 965 1607 1592 1647; baseline 0.002 -9"><span class='ocrx_word' id='word_1_400' title='bbox 965 1617 1063 1639; x_wconf 87' lang='lat' dir='ltr'><strong>esse</strong></span> <span class='ocrx_word' id='word_1_401' title='bbox 1089 1611 1281 1647; x_wconf 75' lang='lat' dir='ltr'><strong>oportet,</strong></span> <span class='ocrx_word' id='word_1_402' title='bbox 1307 1617 1388 1647; x_wconf 84' lang='lat' dir='ltr'><strong>quo</strong></span> <span class='ocrx_word' id='word_1_403' title='bbox 1416 1607 1592 1640; x_wconf 82' lang='lat' dir='ltr'><strong>facilius</strong></span> 
     </span>
     <span class='ocr_line' id='line_1_79' title="bbox 963 1651 1591 1692; baseline 0 -8"><span class='ocrx_word' id='word_1_404' title='bbox 963 1653 1014 1684; x_wconf 79' lang='lat' dir='ltr'><strong>ab</strong></span> <span class='ocrx_word' id='word_1_405' title='bbox 1038 1651 1253 1692; x_wconf 83' lang='lat' dir='ltr'><strong>imperitis</strong></span> <span class='ocrx_word' id='word_1_406' title='bbox 1282 1656 1500 1692; x_wconf 72' lang='lat' dir='ltr'><strong>teneatur;</strong></span> <span class='ocrx_word' id='word_1_407' title='bbox 1526 1662 1591 1684; x_wconf 88' lang='lat' dir='ltr'><strong>ve-</strong></span> 
     </span>
     <span class='ocr_line' id='line_1_80' title="bbox 965 1695 1591 1729; baseline 0 0"><span class='ocrx_word' id='word_1_408' title='bbox 965 1699 1026 1729; x_wconf 93' lang='lat' dir='ltr'><strong>lut</strong></span> <span class='ocrx_word' id='word_1_409' title='bbox 1061 1695 1215 1728; x_wconf 86' lang='lat' dir='ltr'><strong>emissa</strong></span> <span class='ocrx_word' id='word_1_410' title='bbox 1257 1695 1591 1729; x_wconf 76' lang='lat' dir='ltr'><strong>divinitns&#39;vox</strong></span> 
     </span>
     <span class='ocr_line' id='line_1_81' title="bbox 965 1740 1590 1782; baseline 0 -10"><span class='ocrx_word' id='word_1_411' title='bbox 965 1740 1233 1780; x_wconf 64' lang='lat' dir='ltr'><strong>smiubeat,</strong></span> <span class='ocrx_word' id='word_1_412' title='bbox 1268 1751 1346 1773; x_wconf 90' lang='lat' dir='ltr'><strong>non</strong></span> <span class='ocrx_word' id='word_1_413' title='bbox 1383 1741 1590 1782; x_wconf 84' lang='lat' dir='ltr'><strong>disputet.</strong></span> 
     </span>
    </p>

    <p class='ocr_par' dir='ltr' id='par_1_7' title="bbox 959 1785 1612 2681">
     <span class='ocr_line' id='line_1_82' title="bbox 1003 1785 1591 1828; baseline 0.002 -12"><span class='ocrx_word' id='word_1_414' title='bbox 1003 1785 1176 1827; x_wconf 69' lang='grc' dir='ltr'><strong>Ἀνδρος</strong></span> <span class='ocrx_word' id='word_1_415' title='bbox 1202 1787 1349 1818; x_wconf 76' lang='grc' dir='ltr'>τοίνυν</span> <span class='ocrx_word' id='word_1_416' title='bbox 1375 1789 1591 1828; x_wconf 75' lang='grc' dir='ltr'><strong>φῶμεν-1</strong></span> 
     </span>
     <span class='ocr_line' id='line_1_83' title="bbox 966 1830 1593 1874; baseline 0.002 -12"><span class='ocrx_word' id='word_1_417' title='bbox 966 1832 1078 1862; x_wconf 77' lang='grc' dir='ltr'>τοίνυν</span> <span class='ocrx_word' id='word_1_418' title='bbox 1113 1839 1215 1870; x_wconf 89' lang='lat' dir='ltr'><strong>quum</strong></span> <span class='ocrx_word' id='word_1_419' title='bbox 1252 1832 1425 1872; x_wconf 82' lang='lat' dir='ltr'><strong>pertineat</strong></span> <span class='ocrx_word' id='word_1_420' title='bbox 1459 1830 1502 1863; x_wconf 86' lang='lat' dir='ltr'><strong>ad</strong></span> <span class='ocrx_word' id='word_1_421' title='bbox 1528 1834 1593 1874; x_wconf 75' lang='grc' dir='ltr'><strong>φῶ-</strong></span> 
     </span>
     <span class='ocr_line' id='line_1_84' title="bbox 965 1875 1592 1918; baseline 0 -12"><span class='ocrx_word' id='word_1_422' title='bbox 965 1886 1042 1916; x_wconf 84' lang='grc' dir='ltr'><strong>μεν,</strong></span> <span class='ocrx_word' id='word_1_423' title='bbox 1079 1875 1294 1908; x_wconf 84' lang='lat' dir='ltr'><strong>scribendum</strong></span> <span class='ocrx_word' id='word_1_424' title='bbox 1338 1876 1399 1908; x_wconf 80' lang='lat' dir='ltr'><strong>fuit</strong></span> <span class='ocrx_word' id='word_1_425' title='bbox 1435 1876 1592 1918; x_wconf 84' lang='lat' dir='ltr'><strong>proprie:</strong></span> 
     </span>
     <span class='ocr_line' id='line_1_85' title="bbox 959 1919 1594 1964; baseline 0.002 -13"><span class='ocrx_word' id='word_1_426' title='bbox 959 1920 1115 1962; x_wconf 79' lang='grc' dir='ltr'><strong>”Ανδρες,</strong></span> <span class='ocrx_word' id='word_1_427' title='bbox 1142 1922 1258 1961; x_wconf 79' lang='grc' dir='ltr'>φῶμεν</span> <span class='ocrx_word' id='word_1_428' title='bbox 1283 1922 1397 1952; x_wconf 73' lang='grc' dir='ltr'>τοίνυν</span> <span class='ocrx_word' id='word_1_429' title='bbox 1418 1919 1506 1964; x_wconf 76' lang='grc' dir='ltr'><strong>πρός</strong></span> <span class='ocrx_word' id='word_1_430' title='bbox 1530 1919 1594 1952; x_wconf 79' lang='lat' dir='ltr'><strong>cw’-</strong></span> 
     </span>
     <span class='ocr_line' id='line_1_86' title="bbox 966 1963 1593 2006; baseline 0.002 -9"><span class='ocrx_word' id='word_1_431' title='bbox 966 1963 1058 2000; x_wconf 83' lang='grc' dir='ltr'>τούς,</span> <span class='ocrx_word' id='word_1_432' title='bbox 1124 1965 1194 1996; x_wconf 88' lang='lat' dir='ltr'><strong>Sed</strong></span> <span class='ocrx_word' id='word_1_433' title='bbox 1236 1965 1358 1998; x_wconf 83' lang='lat' dir='ltr'><strong>Graeci</strong></span> <span class='ocrx_word' id='word_1_434' title='bbox 1396 1974 1499 2006; x_wconf 86' lang='lat' dir='ltr'><strong>quum</strong></span> <span class='ocrx_word' id='word_1_435' title='bbox 1541 1975 1593 2003; x_wconf 81' lang='lat' dir='ltr'><strong>ea.</strong></span> 
     </span>
     <span class='ocr_line' id='line_1_87' title="bbox 966 2010 1594 2051; baseline -0.002 -9"><span class='ocrx_word' id='word_1_436' title='bbox 966 2020 1053 2051; x_wconf 83' lang='lat' dir='ltr'><strong>quae</strong></span> <span class='ocrx_word' id='word_1_437' title='bbox 1078 2011 1295 2051; x_wconf 80' lang='lat' dir='ltr'><strong>parenthesin</strong></span> <span class='ocrx_word' id='word_1_438' title='bbox 1320 2010 1487 2050; x_wconf 79' lang='lat' dir='ltr'><strong>efficiunt,</strong></span> <span class='ocrx_word' id='word_1_439' title='bbox 1519 2020 1594 2042; x_wconf 89' lang='lat' dir='ltr'><strong>cum</strong></span> 
     </span>
     <span class='ocr_line' id='line_1_88' title="bbox 965 2055 1594 2095; baseline 0 -9"><span class='ocrx_word' id='word_1_440' title='bbox 965 2055 1093 2095; x_wconf 87' lang='lat' dir='ltr'><strong>reliqua</strong></span> <span class='ocrx_word' id='word_1_441' title='bbox 1118 2055 1272 2087; x_wconf 88' lang='lat' dir='ltr'><strong>oratioue</strong></span> <span class='ocrx_word' id='word_1_442' title='bbox 1291 2057 1427 2087; x_wconf 81' lang='lat' dir='ltr'><strong>soleant</strong></span> <span class='ocrx_word' id='word_1_443' title='bbox 1451 2055 1594 2087; x_wconf 87' lang='lat' dir='ltr'><strong>subinde</strong></span> 
     </span>
     <span class='ocr_line' id='line_1_89' title="bbox 966 2100 1595 2141; baseline -0.002 -10"><span class='ocrx_word' id='word_1_444' title='bbox 966 2100 1173 2141; x_wconf 86' lang='lat' dir='ltr'><strong>coniungere</strong></span> <span class='ocrx_word' id='word_1_445' title='bbox 1220 2101 1348 2132; x_wconf 86' lang='lat' dir='ltr'><strong>arctius</strong></span> <span class='ocrx_word' id='word_1_446' title='bbox 1394 2109 1491 2140; x_wconf 86' lang='lat' dir='ltr'><strong>quam</strong></span> <span class='ocrx_word' id='word_1_447' title='bbox 1533 2109 1595 2131; x_wconf 89' lang='lat' dir='ltr'><strong>nos</strong></span> 
     </span>
     <span class='ocr_line' id='line_1_90' title="bbox 966 2145 1594 2185; baseline -0.002 -9"><span class='ocrx_word' id='word_1_448' title='bbox 966 2145 1081 2177; x_wconf 83' lang='lat' dir='ltr'><strong>facere</strong></span> <span class='ocrx_word' id='word_1_449' title='bbox 1122 2145 1377 2185; x_wconf 87' lang='lat' dir='ltr'><strong>consuevimus,</strong></span> <span class='ocrx_word' id='word_1_450' title='bbox 1420 2145 1492 2177; x_wconf 85' lang='lat' dir='ltr'><strong>fieri</strong></span> <span class='ocrx_word' id='word_1_451' title='bbox 1528 2154 1594 2176; x_wconf 93' lang='lat' dir='ltr'><strong>non</strong></span> 
     </span>
     <span class='ocr_line' id='line_1_91' title="bbox 964 2189 1612 2228; baseline -0.003 -6"><span class='ocrx_word' id='word_1_452' title='bbox 964 2199 1043 2222; x_wconf 88' lang='lat' dir='ltr'><strong>raro</strong></span> <span class='ocrx_word' id='word_1_453' title='bbox 1072 2189 1119 2220; x_wconf 87' lang='lat' dir='ltr'><strong>ita</strong></span> <span class='ocrx_word' id='word_1_454' title='bbox 1143 2190 1255 2228; x_wconf 82' lang='lat' dir='ltr'><strong>solet,</strong></span> <span class='ocrx_word' id='word_1_455' title='bbox 1286 2194 1324 2221; x_wconf 90' lang='lat' dir='ltr'><strong>ut</strong></span> <span class='ocrx_word' id='word_1_456' title='bbox 1355 2200 1416 2222; x_wconf 87' lang='lat' dir='ltr'><strong>eae</strong></span> <span class='ocrx_word' id='word_1_457' title='bbox 1440 2190 1612 2228; x_wconf 64' lang='lat' dir='ltr'><strong>voculae,v</strong></span> 
     </span>
     <span class='ocr_line' id='line_1_92' title="bbox 964 2233 1595 2276; baseline 0 -10"><span class='ocrx_word' id='word_1_458' title='bbox 964 2244 1053 2276; x_wconf 85' lang='lat' dir='ltr'><strong>quae</strong></span> <span class='ocrx_word' id='word_1_459' title='bbox 1087 2233 1131 2265; x_wconf 81' lang='lat' dir='ltr'><strong>ad</strong></span> <span class='ocrx_word' id='word_1_460' title='bbox 1157 2234 1372 2274; x_wconf 83' lang='lat' dir='ltr'><strong>parenthesin</strong></span> <span class='ocrx_word' id='word_1_461' title='bbox 1395 2233 1595 2267; x_wconf 81' lang='lat' dir='ltr'><strong>referendae</strong></span> 
     </span>
     <span class='ocr_line' id='line_1_93' title="bbox 965 2279 1594 2321; baseline 0.002 -12"><span class='ocrx_word' id='word_1_462' title='bbox 965 2282 1062 2318; x_wconf 85' lang='lat' dir='ltr'><strong>sunt,</strong></span> <span class='ocrx_word' id='word_1_463' title='bbox 1093 2280 1208 2310; x_wconf 82' lang='lat' dir='ltr'><strong>statim</strong></span> <span class='ocrx_word' id='word_1_464' title='bbox 1240 2279 1434 2321; x_wconf 87' lang='lat' dir='ltr'><strong>principalis</strong></span> <span class='ocrx_word' id='word_1_465' title='bbox 1458 2283 1594 2311; x_wconf 83' lang='lat' dir='ltr'><strong>senten·</strong></span> 
     </span>
     <span class='ocr_line' id='line_1_94' title="bbox 965 2323 1595 2357; baseline -0.002 -1"><span class='ocrx_word' id='word_1_466' title='bbox 965 2325 1033 2356; x_wconf 87' lang='lat' dir='ltr'><strong>tiae</strong></span> <span class='ocrx_word' id='word_1_467' title='bbox 1046 2323 1187 2356; x_wconf 77' lang='lat' dir='ltr'><strong>exordio</strong></span> <span class='ocrx_word' id='word_1_468' title='bbox 1209 2324 1465 2357; x_wconf 83' lang='lat' dir='ltr'><strong>adhaerescant.</strong></span> <span class='ocrx_word' id='word_1_469' title='bbox 1491 2324 1595 2356; x_wconf 81' lang='lat' dir='ltr'><strong>Quod</strong></span> 
     </span>
     <span class='ocr_line' id='line_1_95' title="bbox 967 2368 1595 2410; baseline -0.003 -9"><span class='ocrx_word' id='word_1_470' title='bbox 967 2368 1076 2402; x_wconf 83' lang='lat' dir='ltr'><strong>sicubi</strong></span> <span class='ocrx_word' id='word_1_471' title='bbox 1120 2370 1173 2408; x_wconf 83' lang='lat' dir='ltr'><strong>fit,</strong></span> <span class='ocrx_word' id='word_1_472' title='bbox 1226 2379 1287 2401; x_wconf 88' lang='lat' dir='ltr'><strong>nec</strong></span> <span class='ocrx_word' id='word_1_473' title='bbox 1333 2369 1595 2410; x_wconf 79' lang='lat' dir='ltr'><strong>interpunctioni</strong></span> 
     </span>
     <span class='ocr_line' id='line_1_96' title="bbox 969 2414 1596 2456; baseline -0.005 -9"><span class='ocrx_word' id='word_1_474' title='bbox 969 2415 1079 2447; x_wconf 88' lang='lat' dir='ltr'><strong>locum</strong></span> <span class='ocrx_word' id='word_1_475' title='bbox 1121 2424 1198 2446; x_wconf 88' lang='lat' dir='ltr'><strong>esse</strong></span> <span class='ocrx_word' id='word_1_476' title='bbox 1235 2414 1331 2447; x_wconf 80' lang='lat' dir='ltr'><strong>facile</strong></span> <span class='ocrx_word' id='word_1_477' title='bbox 1364 2417 1523 2456; x_wconf 80' lang='lat' dir='ltr'><strong>apparet,</strong></span> <span class='ocrx_word' id='word_1_478' title='bbox 1559 2417 1596 2445; x_wconf 91' lang='lat' dir='ltr'><strong>ut</strong></span> 
     </span>
     <span class='ocr_line' id='line_1_97' title="bbox 969 2458 1594 2501; baseline -0.002 -10"><span class='ocrx_word' id='word_1_479' title='bbox 969 2458 1124 2501; x_wconf 78' lang='lat' dir='ltr'><strong>profecto</strong></span> <span class='ocrx_word' id='word_1_480' title='bbox 1147 2459 1205 2491; x_wconf 89' lang='lat' dir='ltr'><strong>hic</strong></span> <span class='ocrx_word' id='word_1_481' title='bbox 1220 2458 1298 2500; x_wconf 83' lang='lat' dir='ltr'><strong>post</strong></span> <span class='ocrx_word' id='word_1_482' title='bbox 1322 2461 1434 2491; x_wconf 79' lang='grc' dir='ltr'>τοίνυν</span> <span class='ocrx_word' id='word_1_483' title='bbox 1459 2458 1594 2500; x_wconf 89' lang='lat' dir='ltr'><strong>ineptis-</strong></span> 
     </span>
     <span class='ocr_line' id='line_1_98' title="bbox 970 2503 1593 2538; baseline -0.003 -3"><span class='ocrx_word' id='word_1_484' title='bbox 970 2505 1054 2536; x_wconf 83' lang='lat' dir='ltr'><strong>sime</strong></span> <span class='ocrx_word' id='word_1_485' title='bbox 1079 2507 1248 2538; x_wconf 85' lang='lat' dir='ltr'><strong>commate</strong></span> <span class='ocrx_word' id='word_1_486' title='bbox 1272 2505 1375 2536; x_wconf 82' lang='lat' dir='ltr'><strong>fuerit</strong></span> <span class='ocrx_word' id='word_1_487' title='bbox 1388 2503 1593 2535; x_wconf 85' lang='lat' dir='ltr'><strong>distinctum.</strong></span> 
     </span>
     <span class='ocr_line' id='line_1_99' title="bbox 970 2547 1594 2591; baseline -0.005 -10"><span class='ocrx_word' id='word_1_488' title='bbox 970 2549 1064 2589; x_wconf 79' lang='lat' dir='ltr'><strong>Apte</strong></span> <span class='ocrx_word' id='word_1_489' title='bbox 1103 2554 1277 2591; x_wconf 86' lang='lat' dir='ltr'><strong>comparat</strong></span> <span class='ocrx_word' id='word_1_490' title='bbox 1317 2550 1460 2581; x_wconf 86' lang='lat' dir='ltr'><strong>Astius</strong></span> <span class='ocrx_word' id='word_1_491' title='bbox 1501 2547 1594 2579; x_wconf 87' lang='lat' dir='ltr'><strong>Libr.</strong></span> 
     </span>
     <span class='ocr_line' id='line_1_100' title="bbox 973 2589 1596 2635; baseline -0.014 -5"><span class='ocrx_word' id='word_1_492' title='bbox 973 2594 1030 2625; x_wconf 83' lang='lat' dir='ltr'><strong>VI·</strong></span> <span class='ocrx_word' id='word_1_493' title='bbox 1058 2604 1090 2635; x_wconf 80' lang='grc' dir='ltr'><strong>Ρ·</strong></span> <span class='ocrx_word' id='word_1_494' title='bbox 1115 2594 1192 2628; x_wconf 82' lang='grc'><strong>773.</strong></span> <span class='ocrx_word' id='word_1_495' title='bbox 1223 2595 1278 2628; x_wconf 83' lang='lat' dir='ltr'><strong>A:</strong></span> <span class='ocrx_word' id='word_1_496' title='bbox 1307 2589 1334 2626; x_wconf 67' lang='grc' dir='ltr'><strong><em>ὦ</em></strong></span> <span class='ocrx_word' id='word_1_497' title='bbox 1357 2596 1423 2624; x_wconf 81' lang='grc' dir='ltr'><strong>παῖ</strong></span> <span class='ocrx_word' id='word_1_498' title='bbox 1444 2592 1596 2623; x_wconf 75' lang='grc' dir='ltr'>τοίνυν</span> 
     </span>
     <span class='ocr_line' id='line_1_101' title="bbox 971 2636 1594 2681; baseline -0.005 -11"><span class='ocrx_word' id='word_1_499' title='bbox 971 2641 1095 2680; x_wconf 79' lang='grc' dir='ltr'>φῶμεν,</span> <span class='ocrx_word' id='word_1_500' title='bbox 1121 2640 1178 2671; x_wconf 89' lang='lat' dir='ltr'><strong>ubi</strong></span> <span class='ocrx_word' id='word_1_501' title='bbox 1203 2641 1285 2673; x_wconf 87' lang='lat' dir='ltr'><strong>item</strong></span> <span class='ocrx_word' id='word_1_502' title='bbox 1303 2648 1406 2681; x_wconf 89' lang='lat' dir='ltr'><strong>prave</strong></span> <span class='ocrx_word' id='word_1_503' title='bbox 1430 2636 1594 2677; x_wconf 83' lang='lat' dir='ltr'><strong>distingu-</strong></span> 
     </span>
    </p>
   </div>
  </div>
 </body>
</html>
