1612 2872
207 120 288 162 DE
325 115 598 160 LEGIBUS
634 115 750 158 LIB.
790 113 873 157 111.
910 114 957 154 P.
993 110 1088 153 695.
1123 113 1188 153 St.

1315 110 1389 150 331

46 240 245 299 3ασιλικῆ
282 239 354 279 καὶ
390 252 468 289 τρι
472 234 596 294 (finias)
635 235 769 277 πάλιν
806 233 1066 280 παιδευθεις
1091 231 1270 283 παιδείᾳ
1291 225 1394 280 Zet»-

46 308 120 359 ξης
155 331 219 339 --
250 298 311 347 Ξ)
348 307 519 359 Δαρεῖε,

566 307 702 346 εἰπεῖν
737 303 826 343 ἐστι
863 298 1149 342 δικαιότατον
1185 296 1310 345 ἴσως,
1347 292 1396 343 ὃς

48 375 98 417 τὸ
142 372 293 428 Κύρου
328 373 465 414 κακὸν
502 368 581 414 οὐκ
619 371 808 424 ἔμαθες,
846 370 1029 424 ἐθρέψω
1068 367 1112 407 δὲ
1149 363 1312 418 Ξέυξην
1349 367 1394 404 ὲν

47 449 141 491 τοῖς
176 439 328 488 αὐτοῖς
364 438 549 491 ἤθεσιν,
593 442 639 479 ὲν
675 434 822 490 οἶςπερ
864 436 1013 490 Κῦρος
1048 430 1296 487 Καμβύσην
1326 454 1396 485 νή-

48 508 71 553 ὁ
119 512 183 551 δε.

234 506 313 550 ἅτε
351 509 439 549 τῶν
484 505 634 547 αὐτῶν
678 504 888 546 παιδειῶν
933 499 1168 556 γενόμενος
1203 501 1396 551 ἔκγονός,

49 575 348 631 παραπλήσια,
397 574 624 616 ἀπετέλεσε
679 580 771 620 τοῖς
820 568 1068 625 Καμβύσου
1130 566 1397 621 παθήμασι·

141 737 187 771 ὃς
213 737 255 770 τὸ
283 735 434 779 Κύρου
462 733 609 780 κακὸν]
637 735 696 768 Sic
721 745 784 778 pro
811 731 852 766 ὃς
877 735 939 767 τοῦ
966 733 1007 766 K.
1037 732 1140 766 codd.
1168 743 1289 766 omnes
1315 742 1399 765 una-

49 786 130 820 nimi
155 785 394 818 consensione.

51 938 120 965 tus
165 930 400 971 disciplina
454 933 539 969 est,
584 928 689 962 Xer-

52 989 140 1016 xes,
166 980 201 1011 is
226 975 373 1019 igitur
397 979 551 1017 utpote
576 975 691 1007 eius-

51 1025 141 1057 dem
185 1022 453 1064 disciplinae
494 1022 692 1053 alumnus

51 1073 168 1112 (atque
185 1068 390 1110 Cambyses)
407 1067 574 1100 similia
600 1077 620 1109 p
634 1076 691 1099 er-

51 1116 250 1159 petravit
299 1119 434 1156 atque
482 1118 693 1155 expertus

50 1162 299 1219 Cambyses
348 1164 454 1193 erat.
520 1159 691 1192 Nimirum

51 1205 70 1240 ό
101 1207 139 1240 δέ
170 1210 252 1250 post
283 1206 506 1250 parenthesin
537 1205 693 1243 infertur,

49 1259 88 1287 ut
129 1253 264 1296 abrupti
316 1251 488 1286 sermonis
527 1255 690 1293 tanquam

48 1302 144 1334 filum
177 1301 289 1333 denuo
325 1301 540 1337 resumatur,
571 1307 692 1339 quem-

49 1346 235 1380 admodum
280 1345 455 1378 Phaedon.
496 1355 529 1387 p.
560 1343 616 1378 80.
650 1345 690 1376 Ι).

50 1402 257 1437 praegresso
284 1388 303 1434 ἡ
330 1390 366 1423 δέ
390 1390 480 1432 ψυχὴ
507 1388 574 1431 ἄρα
593 1389 692 1422 dein-

50 1450 133 1482 ceps
175 1443 257 1480 post
297 1438 489 1479 longiorem
522 1436 691 1469 orationis

51 1484 344 1527 intercapedinem
380 1493 500 1515 rursus
538 1480 624 1524 αὕτη
655 1480 692 1513 δὲ

50 1531 290 1573 interponitur,
317 1533 424 1571 atque
441 1529 564 1561 ibidem
584 1540 615 1571 p.
633 1528 691 1562 88.

54 1578 93 1610 Β.
126 1578 161 1609 in
195 1575 340 1619 apodosi
374 1576 509 1615 potiora
544 1575 693 1617 protasis

50 1624 155 1656 verba
172 1623 349 1658 iterantur,
370 1619 407 1653 δέ
418 1622 581 1662 particula
597 1621 692 1653 adie-

50 1675 117 1702 cta.
165 1668 237 1700 Sed
269 1678 301 1700 v.
336 1667 381 1700 de
406 1666 470 1699 boc
500 1677 564 1699 usu
590 1667 691 1699 Mat-

50 1715 173 1748 thiae
213 1715 277 1746 Gr.
317 1713 347 1755 §.
391 1714 470 1748 616.
512 1713 546 1747 3.
587 1713 692 1745 Her·

50 1770 188 1794 mann.
214 1761 255 1792 ad
279 1759 445 1801 Sophocl.
476 1758 528 1792 El.
554 1769 585 1791 V.
612 1759 690 1793 776.

51 1807 96 1839 ad
137 1807 283 1847 Viger.
317 1816 349 1848 p.
382 1805 462 1841 847.
513 1806 582 1837 lnrn
610 1815 692 1837 vero

52 1851 104 1884 his
139 1851 232 1893 quod
273 1853 534 1891 interponuntur
567 1851 688 1883 verba=

49 1893 86 1930 Ὦ
106 1898 236 1939 Δαρεῖε
258 1915 304 1921 —
329 1897 452 1939 Κῦρος
485 1894 693 1938 Καμβύσην,

54 1944 254 1977 meminisse
294 1944 443 1984 iuvabit,
483 1953 599 1976 senem
633 1952 694 1975 no-

54 1996 159 2022 strum
195 1989 448 2031 disputatorem
481 1989 692 2021 creberrime

53 2035 101 2068 uti
130 2035 195 2068 boc
239 2036 517 2078 prosopopoeiae
552 2044 692 2076 genere,

53 2086 90 2115 ut
127 2086 222 2115 certe
260 2091 327 2114 non
372 2082 493 2114 mirum
545 2081 691 2121 accidat,

53 2128 144 2170 quod
172 2127 225 2160 hic
249 2138 386 2170 quoqne
417 2127 500 2160 illud
525 2126 691 2167 adhibuit,

53 2184 130 2206 cum
161 2174 285 2207 affectu
319 2174 467 2216 quodam
495 2172 690 2205 inchoatum

55 2229 248 2252 sermonem
302 2221 546 2262 interpelians3
600 2220 691 2251 conf.

57 2265 150 2298 Libr.
177 2266 205 2297 Ι.
231 2276 263 2308 p.
295 2266 373 2301 629.
400 2267 438 2298 B.
457 2266 536 2301 637.
556 2265 595 2297 C.
613 2265 692 2300 648.

59 2316 97 2344 Α.
134 2311 213 2346 649.
254 2313 296 2343 Α.
337 2312 429 2344 Libr.
463 2314 502 2346 ll.
539 2312 618 2346 66-2.
653 2313 692 2344 c.

58 2358 152 2390 Libr.
196 2357 252 2391 ΙΙΙ.
302 2358 381 2392 690.
421 2359 461 2391 C.
513 2359 553 2390 D.
603 2369 695 2399 quae

57 2405 211 2436 centenis
247 2403 320 2436 fere
349 2405 425 2436 aliis
457 2405 575 2447 augeri
613 2415 693 2446 pos-

57 2454 147 2481 sunt.
223 2449 399 2483 Haerebat
458 2461 542 2482 vero
595 2451 693 2482 Ste-

58 2497 225 2537 phanus
265 2497 297 2527 in
336 2497 448 2529 verbis
481 2494 696 2528 δικαιόιαιω»

59 2543 158 2579 ἴσως,
189 2538 230 2573 ὃς
260 2539 298 2573 τὸ
335 2541 395 2575 Κ..
435 2553 497 2585 pru
540 2540 580 2574 ἒς
610 2545 695 2575 scri-

58 2588 208 2620 bendum
243 2594 335 2620 ratus
368 2585 424 2621 ais.
474 2590 587 2621 Aliter
617 2599 696 2621 sen-

57 2636 104 2667 sit
136 2635 311 2674 Astins,
338 2636 394 2675 qui
422 2632 462 2666 ὅς
487 2635 598 2667 voluit
636 2646 694 2667 ex-

58 2681 252 2719 terminari,
286 2685 407 2721 utpote
434 2687 550 2714 natum
578 2691 619 2713 ex
648 2682 694 2713 ul-

59 2727 136 2759 tima
171 2727 301 2768 syllaba
334 2728 489 2759 vocabuli
515 2729 597 2759 ἴσως
622 2728 694 2760 ine·

759 933 818 972 pte
844 929 1002 969 repetita.
1053 926 1176 959 Verum
1193 926 1397 958 nihilomni-

760 986 804 1008 no
843 984 990 1007 caussae
1029 978 1100 1015 est,
1139 982 1200 1006 cur
1234 973 1397 1005 librorum

760 1022 942 1054 lectionem
958 1030 1195 1062 aspernemur.
1222 1018 1310 1052 Nam
1338 1030 1399 1050 νυ-

761 1068 895 1101 cativus
933 1076 1000 1099 non
1032 1076 1109 1098 raro
1140 1075 1203 1108 per
1233 1075 1271 1097 se
1305 1066 1402 1097 solus

762 1115 901 1156 ponitur
916 1114 979 1153 sic,
1005 1117 1043 1144 ut
1068 1112 1195 1145 deinde
1211 1111 1289 1143 nihil
1317 1112 1395 1144 sub-

760 1161 912 1200 iiciatur‚
955 1158 1048 1201 quod
1081 1159 1125 1191 ad
1157 1159 1400 1200 compellatio-

759 1217 836 1239 nem
874 1207 1054 1248 pertineat.
1114 1205 1289 1240 Quocirca
1326 1205 1398 1244 ine,

760 1251 824 1285 hoc
856 1252 914 1284 ubi
948 1252 1005 1291 fit,
1038 1261 1104 1284 non
1135 1257 1204 1284 tam
1243 1252 1398 1293 alloquu-

758 1299 906 1337 tionem,
958 1308 1058 1340 quam
1109 1298 1397 1331 exclamationem

759 1345 894 1377 videtur
926 1345 1136 1386 significare,
1177 1343 1324 1386 perinde
1357 1354 1399 1376 ac

758 1392 787 1424 si
812 1391 1020 1424 Germanice
1046 1391 1192 1423 dixerint
1233 1390 1264 1423 Ο
1289 1390 1399 1422 iiber

758 1437 856 1470 dich
906 1437 1093 1478 Darius,
1147 1438 1256 1470 kann
1307 1446 1397 1469 man

758 1483 902 1516 sicher
927 1485 1004 1515 mit
1027 1484 1236 1517 vollstem
1258 1483 1402 1528 Reclit

759 1540 904 1572 sagen,
930 1529 1007 1562 der
1032 1529 1085 1561 du
1114 1529 1193 1562 das
1219 1529 1399 1562 Sclilim-

759 1587 822 1610 me
855 1575 1212 1617 (F'eblerhafte)
1243 1586 1292 1608 an
1325 1576 1399 1620 Cy-

761 1632 834 1654 rus
860 1621 981 1654 nicht
1014 1623 1292 1663 erkanntest,
1318 1621 1400 1654 und

761 1669 843 1701 den
875 1668 1045 1700 Xerxes
1089 1669 1128 1700 in
1160 1669 1400 1702 denselben

760 1714 908 1746 Sitten
939 1713 1171 1747 aufzielten
1206 1717 1401 1754 Nessea,

761 1761 840 1793 wie
865 1761 1005 1804 Cyrus
1031 1760 1112 1793 den
1135 1761 1401 1803 Kambyses!

761 1805 930 1839 Nimirum
963 1807 996 1839 in
1028 1807 1104 1848 ipso
1130 1809 1294 1841 vocativo
1319 1818 1400 1840 con·

761 1853 892 1884 tinetur
917 1853 1014 1884 simul
1035 1855 1207 1886 sententia
1235 1854 1335 1886 baec:
1361 1858 1402 1886 te

761 1898 841 1930 iam
871 1899 1099 1940 alloquor,
1136 1905 1180 1932 te
1207 1901 1403 1942 compel-

762 1944 824 1987 lo;
861 1944 952 1976 unde
978 1955 1019 1977 ea
1044 1949 1140 1978 recte
1164 1946 1402 1988 supprimitur.

761 1989 932 2031 Exempla
976 1990 1122 2022 vocativi
1159 1991 1205 2024 ita
1250 1992 1403 2033 usurpati

761 2036 895 2068 notavit
927 2035 1156 2069 Seidlcrus
1196 2037 1241 2070 ad
1280 2038 1401 2080 Eurip.

763 2080 888 2114 Electr.
923 2082 968 2114 in.
1000 2082 1057 2114 ubi
1089 2084 1179 2116 inter
1211 2084 1277 2117 alia
1303 2094 1401 2117 com—

762 2131 862 2169 parat
897 2128 1024 2161 initium
1053 2130 1256 2164 Alcestidis:
1283 2125 1311 2162 ὦ
1335 2129 1400 2162 δώ-

761 2169 840 2212 ματ’
864 2170 1040 2217 Ἀδμήτει’,
1073 2173 1110 2207 ἐν
1135 2173 1189 2208 οἷς
1214 2177 1311 2219 ἔτλην
1334 2175 1400 2219 ἐγώ

762 2219 904 2261 θῆσσαι
939 2220 1104 2262 τράπεζαν
1134 2222 1280 2262 αἰνέσαι,
1311 2222 1402 2256 θεός

763 2277 824 2307 περ
851 2278 910 2299 ων.
938 2266 1032 2300 Ζευς
1048 2267 1112 2310 γὰρ
1130 2281 1158 2301 κ.
1178 2281 1202 2302 τ.
1224 2271 1250 2302 λ.
1269 2269 1399 2303 Electr.

764 2322 794 2344 v.
822 2313 868 2348 54
888 2325 984 2355 sqq..
1011 2309 1037 2346 ὦ
1063 2313 1127 2355 νὺξ
1149 2315 1296 2356 μέλαινα.
1322 2328 1400 2372 χρυ-

765 2358 853 2390 σέων
883 2358 1019 2400 ἄστρων
1055 2361 1176 2403 τροφέ,
1213 2362 1250 2395 ἐν
1274 2357 1295 2404 ᾖ
1322 2355 1401 2395 τόδ’

765 2402 875 2447 ἄγγος
902 2403 985 2450 τῷδ’
1009 2406 1200 2450 ἐφεδρεῦον
1225 2407 1313 2453 κάρᾳ
1338 2410 1400 2450 φέ-

765 2462 893 2491 ρουσα,
932 2451 1044 2496 πηγᾶς
1083 2457 1248 2495 ποταμίας
1286 2455 1399 2498 μετέρ-

764 2509 873 2539 χομαι.
907 2499 1035 2534 Eodem
1051 2502 1154 2534 modo
1173 2503 1356 2545 Aristop
1369 2504 1399 2535 li.

764 2546 852 2578 Avv
887 2556 917 2578 r.
956 2546 1038 2581 733:
1071 2547 1165 2588 (743
1197 2549 1249 2580 cd.
1279 2549 1400 2584 Dind.)

763 2590 892 2623 Μοῦσα
932 2593 1086 2634 Zoxuatffla
1129 2595 1280 2635 ποικίλη.
1315 2590 1400 2634 μεθ’

763 2629 805 2676 ἦθ’
827 2636 894 2679 ἐγῦὶ
919 2639 1057 2672 νάπαισι
1084 2642 1137 2672 καὶ
1165 2645 1339 2682 κθουφαῖέ
1363 2640 1400 2671 6⁷1¹

762 2678 891 2724 ὀρείαις
919 2685 1004 2718 Πανὶ
1023 2685 1157 2726 νόμους
1173 2685 1291 2728 ιεροιὶς
1317 2683 1397 2718 ἅνα-

763 2731 885 2767 φαίνω.
928 2732 958 2765 h.
1001 2744 1030 2765 e.
1079 2733 1199 2766 Musa
1251 2734 1399 2774 sylve-
