1612 2872
464 69 550 112 DE
581 67 860 112 LEGIBUS
889 73 972 110 etc.
1238 63 1404 108 XLIII

47 184 236 227 dubitari
274 189 435 240 potest,
477 183 696 226 Isocrates
735 183 841 238 quin
871 180 1048 236 oblique
1078 179 1276 236 tetigerit
1305 178 1405 220 Pla-

45 242 161 284 tonis
203 256 361 297 opera,
404 241 458 284 de
498 241 656 296 quibus
695 239 826 282 modo
866 238 1129 281 mentionem
1158 236 1403 279 iniecimus.

0 327 1 331 =
45 298 172 353 Quae
193 298 229 341 si
258 298 319 340 ita
349 314 437 340 non
461 304 623 341 temere
655 303 923 350 statuuntur,
961 302 1028 338 est
1049 309 1152 337 sane
1182 293 1266 336 hoc
1287 308 1404 349 quo-

46 370 132 411 que
169 356 465 398 testimonium
505 371 584 412 pro
623 354 710 397 fide
741 361 785 396 et
812 353 1003 412 genuina
1031 352 1199 408 origine
1231 351 1405 408 Legum

43 411 242 455 Platonis
287 412 418 470 longe
459 412 775 470 gravissimum.
853 412 1004 466 Atque
1054 417 1120 452 est
1165 408 1235 451 hic
1278 408 1403 450 locus

45 470 254 513 Isocratis
295 470 425 512 etiam
462 470 546 511 alio
575 469 749 511 nomine
779 467 1096 521 memorabilis,
1130 464 1405 521 quandoqui-

45 527 143 569 dem
184 534 356 582 tempus
392 527 565 568 Leoeum
605 525 752 568 natale
782 524 884 567 inde
923 525 1087 566 certius
1126 523 1298 565 definiri
1326 538 1407 580 po-

44 590 147 626 test.
223 584 340 625 Nam
386 583 423 626 si
462 562 690 626 'isocrates
740 581 996 625 Orationem
1043 580 1100 622 ad
1154 580 1406 636 Philippum

44 656 159 683 anno
192 642 288 685 346.
318 655 356 682 a.
387 639 492 682 Chr.
521 655 562 684 n.
586 647 663 682 aut
722 639 836 682 aullo
866 645 968 696 post
988 638 1143 680 litteris
1174 638 1408 694 consigna-

44 696 123 752 vit,
153 698 351 754 profecto
381 712 564 740 necesse
594 703 662 740 est
735 712 840 752 eges
870 697 956 739 iam
985 702 1080 737 tum
1107 697 1153 737 in
1182 695 1403 751 pub-licam

43 756 184 798 lucem
214 754 469 810 prodierint.
501 782 504 783 ν
531 754 621 799 Sed
652 753 706 797 de
736 754 805 797 his
832 754 962 797 rebus
994 768 1095 795 mox
1115 752 1406 808 explicabitur

44 813 304 855 accuratius.
374 812 506 855 Nunc
546 812 795 868 perrexisse
835 810 1005 853 iuvabit
1043 809 1099 852 ad
1137 810 1261 863 alios,
1293 824 1403 864 quo-

45 885 140 912 rum
171 870 430 912 testimoniis
459 869 569 912 fides
600 876 645 911 et
674 869 909 912 auctoritas
930 869 1103 925 Legum
1133 872 1405 910 sustentatur

46 933 177 982 atque
209 926 438 970 stabilitur.
471 951 517 958 —
579 927 640 969 Et
677 927 722 968 in
753 925 907 969 horum
937 925 1113 982 quidem
1161 938 1405 977 numerum,

44 991 287 1041 temporum
317 983 515 1026 ordinem
544 985 620 1027 ubi
650 984 887 1039 sequimur,
918 989 1017 1024 ante
1041 997 1191 1024 omnes
1215 982 1406 1024 reteren-

45 1040 129 1084 dus
181 1047 248 1084 est
297 1041 496 1084 Alexis
546 1040 828 1084 Comicus.
910 1039 1076 1082 Extant
1120 1040 1235 1082 enim
1285 1038 1407 1094 apud

45 1098 395 1140 Athenaeum
427 1115 470 1154 p.
502 1100 599 1140 226.
628 1100 683 1140 A.
704 1098 842 1140 huius·
866 1104 1023 1153 poetae
1048 1111 1198 1139 versus
1230 1097 1405 1153 elegan-

44 1155 226 1209 tissimi,
265 1155 424 1210 quibus
455 1156 684 1198 manifesto
714 1156 784 1197 lex
813 1154 889 1198 illa
918 1153 1403 1210 Platonisperstringi·

44 1219 132 1265 tur,
162 1227 274 1267 quae
307 1213 441 1255 Libro
461 1213 548 1255 XI.
578 1229 620 1270 p.
653 1214 749 1256 917.
771 1211 821 1256 C.
857 1213 1116 1268 consignata
1146 1218 1227 1254 est.
1288 1210 1404 1255 Sunt

46 1276 191 1311 autem
221 1285 372 1312 versus
402 1269 470 1312 hi:
537 1271 599 1312 (Ιύ
629 1274 785 1324 γέγονε
809 1275 1016 1325 κρείττων
1037 1271 1297 1324 νομοθέτης
1326 1270 1408 1311 τοῦ

45 1329 259 1370 πλουσίου
285 1330 293 1381 Ι
316 1326 631 1381 Ἀριστονίκου·
659 1330 822 1380 τίθησι
840 1325 924 1383 γὰρ
954 1331 1053 1370 νυνὶ
1075 1324 1241 1381 νόμον,
1268 1326 1275 1382 Ι
1310 1327 1408 1369 Ίάἶν

46 1386 345 1451 ἰχθυοπωλῶν
373 1383 491 1434 ὅςτις
519 1382 575 1427 ἂν
605 1384 763 1427 πωλῶν
794 1387 879 1427 τινὶ
909 1385 915 1440 Ι
940 1384 1096 1441 Ἰχθυν
1125 1382 1407 1437 ὑποτιμήσας

45 1441 231 1484 αποδῶτ’
273 1441 512 1492 ἐλάττονος
543 1442 551 1498 Ι
587 1436 675 1492 τ[Ις
715 1441 807 1486 εἶπε
846 1443 1000 1497 τιμῆς,
1049 1446 1112 1491 εἰς
1150 1438 1201 1484 τὸ
1243 1442 1407 1495 δεσμω·

45 1496 200 1554 τήριον
235 1499 242 1555 Ι
289 1496 444 1549 Εὐθὺς
478 1497 740 1555 ἀπάγεσθαι
779 1501 967 1554 τοῦτον,
998 1504 1071 1541 ἵνα
1100 1496 1383 1553 ὃεδοικότεςΙ

53 1557 142 1608 Τῆς
169 1554 296 1609 ἀξίας
324 1555 569 1613 ἀγαπῶσιν,
601 1553 628 1610 ἢ
659 1559 736 1610 τῆς
764 1560 951 1610 ἑσπέρας
977 1557 982 1612 Ι
1019 1553 1240 1610 Σαπφοῦς
1271 1554 1407 1598 ἅπαν-

45 1629 126 1670 τας
161 1612 474 1667 ἀποφέρουσι-ν
508 1616 670 1660 οἴκαδε.
739 1614 790 1656 In
831 1614 991 1670 quibus
1023 1629 1155 1670 quum
1196 1611 1406 1656 Comicus

47 1677 194 1726 aperte
250 1671 491 1713 Aristonici
544 1673 721 1714 nomine
785 1672 1015 1714 Platonem
1072 1671 1402 1728 significaverit,

46 1728 287 1770 certissime
328 1728 430 1771 inde
475 1729 711 1786 colligitur,
771 1729 916 1787 Leges
945 1729 1144 1772 Platonis
1174 1729 1304 1770 etiam
1331 1743 1404 1770 ae-

45 1790 135 1827 tate
166 1785 407 1827 Alexandri
444 1786 621 1843 Magni,
664 1802 752 1842 qua
783 1787 936 1829 Alexis
965 1786 1127 1842 floruit,
1157 1785 1292 1843 vulgo
1322 1800 1403 1841 pro

48 1855 253 1898 germano
291 1842 488 1885 Platonis
526 1859 658 1899 opere
697 1845 903 1900 probatas
946 1844 1095 1886 fuisse.
1163 1843 1256 1884 Iam
1298 1858 1403 1885 vero

47 1897 123 1939 ubi
162 1898 466 1955 progredimur
503 1900 560 1941 ad
597 1902 839 1957 posteriora
881 1908 1099 1957 tempora,
1150 1900 1272 1942 nulla
1311 1900 1403 1941 fere

47 1963 168 1997 aetas
198 1955 426 2012 reperit-ur,
458 1971 544 2010 qua
572 1973 660 1999 non
678 1957 1024 2000 luculentissima
1055 1963 1206 1999 extent
1222 1956 1402 2010 indicia,

47 2011 162 2054 unde
200 2013 271 2054 vel
309 2013 594 2069 probabiliter
633 2015 845 2070 suspicari
883 2015 953 2056 vel
994 2021 1114 2057 certo
1153 2014 1403 2070 perspicere

46 2069 197 2122 liceat,
236 2070 372 2112 fuisse
410 2070 520 2113 hanc
559 2086 730 2128 semper
767 2087 1038 2114 communem
1079 2072 1267 2114 virorum
1304 2086 1403 2113 eru·

49 2125 358 2169 ditissimorum
387 2128 661 2170 sententiam.
722 2129 836 2171 Nam
865 2129 1194 2186 Theophrastus
1227 2128 1404 2183 quidem

47 2182 220 2225 videtur
254 2185 454 2226 similiter
493 2192 625 2240 atque
670 2186 932 2229 Aristoteles
971 2187 1188 2243 epitomen
1231 2187 1401 2243 Legum

46 2239 371 2283 Platonicarum
422 2243 780 2299 concinnavisse,
847 2243 921 2299 qui
978 2251 1089 2287 teste
1143 2243 1402 2300 Diogene

49 2297 280 2340 Laertio
325 2298 471 2349 νόμων
504 2300 617 2342 κατὰ
660 2309 874 2357 στοιχεῖον
914 2301 1049 2344 libros
1089 2301 1246 2358 viginti
1276 2301 1401 2343 item-

50 2369 135 2404 que
175 2354 262 2397 duo
295 2355 430 2399 libros
471 2361 568 2412 περὶ
609 2359 762 2400 νόμων
793 2363 838 2400 et
867 2362 961 2410 περὶ
994 2358 1267 2410 παρανόμων
1297 2374 1402 2400 con-

49 2411 164 2464 fecit,
206 2426 465 2468 quamquam
502 2430 599 2456 eum
630 2416 674 2457 in
704 2415 772 2458 his
802 2416 1013 2472 operibus·
1036 2416 1235 2459 Platonis
1267 2416 1405 2471 copiis

52 2474 175 2510 slsum
215 2484 310 2511 esse
346 2486 434 2513 non
475 2478 541 2514 est
570 2474 800 2515 memoriae
831 2473 1065 2530 proditum.
1125 2474 1262 2515 Porro
1297 2473 1400 2514 Per=

49 2539 192 2579 saeus,
223 2525 467 2583 Cittiensis,
496 2529 685 2572 Zenonis
718 2529 861 2573 Stoici·
886 2538 1151 2584 assectator,
1186 2530 1402 2587 Antigoni

51 2582 166 2639 regis
197 2583 294 2639 (qui
317 2599 354 2626 a.
387 2587 483 2629 315.
514 2611 571 2618 —
600 2589 695 2630 301.
719 2603 757 2630 a.
790 2586 892 2633 Chr.
921 2605 964 2630 n.
989 2588 1158 2643 floruit)
1188 2588 1398 2642 aequalis,

51 2637 214 2694 dequo
242 2657 282 2683 v.
311 2641 545 2700 Diogen.
578 2644 761 2686 Laert.
794 2645 856 2687 11.
887 2647 926 2688 6.
967 2645 1195 2689 Gellius
1244 2645 1397 2686 Noctt..
