1612 2872
246 107 412 155 ,XCVI
683 105 1154 150 PROIAEGOMENA

262 226 382 275 optat
409 217 655 264 identidem..
686 223 734 257 ut
764 231 872 269 quae
904 217 1087 272 optimae
1117 219 1374 273 reipublicae
1405 221 1597 275 propria-

263 281 387 328 sunt,
428 289 478 315 ea
515 274 559 314 in
597 273 727 312 vitam
768 272 986 319 hominum
1023 273 1293 316 introducere
1321 276 1578 331 publiceque

263 332 428 372 sancire
466 329 592 370 liceat
631 333 780 382 utpote
801 327 928 384 longe
951 329 1111 384 optima
1133 345 1182 371 ac
1201 331 1578 384 praestantissima.

262 386 398 428 Cuius
427 384 488 426 rei
518 383 772 425 documenta
800 391 900 436 sunt
930 384 1050 428 Libr.
1079 386 1134 427 V.
1165 400 1208 440 p.
1242 388 1334 428 739.
1366 387 1416 429 B.
1449 387 1499 428 C.
1521 387 1577 430 D.

262 443 366 484 VII.
396 456 437 495 p.
469 440 562 480 807.
604 439 655 481 Β.
687 438 770 482 ΙΧ.
812 455 853 495 p.
883 441 978 482 875.
1022 442 1077 482 A.
1108 441 1160 482 B.
1195 440 1244 483 C.
1313 441 1444 495 Quod
1484 444 1579 497 quis

262 504 327 539 est
356 497 428 550 qui
456 495 537 537 sibi
566 494 825 549 persuadeat
854 509 950 537 eum
982 496 1043 537 ita
1070 497 1203 539 fuisse
1233 497 1467 551 facturum,
1497 499 1581 540 nisi

260 553 437 594 firmiter
466 551 675 592 tenuisset
703 565 811 605 quae
842 558 968 593 antea
996 553 1253 608 probaverat
1271 568 1322 595 ac
1344 553 1580 596 statuerat?

262 607 431 650 Deinde
468 607 512 648 in
547 606 743 662 Legibus
784 608 970 649 civitatis
1018 609 1212 650 instituta
1262 610 1365 651 fecit
1415 624 1486 663 ea,
1533 615 1582 651 ut

261 663 454 718 quamvis
482 678 507 704 a
546 663 775 717 superioris
815 664 999 720 civitatis
1039 665 1276 706 rationibus
1317 666 1582 719 aliquantum

262 721 530 774 discrepent,
570 724 712 760 tamen
741 718 807 761 his
836 719 938 761 item
970 734 1096 774 quam
1134 720 1581 763 simillima-maxime-

262 791 344 831 que
374 781 560 830 cognata
587 775 908 830 permanserint.
958 775 1169 817 Nimirum
1199 777 1401 831 optimam
1431 777 1582 819 civita-

261 839 347 874 tem
384 831 611 872 humanam
639 830 886 884 judicavit,
932 837 1138 885 quantum
1174 831 1269 873 fieri
1306 838 1477 887 posset,
1527 831 1583 874 ad

261 887 447 942 optimae
489 893 532 928 et
570 886 906 942 perfectissimae
948 888 1207 943 reipublicae
1239 888 1425 944 speciem
1455 903 1582 943 quam

262 943 590 999 diligentissime
633 948 920 997 comparatam
971 958 1063 985 esse
1102 951 1321 998 oportere,
1370 943 1416 984 id
1465 943 1581 998 quod

261 1000 417 1042 statuit
447 999 573 1039 etiam
603 997 772 1039 Politic.
801 1013 844 1052 p.
875 1001 968 1041 297.
1001 999 1163 1041 B.—E.
1194 998 1321 1042 Conf.
1353 1001 1494 1056 Legg.
1524 999 1580 1040 V.

261 1071 302 1111 p.
336 1057 415 1097 739
445 1055 494 1097 Ε,
522 1053 627 1095 VII.
658 1069 699 1108 p.
731 1055 825 1095 807.
855 1053 905 1095 Β.
936 1054 1020 1095 ΙΧ.
1062 1071 1102 1110 p.
1141 1057 1234 1099 875.
1273 1056 1315 1097 A
1337 1054 1439 1097 -Ο,
1512 1054 1582 1096 Ex

261 1111 419 1166 quibus
449 1116 643 1165 apertum
673 1116 753 1162 est,
786 1125 882 1151 eum
911 1109 954 1151 in
982 1111 1175 1166 Legibus
1207 1111 1385 1153 cessisse
1414 1117 1580 1152 tantum

260 1168 376 1209 vitae
408 1166 616 1208 humanae
634 1198 646 1219 ,
678 1165 815 1220 qualis
846 1166 976 1222 vulgo
1005 1181 1082 1222 per
1111 1173 1289 1208 naturae
1318 1167 1454 1223 legem
1486 1181 1580 1208 esse

261 1224 386 1285 solet,
416 1221 677 1274 necessitati,
694 1236 833 1275 neque
853 1237 955 1263 vero
986 1222 1186 1264 reiecisse
1210 1229 1284 1263 aut
1303 1222 1580 1278 improbasse,

262 1294 370 1335 quae
411 1278 464 1320 de
502 1293 664 1320 summa
709 1292 850 1318 rerum
896 1278 1084 1319 civilium
1134 1278 1401 1321 absolutione
1452 1284 1581 1332 atque

260 1335 523 1392 praestantia
569 1334 612 1374 in
659 1333 816 1375 Politia
867 1333 1152 1376 disseruisset.
1229 1333 1354 1387 Quae
1407 1333 1581 1388 quidem

261 1391 404 1434 omnia
441 1391 477 1432 si
516 1404 614 1430 vere
657 1388 879 1444 disputata
917 1397 1040 1443 sunt,
1090 1396 1241 1445 sponte
1291 1390 1580 1444 consequitur,

261 1447 438 1489 mirifice
478 1445 638 1487 iudicio
680 1459 757 1487 suo
798 1445 941 1488 falsos‘
970 1461 1089 1498 esse,
1140 1446 1212 1500 qui
1252 1461 1304 1487 ex
1342 1442 1416 1499 eo,
1466 1444 1582 1500 quod

263 1504 405 1560 Leges
435 1502 569 1544 multa
599 1502 844 1554 continent,
886 1516 996 1556 quae
1032 1502 1077 1542 in
1106 1501 1262 1543 Politia
1297 1516 1381 1543 non
1422 1501 1580 1555 reperi-

262 1566 392 1602 untur
423 1567 498 1600 aut
525 1558 647 1598 aliter
685 1558 919 1599 constituta
956 1563 1076 1611 sunt,
1117 1564 1321 1613 protenus
1363 1557 1581 1598 concluse-

261 1622 376 1668 runt,
409 1629 502 1656 esse
532 1613 613 1655 hoc
640 1628 748 1669 opus
772 1629 857 1654 non
878 1629 903 1654 a
926 1614 1102 1655 Platone
1121 1614 1373 1669 profectum.
1414 1613 1580 1667 Nempe

260 1673 304 1713 in
338 1671 519 1713 maxima
546 1670 641 1722 illa,
682 1684 791 1723 quae
819 1670 931 1710 inter
959 1669 1158 1710 Politiam
1198 1675 1241 1710 et
1269 1669 1412 1724 Leges
1449 1669 1580 1710 inter-

262 1727 402 1780 cedit,
449 1724 795 1768 dissimilitudine
824 1732 967 1766 tamen
994 1725 1098 1767 item
1128 1724 1477 1766 animadvertitur
1507 1723 1580 1765 ad-

263 1782 466 1825 mirabilis
525 1780 734 1835 quaedam
796 1780 1018 1835 utriusque
1074 1781 1215 1835 operis
1271 1780 1580 1821 convenientia.

262 1839 375 1881 Nam
404 1844 632 1892 utrumque
663 1842 777 1878 certe
806 1836 860 1885 ad
892 1851 1055 1878 summa
1097 1851 1289 1890 quaeque
1321 1842 1489 1891 spectat
1518 1840 1580 1876 at-

265 1910 348 1949 que
385 1895 590 1946 refertur,
640 1892 987 1947 quandoquidem
1027 1893 1200 1933 alterum
1251 1892 1389 1947 ipsam
1441 1891 1580 1932 ideam

263 1951 478 2006 perfectae
520 1949 726 2002 civitatis,
766 1946 899 1990 'cuius
938 1963 1058 1990 mens
1097 1948 1280 1989 humana
1326 1962 1462 2002 capax
1499 1953 1578 1999 est,

264 2013 363 2049 ante
393 2006 541 2048 oculos
572 2005 718 2060 ponit,
752 2005 932 2046 alterum
963 2004 1085 2046 ideae
1115 2004 1228 2045 illius
1259 2003 1381 2058 quasi
1410 2002 1581 2044 simula-

264 2078 382 2105 crum
413 2060 629 2117 quoddam
663 2060 707 2102 in
737 2061 825 2102 vita
854 2061 1038 2102 humana
1066 2060 1341 2113 conspicuum
1375 2057 1578 2110 ostendit,

263 2119 376 2160 unde
406 2117 690 2173 intelligatur,
736 2116 840 2170 quid
877 2117 987 2158 ratio
1027 2116 1071 2157 in
1109 2115 1197 2156 vita
1225 2114 1407 2155 humana
1435 2128 1580 2155 revera

263 2175 422 2230 possit3
461 2179 503 2215 et
543 2187 800 2227 quamquam
830 2172 997 2228 Legum
1026 2171 1133 2212 ratio
1161 2170 1273 2211 vitae
1302 2170 1439 2225 ipsius
1468 2169 1578 2211 veri-

264 2231 344 2272 tati
372 2229 653 2282 humanisque
685 2227 907 2270 desideriis
937 2243 986 2269 ac
1004 2226 1330 2281 necessitatibus
1361 2225 1579 2280 aliquanto

264 2292 330 2328 est
359 2284 740 2338 accommodatior,
780 2290 920 2326 tamen
956 2283 1026 2325 hic
1055 2297 1224 2337 quoque
1254 2288 1458 2336 quantum
1487 2280 1580 2322 fieri

263 2347 421 2398 potest,
452 2347 759 2383 conservantur
787 2339 996 2396 principia
1023 2339 1097 2379 illa
1129 2345 1256 2392 atque
1287 2337 1579 2389 fundamenta,
1611 2370 1612 2375 ,

295 2398 420 2439 uibus
459 2396 847 2452 praestantissimae
877 2395 1059 2437 civitatis
1099 2393 1340 2435 aedificium
1375 2393 1579 2434 innititur.

310 2454 505 2505 uocirca,
548 2451 583 2492 si
611 2467 759 2494 verum
789 2452 1044 2506 quaerimus,
1076 2464 1184 2504 quae
1212 2450 1255 2490 in
1285 2449 1478 2505 Legibus
1505 2463 1579 2488 ex·
1607 2480 1612 2508 ᾇ

264 2515 510 2565 ponuntur,
548 2522 598 2548 ea
634 2508 881 2562 neutiquam
920 2521 1014 2549 cum
1060 2505 1338 2561 Reipublicae
1397 2503 1579 2546 decretis
1607 2503 1612 2561 ξ

266 2572 394 2620 atque
434 2564 571 2607 effatis
601 2578 807 2619 pugnare,
838 2562 915 2605 sed
946 2561 1089 2618 potius
1120 2577 1214 2602 cum
1245 2562 1297 2601 iis
1328 2557 1611 2602 amicissime}

266 2621 510 2676 conspirare
540 2618 815 2660 existimanda
849 2625 961 2660 sunt.
1603 2619 1612 2666 3v

516 2692 526 2704 a
1605 2674 1612 2707 2¹

1609 2707 1612 2737 Ι
