1612 2872
239 107 414 148 CXLII
668 105 1139 163 PRQLEGOMENA

239 216 388 258 darum
439 220 502 259 sic
542 216 876 268 admoneantur,
926 222 975 257 ut
1012 216 1138 258 simul
1183 231 1291 270 quae
1332 217 1569 272 petulantes

237 287 288 314 ac
345 278 567 327 protervos
616 272 760 326 legum
809 277 1095 313 contemtores
1141 278 1340 314 maneant
1385 287 1567 328 poenae,

237 327 515 383 comperiant.
595 327 750 380 Itaque
787 326 946 368 civium
983 341 1156 381 quoque
1193 327 1359 370 iustitia
1395 329 1571 384 ponitur

237 384 282 424 in
320 385 392 439 pia
463 383 647 437 quadam
693 381 836 445 legum
892 383 1134 424 reverentia
1182 389 1224 424 et
1281 384 1568 437 observantia,

239 454 349 493 quae
389 439 445 480 sit
487 453 582 479 cum
610 452 880 493 propriarum
909 437 1151 479 lubidinum
1183 438 1476 481 moderatione
1506 446 1570 481 at-

239 509 324 548 que
364 493 578 548 sapientia
620 494 882 535 consociata.
947 493 1031 536 Cui
1061 495 1294 548 opponitur
1323 494 1467 536 divina
1506 495 1570 537 iu-

239 549 358 591 stitia
387 556 607 603 tamquam
639 549 894 590 iniustorum
916 549 1152 591 facinorum
1184 550 1314 592 ultrix
1343 557 1385 591 et
1413 549 1571 592 vindex

238 604 533 658 severissima,
565 611 615 648 ut
645 619 698 646 ne
730 603 783 646 de
813 605 894 646 hac
925 604 1098 659 quidem
1137 606 1370 661 quidquam
1401 606 1570 648 dubita-

238 660 369 702 tionis
408 661 689 714 relinquatur.
757 662 904 715 Atque
942 661 1023 702 his,
1049 659 1262 703 addantur
1300 662 1430 703 etiam
1461 677 1570 716 quae

239 716 379 772 Legg.
410 716 490 757 VI.
522 731 563 770 p.
595 718 692 760 757.
722 717 774 758 B.
807 715 873 769 C.,
903 716 1000 758 loco
1030 716 1200 771 illustri,
1231 718 1455 772 leguntur,
1497 717 1570 759 ubi

238 772 404 813 iustitia
431 771 476 812 in
507 786 557 814 eo
589 773 786 827 ponitur,
825 778 875 813 ut
902 787 1027 814 suum
1058 772 1214 826 cuique
1247 773 1464 815 tribuatur
1492 787 1570 828 pro

240 827 479 884 dignitate,
520 827 649 869 sicuti
686 829 737 870 fit
767 828 895 869 etiam
925 826 1060 883 Gorg.
1091 843 1131 882 p.
1164 830 1258 870 508.
1291 828 1340 870 C.
1373 834 1416 870 et
1444 827 1570 892 Reip.

240 883 276 925 1.
317 883 370 924 al.
431 881 771 925 Considerantes
810 898 911 925 vero
952 883 1057 924 haec
1098 885 1240 925 omnia
1278 890 1321 925 et
1362 884 1486 938 quasi
1526 899 1570 933 m

239 953 371 980 unum
410 938 663 994 colligentes
703 945 819 981 certe
859 938 976 980 nullo
1020 939 1148 980 modo
1187 940 1382 981 dubitare
1413 939 1571 994 poteri-

242 1009 352 1047 mus,
391 994 496 1047 quin
534 995 700 1037 iustitia
728 995 773 1036 in
803 994 997 1050 Legibus
1035 995 1300 1059 intelligatur
1328 996 1500 1050 sapiens
1528 1001 1572 1036 et

241 1065 338 1092 cum
375 1051 659 1105 temperantia
697 1050 928 1093 coniuncta
974 1058 1214 1092 reverentia
1252 1057 1382 1105 atque
1424 1051 1570 1092 obser-

240 1106 388 1147 vantia
425 1105 568 1162 legum
616 1107 908 1161 publicarum,
959 1120 1046 1160 qua
1090 1105 1162 1159 fit,
1210 1112 1259 1147 ut
1291 1107 1343 1148 iis
1380 1106 1571 1148 debitum

241 1167 485 1217 praestetur
514 1162 784 1217 obsequium,
824 1168 954 1216 atque
992 1176 1163 1215 omnes,
1205 1162 1279 1217 qui
1309 1162 1571 1218 reipublicae

243 1217 547 1260 communitate
577 1218 878 1270 continentur,
910 1223 998 1258 tam
1030 1232 1099 1259 ma
1130 1218 1320 1271 istratus,
1353 1233 1481 1272 quam
1511 1217 1571 1260 ci-

242 1287 333 1326 ves,
365 1273 446 1314 rite
475 1274 566 1315 suis
594 1274 829 1330 fungantur
858 1273 1028 1315 officiis.
1088 1234 1212 1326 {uae
1244 1273 1417 1328 quidem
1443 1273 1571 1316 iusti-

242 1329 329 1370 tiae
367 1328 559 1371 definitio
599 1330 679 1371 etsi
718 1330 855 1384 primo
893 1328 1104 1383 adspectu
1146 1345 1172 1371 a
1200 1329 1477 1384 Reipublicae
1503 1344 1569 1371 ra-

241 1385 358 1426 tione
389 1384 616 1440 plurimum
654 1385 898 1440 discrepare
938 1384 1132 1439 videtur,
1174 1391 1316 1427 tamen
1346 1385 1572 1427 maximam

243 1441 435 1496 profecto
473 1441 604 1482 refert
640 1456 735 1483 cum
772 1442 847 1483 illa
883 1440 1230 1494 similitudinem,
1261 1440 1388 1483 modo
1426 1440 1571 1482 memi-
1605 1482 1610 1487 ,

243 1497 453 1550 nerimms,
498 1497 624 1538 etiam
662 1496 775 1539 hanc
810 1502 975 1552 partem
1005 1495 1225 1539 doctrinae
1257 1496 1310 1538 de
1342 1496 1571 1538 virtutibus

241 1566 436 1608 prorsus*
459 1552 824 1605 accommodatam
870 1567 965 1595 esse
1013 1552 1204 1608 Legum·
1231 1558 1483 1608 argumento
1510 1557 1572 1593 ‚et

242 1608 438 1650 consilio.
508 1607 681 1650 Etenim
718 1608 884 1650 iustitia
913 1623 1043 1662 quum
1073 1608 1245 1650 omnino
1275 1609 1320 1649 in
1351 1616 1400 1650 eo
1432 1607 1571 1650 consi*-

242 1669 354 1717 stat,
383 1669 433 1704 ut
463 1664 671 1718 quisque,
702 1664 844 1706 missis
875 1664 1040 1717 alienis,
1071 1664 1203 1705 saciat
1233 1663 1349 1717 quod
1379 1663 1446 1705 sui
1479 1678 1571 1704 mu-

242 1719 357 1760 neris
398 1724 488 1771 est,
526 1719 658 1774 idque
701 1719 745 1761 in
783 1719 1023 1773 Republica
1051 1719 1105 1760 ad
1137 1719 1265 1760 animi
1295 1719 1408 1760 vires
1439 1724 1482 1760 et
1511 1718 1571 1760 ci-

191 1790 193 1792 ·
241 1775 357 1816 vium
395 1774 568 1818 ordines
598 1776 907 1828 transferatur,
948 1775 1022 1828 qui
1051 1775 1228 1816 rationis
1258 1774 1436 1830 imperio
1468 1789 1570 1816 con-

241 1833 462 1872 venienter
491 1845 571 1873 sua
599 1831 746 1873 munia
775 1831 895 1873 obire
925 1830 1134 1881 debeant3
1166 1836 1257 1872 tum
1286 1831 1328 1872 in
1358 1830 1570 1886 Legibus,

241 1901 501 1941 quamquam
536 1887 748 1928 omittitur
797 1885 996 1928 subtilior
1036 1886 1110 1927 illa
1149 1886 1203 1927 de
1241 1886 1404 1928 viribus
1442 1885 1572 1927 animi

241 1942 502 1997 disputatio,
533 1948 678 1984 tamen
707 1943 985 1998 magistratus
1016 1950 1144 1996 atque
1175 1942 1291 1984 cives
1321 1947 1436 1987 certe
1465 1937 1571 1982 nihil

240 2010 467 2040 monentur
509 1997 651 2052 aliud,
694 1998 842 2041 habita
883 1997 1056 2052 quidem
1094 1997 1428 2052 reipublicae-et
1456 2011 1571 2040 com-

195 2102 197 2105 ,
240 2054 382 2096 munis
424 2054 645 2097 societatis
684 2055 865 2096 ratione.
932 2052 1046 2095 Nam
1075 2053 1263 2114 exigitur
1293 2053 1346 2100 ab
1384 2053 1438 2093 iis
1470 2052 1568 2105 hoc,

239 2116 290 2151 ut
318 2110 515 2164 utrique,
546 2110 688 2153 missis
718 2110 862 2166 pravis
892 2108 1228 2164 cupiditatibus,
1261 2123 1339 2151 sua
1366 2108 1571 2163 impleant

221 2165 398 2218 officia,
431 2165 562 2220 idq'ue
590 2166 750 2208 faciant
777 2165 945 2222 legibus
976 2163 1167 2207 colendis
1200 2170 1243 2205 et
1273 2163 1568 2217 observandis,

239 2221 431 2263 iustitiae
473 2221 644 2264 divinae
672 2235 894 2264 memores.
953 2219 1083 2273 Quod
1102 2219 1217 2274 ‘quid
1249 2219 1423 2262 tandem
1453 2218 1570 2261 aliud

240 2283 307 2319 est
339 2291 466 2331 quam
485 2277 592 2319 illud
620 2278 761 2332 ipsum
791 2277 844 2319 τά
863 2277 1020 2318 ἑαυτοῦ
1039 2277 1259 2330 πράττειν,
1290 2276 1351 2318 ita
1380 2274 1568 2330 quidem,

218 2338 290 2374 .ut
327 2338 534 2389 pareatur
575 2333 756 2385 rationi,
807 2332 928 2375 cuius
977 2337 1121 2386 partes
1167 2331 1338 2386 legibus
1380 2330 1569 2386 publicis

239 2387 520 2430 demandatae
563 2388 691 2430 sunt?
749 2388 903 2443 Itaque
940 2387 1122 2451 arctius⁸
1145 2386 1411 2441 quidem-in·
1440 2385 1569 2442 Legi—

239 2443 322 2485 bus
362 2444 551 2486 iustitiae
600 2445 719 2486 notio
769 2450 835 2486 est
881 2443 1202 2498 circumscripta
1249 2449 1293 2484 et
1339 2441 1394 2482 ad
1441 2455 1568 2482 unam
1611 2485 1612 2495 ἶ

241 2499 423 2541 maxime
453 2499 598 2556 legum
631 2500 964 2546 observantiam.
983 2497 1273 2556 tuendamque
1303 2511 1568 2539 communem

241 2555 490 2606 societatem
521 2555 815 2608 revocatarid
845 2553 970 2610 quod.
983 2553 1110 2610 plane
1141 2559 1208 2594 est
1233 2555 1568 2607 consentaneum

241 2611 380 2652 civi-lis
430 2626 479 2653 ac
527 2611 746 2666 popular-is
796 2609 966 2653 virtutis
1018 2608 1276 2660 rationibus3
1323 2608 1567 2661 neutiquam

1607 2543 1612 2585 l

1606 2594 1612 2699 {j

1600 2787 1612 2872 ,l
