1612 2872
483 71 566 114 DE
597 68 872 115 LEGIBUS
897 78 978 114 etc.
1184 69 1397 113 LXXXI

53 194 98 231 et
127 186 429 244 magnanime,
467 185 708 242 eodemque
750 186 865 228 iusto
904 190 950 226 et
987 190 1240 240 temperato.
1308 182 1397 225 Ite-

56 244 174 301 ravit⁸
205 245 317 286 enim
361 243 458 297 hic,
501 258 614 299 quae
651 243 737 286 iam
779 241 881 285 olim
914 242 960 283 in
995 239 1237 298 Republica
1266 245 1399 296 atque

54 301 242 345 Politico
282 301 327 343 in
368 300 517 343 eadem
556 302 710 343 caussa
754 298 1044 352 iudicaverat,
1085 296 1190 340 licet
1226 297 1398 354 Diony-

55 359 167 402 sium
205 357 380 415 quidem
419 358 628 400 minorem
665 356 1001 411 haudquaquam
1030 354 1160 397 talem
1190 361 1397 411 expertus

0 431 2 438 ⁸
54 422 184 470 esset,
217 416 291 471 qui
321 414 422 457 huic
453 421 576 457 tanto
606 411 1036 470 operiexsequendo
1067 418 1182 455 esset
1200 411 1397 454 idoneus.

0 467 3 479 ⁷
54 473 285 515 Praeterea
331 487 417 519 non
455 471 606 513 inutile
644 470 728 512 erit
771 470 1079 512 memoravisse
1130 469 1237 523 alia,
1289 484 1398 525 quae

57 530 254 585 quamvis
298 529 479 570 maxime
517 527 573 569 ad
613 527 751 583 prima
779 527 934 569 itinera
963 527 1222 581 referantur,
1253 532 1399 569 tamen

54 587 156 630 item
196 585 250 628 ad
287 600 376 627 rem
415 591 686 641 praesentem
726 585 906 626 iaciunt.
975 583 1091 625 Nam
1137 584 1256 627 Libr.
1291 582 1399 627 VII.

86 676 95 685 .
126 644 220 685 819.
249 642 305 684 Ι).
336 641 640 696 Atheniensis,
673 642 748 697 qui
776 641 961 697 loquens
990 640 1231 694 inducitur,
1265 641 1401 698 signi-

52 659 179 754 goat,
219 713 266 741 se
305 713 402 753 sero
442 698 612 740 demum
653 697 1049 741 inmathematicis
1089 697 1256 752 aliquid
1301 714 1400 754 pro-

52 756 233 810 fecisse,
273 762 316 798 et
341 754 462 798 Libr.
502 756 607 798 V11.
646 772 688 813 p.
728 758 825 799 821.
869 755 921 796 Ε.
959 753 1075 796 idem
1120 754 1193 797 ille
1223 755 1398 809 fatetur,

53 829 100 857 se
138 814 224 856 iam
264 827 410 855 senem
447 813 609 855 factum
650 812 952 856 astronomicis
994 810 1168 854 dedisse
1208 827 1398 868 operam.

52 871 286 913 Enimvero
327 885 438 926 quae
479 870 762 913 Atheniensis
803 870 865 912 ibi
903 869 956 911 de
984 883 1030 911 se
1060 868 1317 926 profitetur,
1349 884 1401 912 ea

53 928 147 970 sine
184 926 316 970 dubio
354 927 407 969 de
445 927 626 971 Platone
675 926 928 984 accipienda
966 932 1081 968 sunt.
1149 926 1401 969 Memoratu

53 984 185 1042 digna
203 990 304 1027 sunt
327 985 454 1026 etiam
474 984 564 1040 illa,
596 1000 708 1040 quae
735 985 855 1027 Libr.
882 983 989 1026 VII.
1020 999 1062 1040 p.
1094 984 1190 1027 949.
1220 983 1279 1025 D.
1302 999 1399 1040 sqq.

52 1041 106 1084 de
146 1041 333 1084 utilitate
374 1041 669 1096 disseruntur,
707 1057 817 1098 quae
857 1056 910 1083 ex
939 1040 1168 1083 itineribus
1201 1046 1245 1083 et
1273 1056 1400 1097 pere-

52 1099 368 1156 grinationibus
396 1104 513 1141 recte
543 1099 755 1141 institutis
786 1114 919 1153 quum
949 1098 994 1139 in
1024 1113 1195 1140 omnem
1227 1098 1400 1154 sapien-

54 1158 139 1198 tiae
189 1155 461 1211 disciplinam
515 1163 606 1198 ttun
645 1156 690 1198 in
731 1156 900 1199 civilem
949 1155 1132 1196 maxime
1178 1161 1314 1198 artem
1357 1161 1402 1199 et

52 1211 326 1269 prudentiam
377 1212 618 1255 redundare
666 1219 810 1268 queat.
878 1212 1003 1254 Haec
1055 1212 1168 1254 enim
1197 1212 1399 1268 profecto

55 1275 159 1312 sunt
190 1268 415 1323 eiusmodi,
447 1279 496 1311 ut
525 1285 575 1311 ea
600 1271 795 1327 legentes
815 1269 1123 1326 philosophum
1154 1269 1303 1312 audire
1335 1269 1400 1311 vi-

55 1327 234 1369 deamur
273 1325 326 1368 de
366 1333 502 1369 semet
531 1327 626 1384 ipso
656 1334 902 1369 narrantem
929 1333 974 1368 et
1001 1326 1138 1368 veluti
1168 1341 1264 1370 sese
1294 1342 1399 1383 pur-

54 1389 228 1441 gantem
258 1389 302 1425 et
328 1390 635 1439 excusantem,
674 1384 793 1439 quod
822 1384 876 1426 de
906 1383 1081 1426 meliore
1112 1384 1400 1441 rerumpubli-

53 1455 199 1483 carum
245 1441 555 1484 constitutione
615 1441 778 1498 aliquid
833 1441 1112 1483 commentari
1168 1441 1399 1499 occeperit.

54 1496 145 1541 Sed
172 1504 343 1554 praeter
372 1497 492 1553 haec,
525 1514 635 1554 quae
664 1499 912 1541 referuntur
941 1499 1030 1540 fere
1060 1498 1117 1540 ad
1146 1499 1400 1555 peregrina-

52 1554 194 1597 tiones
234 1569 260 1596 a
286 1554 469 1598 Platone
505 1562 755 1612 susceptas,
792 1556 838 1598 in
883 1556 1053 1612 Legum
1094 1571 1226 1612 opere
1270 1556 1401 1598 etiam

52 1612 136 1654 alia
163 1611 457 1668 reperiuntur,
499 1628 610 1668 quae
638 1613 743 1656 satis
772 1618 899 1656 certo
929 1618 1115 1669 arguant
1144 1614 1400 1669 scriptorem

53 1667 161 1711 illud
200 1675 357 1711 aetate
379 1670 465 1712 iam
493 1671 810 1726 provectiorem
852 1670 1009 1712 litteris
1056 1670 1398 1737 consignavisse.

53 1726 291 1768 Verissime
320 1727 432 1768 enim
475 1727 795 1770 Boeckhius
826 1728 854 1769 l.
887 1742 924 1770 c.
952 1742 996 1782 p.
1029 1728 1097 1769 72.
1129 1727 1400 1771 ammadver-

53 1783 129 1834 tit,
166 1782 295 1826 huius
324 1784 385 1825 rei
423 1783 631 1826 indicium
671 1785 801 1827 etiam
840 1800 892 1826 eo
922 1783 1041 1837 fieri,
1083 1784 1200 1840 quod
1237 1785 1399 1843 hospes

55 1839 335 1882 Atheniensis
374 1840 607 1883 identidem
639 1841 811 1884 dicatur
840 1856 998 1895 senex,
1043 1842 1180 1883 veluti
1209 1842 1330 1885 Libr.
1362 1841 1399 1886 I.
1427 1844 1430 1847 ’

56 1911 100 1994 p).
137 1897 232 1938 6⁶25.
273 1896 326 1938 B.
371 1899 467 1939 (334.
507 1898 561 1940 B.
602 1898 659 1941 D.
700 1899 786 1940 III.
824 1914 868 1954 p.
900 1899 995 1941 685.
1026 1899 1082 1940 A.
1115 1897 1196 1943 IV.
1226 1915 1270 1956 p.
1303 1900 1398 1942 715.

104 1984 114 1993 .
152 1952 234 1996 VI.
271 1968 312 2009 p.
346 1955 441 1996 769.
472 1954 530 1995 D.
602 1955 834 1997 Enimvero
889 1954 1007 2009 quod
1053 1955 1229 1997 omnino
1271 1971 1398 1999 senes

55 2010 167 2051 inter
203 2009 323 2065 ipsos
363 2010 660 2066 colloquentes
710 2011 997 2065 inducuntur,
1047 2011 1092 2052 id
1133 2027 1265 2067 quum
1303 2013 1400 2056 aliis

55 2066 217 2109 nitatur
245 2067 426 2121 caussis,
457 2074 547 2109 tum
568 2068 696 2110 etiam
718 2068 818 2111 ideo
839 2068 934 2110 fieri
954 2067 1284 2112 existimandum
1315 2077 1396 2123 est,

58 2123 160 2177 quia
197 2122 323 2165 Plato
360 2125 468 2167 scite
516 2124 822 2182 eleganterque
872 2124 1063 2168 indicare
1103 2141 1223 2169 sua-n
1260 2127 1398 2184 ipsius

56 2186 322 2223 senectutem
376 2182 526 2227 voluit.
600 2182 810 2237 Accedit,
863 2181 981 2237 quod
1029 2188 1169 2226 totum
1226 2185 1397 2241 Legum

57 2252 166 2293 opus
204 2237 360 2282 vnescio
402 2238 508 2294 quid
552 2240 686 2282 senile
724 2240 878 2293 refert,
924 2246 972 2282 ut
1025 2241 1220 2296 profecto
1268 2242 1397 2284 etiam

57 2293 167 2337 hanc
205 2294 260 2337 ob
300 2310 497 2339 caussam
536 2311 562 2338 a
592 2312 693 2340 sene
723 2298 930 2354 scriptum
961 2312 1055 2340 esse
1084 2297 1215 2356 longe
1245 2299 1396 2342 verisi-

55 2351 275 2393 millimum
305 2351 516 2396 videatur.

168 2409 317 2463 Atque
346 2409 452 2452 haec
483 2410 657 2465 quidem
688 2418 789 2454 sunt
818 2397 1081 2468 argumentaf·
1100 2413 1340 2455 sententiae
1372 2428 1397 2454 a

59 2464 184 2507 nobis
226 2465 404 2522 aliisque
436 2467 663 2521 defensae,
707 2484 816 2524 quae
852 2469 1071 2511 ducuntur
1101 2485 1154 2511 ex
1182 2469 1278 2527 ipso
1309 2470 1395 2512 Le-

57 2535 158 2576 gum
199 2536 341 2577 opere.
409 2523 496 2567 Sed
528 2525 808 2568 confirmatur
838 2526 987 2569 eadem
1018 2528 1235 2569 sententia
1267 2528 1394 2569 etiam

56 2577 242 2620 aliunde.
302 2579 552 2637 Suppetunt
581 2583 694 2624 enim
712 2584 841 2626 etiam
871 2583 1031 2626 diserta
1061 2590 1255 2626 veterum
1287 2585 1394 2626 scri-

57 2641 227 2690 ptorum
274 2638 544 2692 testimonia,
576 2639 732 2695 quibus
764 2656 813 2682 ea
846 2641 1084 2683 certissime
1116 2641 1395 2684 confirmatur

1060 2709 1096 2750 F
