1612 2872
237 94 322 137 DE
354 91 632 137 LEGIBUS
665 93 786 148 Lrss.
823 92 883 136 II.
923 92 968 135 P.
1001 94 1097 136 670.
1131 91 1196 136 St.
1325 93 1403 134 *221

158 212 260 256 ΚΛ.
326 209 696 264 Ἀναγκαιότατα.

156 279 256 322 ΑΘ.
333 277 391 320 Τι’
426 271 533 324 obv:
567 275 593 320 ὁ
620 279 729 332 μηδὲ
765 275 790 320 ὅ
828 280 870 319 τί
905 276 999 321 ποτ’
1040 279 1122 332 ἔχει
1157 274 1409 330 γιγνώσκων

54 337 158 400 ἆρα,
181 343 205 387 ὅ
246 348 284 386 τί
321 361 400 400 περ
430 344 622 399 εἴπομεν,
653 342 712 395 ὡς
749 343 906 399 ὀρθῶς
940 361 987 398 γε
1022 340 1134 387 αὐτὸ
1169 346 1262 399 ἔχει,
1298 341 1408 398 γνώ-

54 415 176 453 σεταί
210 426 317 454 ποτε
349 416 396 453 ὲν
428 410 626 465 ὁτῳοῦνς
855 425 860 428 ·

159 479 260 520 ΚΛ.
336 479 424 519 Καὶ
460 481 525 527 τίς
558 475 767 533 μηχανή,-

156 541 291 604 Cap.
309 541 417 586 XII.
487 545 587 586 ΑΘ.
662 542 787 586 Τοῦτ’
830 536 936 596 οὖν,
973 541 1032 593 ὡς
1077 547 1243 598 ἔοικεν,
1280 541 1410 586 ἀνευ-

55 613 257 665 ρίσκομεν
302 603 359 652 αὖ
404 609 458 652 τὰ
507 612 609 659 νῦν,
645 609 715 652 ὅτι
760 619 860 660 τοῖς
886 609 1018 664 ῳδοῒς
1054 609 1179 665 ἡμῖν,
1215 609 1291 660 οὓς
1328 611 1410 653 νῦν

52 678 397 732 παρακαλοῦμεν
431 679 504 719 καὶ
539 675 722 726 ἑκόντας
759 675 858 719 τινὰ
898 676 1066 732 τρόπον
1100 676 1410 731 ἀναγκάζομεν
1449 684 1493 726 D

50 741 185 797 ᾅδειν,
221 748 343 798 μέχρι.
381 759 428 796 γε
462 742 678 786 τοσούτου
715 745 1046 786 πεπαιδεῦσθαι
1080 743 1235 798 σχεδὸν
1266 743 1408 798 ἀναγε

52 817 192 860 καῖον,
210 815 330 867 μέχρι
352 808 432 852 τοῦ
457 807 652 853 δυνατὸν
685 809 795 853 εἶναι
831 811 1186 862 ξυνακολουθεῖν
1220 814 1408 853 ἕκαστον

144 962 231 1005 Cap.
257 963 344 996 XII.
394 960 719 1006 ἀνευρίσκομεν
744 959 796 997 αὖ
822 962 868 997 τὰ
894 963 991 1007 νῦν]
1022 964 1162 997 Vitiose
1188 964 1297 1006 vulgo
1321 959 1409 996 αὐτὰ

54 1021 83 1046 ν.
107 1008 274 1042 Correxit
298 1009 511 1042 Boeckhius.

54 1135 257 1167 vertendum
303 1139 368 1167 est.
433 1134 553 1166 Facile
600 1134 694 1166 enim

53 1181 130 1224 quis
154 1181 313 1220 miretur,
329 1179 424 1222 quod
438 1180 593 1212 Doricae
617 1185 694 1212 tan-

52 1233 125 1258 tum
149 1227 354 1259 harmoniae
378 1227 511 1258 mentio
525 1227 696 1266 iniicitur,

53 1273 205 1314 ideoque
229 1273 362 1314 aliquid
388 1273 561 1304 excidisse
585 1273 694 1304 conii-

53 1319 134 1351 ciat.
171 1317 277 1356 Quod
301 1318 404 1350 nobis
429 1318 570 1360 quidem
594 1328 695 1351 secus

51 1365 203 1398 videtur.
250 1364 328 1396 Etsi
361 1364 454 1395 enim
488 1363 588 1396 Plato
617 1365 694 1406 plu-

52 1411 144 1443 rium
184 1410 448 1442 harmoniarum
498 1419 616 1442 curam
656 1410 693 1442 in

52 1457 195 1489 civitate
220 1456 408 1497 gerendam
444 1465 522 1488 esse
546 1457 693 1496 censuit,

52 1502 156 1535 sicuti
181 1512 224 1534 ex
249 1502 326 1533 loeo
352 1501 450 1542 Reip.
471 1502 542 1533 111.
562 1512 597 1543 p.
611 1501 692 1536 398.

51 1547 92 1581 C.
123 1566 167 1572 —
197 1546 278 1582 400.
309 1547 350 1579 Ι).
381 1548 610 1588 intelligitur,
640 1552 691 1579 ta-

51 1604 130 1631 men
155 1593 212 1624 hic
236 1593 387 1634 exempli
412 1603 554 1633 caussa,
578 1597 617 1624 ut
640 1594 692 1625 vi-

52 1641 169 1679 detur,
186 1649 291 1671 unam
314 1642 449 1670 tantum
468 1640 694 1678 memoravit3

52 1685 322 1728 prudentissime
346 1694 428 1716 vero
443 1684 613 1717 Doricam
627 1695 690 1731 no·-

51 1731 207 1767 miuavit,
215 1734 337 1772 utpote
345 1731 692 1771 praestantissimam,

52 1787 156 1819 quam
179 1777 279 1808 iuxta
303 1786 380 1807 cum
409 1776 561 1818 Phrygia
583 1778 694 1818 inpri-

53 1824 120 1856 mis
145 1822 287 1863 dignam
317 1821 507 1861 iudicavit,
537 1832 627 1863 quae
656 1823 694 1854 in

54 1868 197 1901 civitate
227 1877 291 1899 sua
326 1872 565 1908 usurparetur.
628 1867 693 1899 Ce-

52 1919 166 1946 terum
198 1917 238 1944 ut
271 1913 306 1944 h.
338 1912 359 1943 l.
390 1910 428 1943 τὸ
461 1910 620 1952 δωριστί,
643 1914 694 1945 sic

51 1959 152 2002 Reip.
171 1959 229 1992 ΙΙΙ.
253 1969 288 2000 p.
304 1956 385 1992 308.
400 1957 443 1989 E.
472 1956 693 1999 μιξολυδιστί,

52 2005 158 2042 ἰαστί,
206 2003 352 2041 λυδιστί,
400 2003 444 2036 de
499 2004 694 2036 harmoniis

51 2054 252 2092 usurpatur.

98 2096 274 2128 Γελοῖοε
303 2092 381 2137 γὰρ
417 2091 438 2124 ὅ
472 2105 516 2136 γε
554 2092 696 2127 πολὺς

55 2139 179 2183 ὄχλος
203 2141 269 2183 -]
311 2141 362 2173 De
385 2140 488 2172 turba
513 2141 693 2172 hominum

53 2188 140 2220 artis
156 2188 308 2219 musicae
321 2186 491 2218 iudicium
507 2193 692 2219 exercente

53 2243 86 2265 v,
113 2233 303 2265 Aristot-
338 2231 394 2263 De
417 2231 504 2274 Rep.
529 2232 632 2266 VIII.
658 2242 693 2274 p.

53 2277 135 2314 458.
160 2282 196 2310 et
219 2277 299 2312 459.
323 2287 367 2309 ex
402 2287 471 2319 quo
495 2278 575 2310 loco
602 2279 692 2310 veri-

53 2324 166 2357 simile
188 2324 244 2364 fit,
268 2323 452 2355 Platonem
483 2324 540 2355 hic
568 2329 692 2356 notare

57 2370 208 2403 voluisse
231 2369 352 2411 populi
363 2370 604 2409 temeritatem,
623 2380 693 2411 qua

53 2415 121 2448 sibi
144 2414 326 2447 iudicandi
348 2418 556 2456 potestatem
586 2417 692 2447 etiam

55 2461 92 2492 in
120 2461 183 2493 tali
213 2469 339 2492 caussa
368 2461 566 2502 arrogabat.
598 2462 692 2493 conf.

56 2507 162 2539 etiam
184 2505 298 2548 Gorg.
322 2515 357 2546 p.
380 2504 459 2540 501.
484 2506 528 2538 E.
546 2506 624 2541 502.
654 2506 695 2540 B.

56 2551 112 2584 De
142 2551 228 2592 Rep.
255 2550 310 2584 v1.
334 2560 369 2591 p.
392 2549 472 2586 493.
504 2554 543 2586 A.
570 2552 610 2583 D.
635 2552 696 2584 ubi

54 2606 111 2630 res
135 2596 257 2629 eadem
280 2595 493 2637 exagitatur.
526 2615 567 2621 —
595 2594 696 2630 ὅσοι

57 2638 197 2675 αὐτῶν
243 2652 306 2684 per
353 2642 495 2682 synesin
539 2643 695 2684 positum

56 2688 206 2721 refertur
240 2689 286 2721 ad
312 2684 422 2728 ὄχλος.
461 2706 503 2712 -
537 2688 694 2721 Circum-

761 1133 976 1166 locutionem
1019 1130 1183 1174 γεγόνασι
1223 1133 1406 1178 διηναγκα-

763 1179 879 1219 σμένοι
908 1180 1101 1212 illustravit
1127 1181 1280 1213 Astius
1305 1192 1399 1213 com·

762 1226 893 1268 paratis
936 1225 1024 1257 locis
1062 1224 1131 1259 111.
1162 1236 1197 1268 p.
1237 1227 1316 1261 700.
1349 1227 1408 1260 D.

758 1272 1215 1359 ⁹¹³...
1206 1273 1405 1361 :aa-1533:

760 1362 840 1398 846.
866 1363 917 1395 Ε.
951 1359 1107 1404 ὑπάρχον
1134 1361 1189 1395 δεῖ
1208 1365 1404 1406 γίγνεσθαι.

764 1409 842 1441 Alia
876 1411 986 1442 multa
1022 1410 1298 1451 suppeditabunt
1329 1412 1406 1444 Lo-

762 1456 884 1488 beck.
906 1456 951 1488 ad
966 1456 1068 1487 Aiac.
1081 1466 1115 1487 v.
1129 1455 1210 1490 588.
1226 1455 1406 1490 etHein-

761 1501 872 1534 dorf.
899 1503 946 1534 ad
970 1501 1079 1557 δορὴ.
1102 1512 1136 1543 p.
1161 1501 1241 1536 217.
1267 1501 1307 1534 C.

807 1547 846 1578 C.
898 1545 920 1578 ὅ
951 1549 990 1578 τί
1016 1557 1096 1588 περ
1127 1548 1321 1590 εἴπομεν,
1352 1545 1408 1581 ὥς

761 1589 1240 1695 lig·3.]Verrec,eoxp1::112‡?nm
1244 1595 1262 1608 ”
1296 1595 1405 1628 Bek

805 1683 891 1726 Cap.
931 1664 1019 1717 XII.
1078 1681 1202 1717 Τοῦτ’
1238 1679 1320 1716 οὖν
1357 1703 1403 1710 --

758 1726 1079 1773 ἀνευρίσκομεν
1119 1725 1171 1762 αὖ
1216 1729 1266 1763 τὰ
1305 1731 1407 1773 νῦν]

759 1777 853 1809 Ηοο
900 1777 1047 1818 igitur
1092 1786 1205 1809 nunc
1250 1787 1407 1809 rursus

759 1823 1022 1855 invenimus.
1064 1822 1161 1854 Male
1185 1823 1292 1864 vulgo
1317 1819 1406 1855 αὐτὰ

760 1868 835 1904 νῦν,
852 1869 948 1909 quod
973 1869 1130 1900 correxit
1144 1867 1406 1906 Boeckhius.

762 1913 915 1945 Addidit
955 1915 1109 1955 scriptor
1148 1909 1211 1951 αὖ,
1248 1915 1331 1955 quia
1370 1924 1407 1955 p.

763 1958 843 1992 670.
876 1959 922 1990 Α.
953 1960 1023 1990 iam
1057 1959 1211 1994 dixerat·
1238 1957 1317 1990 τόδε
1345 1958 1407 1999 μὲν

764 1999 830 2035 οὖν
868 2002 905 2035 ἐκ
954 2001 1088 2035 τούτων
1127 2001 1146 2035 ὅ
1182 2002 1287 2047 λόγος
1327 2001 1406 2046 ἡμῖν

763 2049 861 2081 δοκεῖ
881 2060 938 2089 μοι
964 2051 1141 2105 σημαίνειν
1163 2048 1228 2092 ἤδη
1263 2061 1294 2082 κ.
1320 2062 1348 2083 τ.
1375 2052 1404 2086 2.

810 2093 993 2127 ἑκόντας
1015 2114 1060 2119 -
1086 2092 1403 2153 ἀναγκάζομεν]

761 2141 917 2183 Elegans
978 2152 1187 2183 oxymoron.
1245 2139 1406 2176 ‘Eno'ms

760 2189 853 2219 enim
889 2188 970 2228 cogi
1006 2188 1170 2220 dicuntur
1199 2189 1245 2221 ad
1275 2199 1404 2222 canen-

760 2233 859 2271 dum,
888 2234 972 2274 quia
1004 2233 1042 2265 id
1076 2234 1229 2276 denique
1251 2244 1324 2267 non
1347 2236 1403 2268 in-

759 2279 824 2310 viti
838 2278 965 2311 facturi
981 2288 1057 2311 esse
1069 2281 1294 2313 existimandi
1305 2286 1397 2314 sunt.

804 2324 848 2356 D.
894 2323 1012 2366 μέχρι
1038 2335 1082 2367 γε
1113 2323 1331 2359 τοσούτου
1353 2346 1400 2352 -

758 2368 876 2411 μέχρι
906 2370 983 2402 τοῦ
1006 2367 1117 2414 δυν.]
1142 2372 1279 2406 Eodem
1293 2374 1401 2405 modo

759 2415 960 2457 Xenoph.
989 2416 1095 2449 Mem.
1128 2418 1185 2451 lV.
1216 2418 1259 2459 3,
1292 2419 1336 2452 5:
1361 2416 1401 2450 τὸ

764 2459 802 2491 δὲ
830 2461 924 2503 μέχρι
961 2459 1133 2496 τοσούτου
1172 2460 1406 2507 ἀστρονομίαν

763 2505 971 2549 μανθάνειν,
995 2519 1087 2551 μεχρι
1097 2520 1160 2541 που
1194 2529 1240 2535 -
1267 2510 1406 2552 γνῶναι.

762 2552 822 2584 ubi
863 2553 907 2586 de
941 2554 1011 2587 hoc
1056 2555 1229 2598 loquendi
1273 2566 1404 2597 genere

762 2608 796 2632 v,
838 2598 1130 2634 Bornemann.
1179 2601 1291 2635 Plura
1330 2602 1403 2634 col-

760 2643 846 2725 {³782st
864 2645 1074 2722 buatthi
1094 2657 1150 2681 ae
1181 2646 1243 2684 Gr.
1279 2646 1343 2680 Gr.
1369 2645 1401 2687 ξ.
