1612 2872
262 98 338 140 150
767 100 1139 144 PLATONIS

258 216 387 257 λᾶῐαι
432 223 522 263 τοῖς
564 212 826 267 ἀνθρώποις
861 218 933 257 καὶ
971 218 1279 274 διαφθείρεται
1328 218 1437 260 κατὰ
1477 221 1580 260 πολ-

257 278 310 322 λοὶ
347 285 392 322 ἐν
431 282 488 334 τῷ
523 281 617 332 βίῳ,
651 281 752 321 θεοὶ
790 282 832 321 ὑὲ
870 284 1155 335 οἰκτείραντες
1199 281 1245 325 τὸ
1278 286 1363 326 τῶν
1397 282 1580 339 ἀνθρώ-

257 362 347 387 πων
390 349 598 387 ἐπίπονον
641 343 832 399 πεφυκὸς
873 351 994 399 γένος
1035 346 1293 398 ἀναπαύλας
1336 367 1378 392 τε
1431 349 1581 398 αὐτοῖς

257 413 342 452 τῶν
381 409 527 452 πόνων
562 411 773 461 ἐτάξαντο
814 409 890 461 τὰς
921 415 1006 454 τῶν
1043 416 1204 467 ἑορτῶν
1239 413 1430 470 ἀμοιβάς
1463 414 1582 474 [τοῖς

348 582 447 615 κατὰ
479 583 606 616 πολλὰ
643 583 685 616 ἐν
719 587 769 628 τῷ
801 586 900 629 βίῳ]
945 585 1025 618 κατά
1060 586 1161 619 πολλὰ
1198 584 1608 622 A.B.,.‘÷'.52.v.f.l÷.r.a.‘

258 639 316 661 c.o
338 628 355 660 δ
377 640 409 662 x.
439 630 546 672 Vulgo
574 642 611 661 τα
637 629 750 663 πολλά.

347 676 385 707 D.
436 673 509 707 τὰς
541 675 702 717 τροφὰς
737 677 993 719 γενομένας]
1043 677 1120 710 Hoc
1155 678 1272 710 ordine
1303 677 1579 712 A.B.E.52.v.f.

256 718 445 755 h.r.a.c.8.
456 732 486 752 ο.
500 731 531 753 x.
553 732 613 763 pro
633 724 722 764 vulg.
741 723 922 764 γενομένας
939 721 1078 764 τροφάς.
1110 724 1210 756 lidem
1228 723 1298 756 fere
1324 724 1396 755 libri
1424 730 1502 765 post
1526 723 1582 755 ιάς

256 766 407 799 inserunt
432 768 587 799 voculam
605 779 636 798 τε
661 770 761 809 vulgo
786 769 922 800 omnino
939 770 1127 801 absentem.
1155 768 1223 801 Sed
1242 779 1272 800 v.
1299 770 1472 810 interpret.
1492 770 1579 801 Her-

256 901 348 935 beat.
380 900 541 934 Nimirum
569 900 631 933 hoc
655 907 691 934 ut
715 903 880 945 intelliga-

256 950 327 985 tur,
359 947 600 979 sententiarum
628 948 748 980 seriem
778 954 882 989 atque

254 992 498 1023 connexionem
545 991 628 1024 hanc
659 1003 736 1026 esse
774 994 880 1026 teneri

254 1041 407 1077 oportet:
438 1037 522 1068 Iam
556 1047 658 1069 vero
683 1049 752 1070 res
777 1040 884 1071 bene

254 1080 399 1121 habet3
444 1091 564 1122 quum
610 1083 717 1116 euim
755 1083 883 1116 homi-

252 1137 324 1160 ues
389 1131 546 1159 rectam
608 1129 884 1170 disciplinam

253 1174 456 1205 omittant
494 1183 542 1204 ac
582 1174 884 1214 pessumdeut,

255 1218 310 1250 dii
336 1218 593 1250 mortalibus
617 1229 738 1259 opem
776 1221 882 1252 tule-

252 1268 369 1302 ruut;
399 1263 655 1295 tribuerunt
690 1266 794 1297 enim
831 1265 883 1297 iis

253 1318 423 1340 sensum
472 1308 720 1342 harmoniae
764 1310 884 1342 insti-

253 1357 520 1394 tueruntqne
574 1353 711 1386 festas
772 1356 880 1388 sole-

254 1400 467 1431 mnitates
491 1399 752 1432 coniunctas
784 1402 883 1433 illas

253 1454 346 1477 cnm
374 1444 786 1484 compotationibus.
813 1446 881 1478 lta-

252 1499 317 1531 qne
340 1489 502 1521 caussalis
536 1490 720 1530 sententia,
752 1497 788 1523 ut
811 1491 881 1524 fieri

253 1545 356 1576 saepe
395 1535 506 1574 solet,
546 1536 729 1576 praemissa
768 1541 820 1569 est
853 1536 881 1568 ei

253 1579 453 1617 sententiae,
485 1580 579 1611 cuius
604 1582 771 1613 rationem
796 1580 880 1613 indi-

252 1629 317 1657 cat.
367 1625 499 1656 iuvabit
538 1628 652 1657 autem
690 1626 882 1658 meminisse

250 1679 339 1712 quae
366 1668 576 1701 Atheniensis
608 1673 707 1702 antea
733 1671 880 1703 dixerat:

250 1712 376 1746 τοῦτον
400 1711 464 1756 γᾰρ
487 1714 561 1756 (τῆς
578 1710 693 1755 α’ρθῆς
715 1716 880 1755 παιδείας)

250 1760 340 1791 lom
364 1759 398 1790 ἐν
422 1761 468 1801 τῷ
492 1758 736 1801 ἐπιτηδεύματι
767 1759 880 1801 τούτῳ

251 1806 300 1845 (ἐν
323 1807 364 1848 τῇ
388 1804 423 1835 ἐν
452 1804 533 1845 οἴνῳ
571 1805 745 1845 συνουσίᾳ)
776 1806 882 1840 καλῶς

251 1848 516 1891 κατορθουμένῳ
529 1849 686 1891 σωτηρία.
712 1850 752 1882 Id
771 1852 879 1891 ipsum

251 1894 338 1927 enim
369 1894 529 1935 deinceps
560 1895 699 1937 copiosa
730 1895 880 1936 disputa-

251 1940 343 1972 tione
387 1940 594 1972 illustratur:
644 1941 733 1974 unde
770 1941 879 1973 Athe-

251 1984 376 2017 niensis
408 1984 439 2016 in
471 1985 704 2026 superioribus
735 1986 881 2026 dicebat,

252 2031 546 2071 compotationum
572 2031 880 2064 considerationem

252 2076 438 2116 longiorem
465 2076 526 2106 sibi
552 2075 739 2118 deposcere
768 2076 881 2118 dispu-

251 2120 427 2159 tationem,
457 2120 615 2160 quoniam
639 2122 778 2154 illarum.
793 2122 880 2154 ratio

251 2175 323 2197 enm
354 2165 510 2198 universa
549 2166 675 2198 musica
715 2166 759 2199 sit
798 2177 879 2200 con·

251 2210 473 2243 iunctissima.

293 2298 332 2334 C.
394 2300 492 2332 θεοὶ
545 2300 588 2332 δὲ
643 2299 879 2342 οἰκτείραν-

245 2355 318 2380 τες
347 2346 415 2386 -]
449 2345 546 2377 Deos
570 2345 628 2385 ait,
655 2344 789 2377 humani
815 2355 872 2387 ge-

248 2389 337 2423 neris
362 2390 591 2422 misericordia
609 2394 813 2429 commotos,
835 2390 876 2423 ad

248 2434 505 2467 sustentandum
531 2439 659 2468 rectum
681 2435 879 2477 disciplinae

248 2477 385 2513 modum
406 2478 597 2512 hominibus
618 2481 777 2513 tribuisse
803 2479 877 2513 har-

249 2524 381 2557 moniae
408 2534 558 2565 sensum,
586 2528 652 2566 q'no
672 2530 785 2558 cetera
807 2526 880 2558 ani-

250 2569 346 2602 malia
369 2573 526 2609 careant,
559 2573 661 2611 atque
685 2570 807 2603 festam
830 2570 879 2602 in-

249 2615 399 2649 stituisse
440 2614 653 2647 saltationem
690 2625 764 2648 cum
803 2625 878 2647 mu—

249 2660 316 2693 sica
332 2659 541 2692 coniunctam
558 2660 648 2692 illam
668 2665 767 2702 atque
782 2670 876 2693 com-

945 903 1132 944 potatione.
1180 902 1306 935 Locum
1342 907 1581 943 excerpserunt

947 949 1068 981 Clem.
1093 949 1142 980 ΑΙ.
1160 948 1287 980 Strom.
1318 947 1373 980 lll.
1395 959 1424 988 p.
1442 947 1519 981 432.
1539 959 1581 978 z

949 993 972 1027 1.
999 1004 1030 1035 p.
1054 993 1131 1028 519.
1159 994 1211 1025 ed.
1232 993 1322 1024 Potr.
1349 993 1402 1023 ubi
1429 998 1578 1025 veterum

949 1039 1135 1070 sententiae
1156 1039 1199 1070 de
1216 1038 1302 1070 vitae
1326 1037 1490 1070 humanae
1517 1038 1578 1069 mi-

949 1085 1047 1116 seriis
1076 1088 1334 1125 expromuntur,
1370 1086 1404 1114 et
1428 1083 1578 1114 Iulian.

952 1128 1010 1161 Or.
1055 1128 1112 1160 lv.
1153 1139 1185 1170 p.
1214 1128 1291 1162 152.
1325 1128 1385 1166 C.‚
1415 1128 1448 1159 id
1488 1127 1579 1168 quod

955 1175 1019 1206 iam
1047 1173 1294 1206 Boeckhius
1324 1173 1461 1206 notavit.
1512 1173 1578 1205 Re-

953 1220 1065 1260 spexit
1110 1220 1209 1251 etiam
1262 1220 1430 1258 Dionys.
1489 1217 1578 1250 Hal.

951 1264 1095 1297 Rhetor.
1122 1274 1150 1296 c.
1178 1265 1201 1297 l.
1228 1264 1270 1297 in.
1533 1278 1537 1297 Α·

997 1353 1036 1386 D.
1069 1351 1143 1389 τοὶς
1169 1353 1251 1385 τῶν
1275 1353 1432 1395 ἑορτῶν
1459 1349 1579 1393 α’μοι-

950 1396 1025 1440 βὰς
1049 1402 1143 1433 τοῖς
1169 1398 1314 1438 θεοῖς]
1357 1396 1580 1429 Vehementer

950 1444 1106 1476 dubitant
1145 1443 1365 1484 interpretes,
1405 1443 1578 1482 quomodo

950 1489 1041 1521 istud
1066 1487 1124 1525 τὰς
1150 1486 1294 1529 ἀμοιβὰς
1327 1487 1578 1528 intelligendum

950 1535 1002 1567 sit.
1028 1533 1276 1566 Boeckhius
1301 1543 1333 1573 p.
1362 1532 1427 1565 127
1442 1542 1493 1572 sq.
1519 1542 1579 1563 ex-

949 1579 1052 1619 plicat
1075 1579 1286 1610 festorum
1314 1577 1576 1618 varietates,

948 1623 976 1655 h.
1012 1634 1040 1655 e.
1075 1623 1395 1661 amoenitates,
1439 1631 1578 1663 compa-

949 1671 1024 1701 rato
1048 1669 1124 1700 loco
1142 1667 1265 1709 Odyss.
1282 1664 1322 1708 γ’.
1337 1667 1391 1701 58.
1408 1670 1442 1698 et
1459 1665 1576 1708 Symp.

947 1724 980 1756 p.
1004 1713 1080 1747 202.
1117 1714 1159 1744 Ε.
1209 1712 1308 1746 Quod
1343 1713 1464 1744 falsum
1500 1722 1577 1744 esse

947 1769 1139 1798 censemus,
1161 1757 1431 1799 quandoquidem
1453 1757 1484 1787 in
1501 1767 1574 1788 voc.

945 1800 1093 1844 α’,ιιοιβαί
1124 1803 1339 1835 amoenitatis
1372 1805 1430 1833 aut
1460 1802 1576 1833 iucun-

947 1848 1059 1881 ditatis
1086 1849 1177 1881 notio
1212 1847 1469 1888 haudquaquam
1494 1857 1576 1878 cou-

947 1894 1081 1926 tinetur.
1131 1894 1198 1926 Alii
1232 1894 1494 1934 interpretantur
1517 1901 1574 1923 re-

947 1939 1293 1978 munerationes,
1341 1938 1440 1978 quasi
1494 1937 1575 1969 festi

947 1984 1021 2016 dies
1062 1985 1093 2016 in
1131 1984 1290 2016 honorem
1329 1983 1573 2014 immortalium

947 2029 1123 2061 constituti
1153 2039 1229 2061 esse
1261 2028 1414 2059 dicantur
1444 2026 1487 2057 ad
1521 2036 1575 2058 re·-

947 2074 1147 2107 muneranda
1183 2073 1338 2106 beneficia
1374 2072 1414 2103 ab
1446 2071 1486 2102 iis
1518 2082 1572 2102 ac-

947 2123 1054 2161 cepta.
1085 2118 1203 2151 Verum
1219 2127 1278 2149 noe
1296 2118 1365 2156 ipsa
1382 2116 1483 2148 verba
1500 2126 1572 2148 enm

946 2164 1254 2205 interpretationem
1297 2162 1427 2198 ferunt,
1467 2171 1574 2202 neque

947 2208 1160 2252 philosophus
1186 2218 1272 2240 nunc
1297 2207 1328 2238 id
1354 2206 1434 2248 agit,
1461 2210 1498 2237 ut
1524 2207 1573 2238 l'e-

947 2258 1018 2287 stos
1045 2253 1118 2288 dies
1143 2253 1264 2286 doceat
1288 2257 1443 2293 tanquam
1469 2251 1572 2283 bene-

946 2300 1092 2332 fictorum
1142 2299 1207 2331 diis
1254 2296 1572 2330 remunerandorum

945 2345 1050 2386 gratia
1075 2345 1246 2376 institutos
1272 2353 1359 2382 esse,
1384 2343 1438 2383 qui
1457 2345 1572 2372 osten-

946 2389 994 2422 dit
1016 2389 1128 2431 potius
1155 2399 1213 2421 eos
1236 2388 1277 2420 ad
1297 2387 1457 2420 levandos
1481 2395 1571 2418 mor-

944 2434 1058 2467 talium
1091 2435 1224 2467 labores
1257 2437 1291 2466 et
1320 2441 1497 2464 aerumnas
1521 2431 1570 2462 in-

945 2479 1120 2512 troductos
1137 2490 1224 2512 esse.
1250 2479 1376 2511 Verum
1392 2486 1475 2508 unus
1492 2485 1571 2517 per-

945 2525 1026 2556 vidit
1050 2524 1314 2567 Stephanus,
1341 2522 1395 2563 qui
1421 2522 1452 2552 in
1477 2520 1569 2551 The-

945 2579 1045 2601 sauro
1070 2580 1096 2601 s.
1114 2582 1144 2604 v.
1169 2571 1408 2610 interpretatur
1431 2565 1569 2597 festo-

945 2624 1026 2646 rum
1055 2614 1398 2647 vicissitudines.
1438 2609 1567 2648 Quam-

944 2669 1039 2700 quam
1068 2666 1103 2692 ιη
1130 2659 1293 2692 sententia
1318 2657 1382 2689 loci
1397 2655 1566 2697 percipia-
