1612 2872
525 87 699 132 LIBRI
741 86 967 132 TERTII.
1335 82 1423 130 ‘241'

62 201 220 256 olidae,
248 200 349 244 olim
392 215 419 243 a
450 201 676 260 Pelopidis
707 198 902 259 expulsi,
934 206 1089 257 postea
1117 199 1162 241 in
1195 197 1414 255 Pelopon—

64 274 216 302 nesum
263 257 513 313 redierunt,
569 265 740 302 mutato
792 257 969 315 quidem
1015 257 1199 315 pristino
1238 256 1414 299 nomine

62 330 159 370 suo,
190 314 406 370 siquidem
434 315 520 357 iam
550 316 694 359 Dores
721 332 802 372 pro
838 314 1022 358 Achivis
1054 313 1262 371 appellati
1292 320 1412 369 sunt,

61 372 265 428 quoniam
306 372 382 426 qui
413 373 584 416 exsules
615 373 714 416 illos
745 373 1007 429 collegerat,
1039 370 1286 427 Aegimius,
1318 370 1414 412 Do-

62 429 214 471 riensis
263 435 369 470 erat.
429 431 580 485 Atque
620 430 702 472 hoc
732 430 831 473 loco
861 437 1085 483 tamquam
1114 426 1413 483 imprudentes

59 485 294 528 deferimur
312 485 375 527 ad
397 486 588 543 origines
619 487 808 529 civitatis
831 485 1219 529 Lacedaemoniae.
1279 482 1414 537 Quod

58 557 164 585 sane
203 542 366 584 accidit
407 558 619 599 perquam
650 554 908 600 opportune,
941 540 1295 598 quandoquidem
1325 555 1414 583 una

58 598 295 654 eademque
326 614 459 655 opera
488 602 619 642 etiam
650 601 805 642 tertiae
831 598 948 642 illius
977 598 1201 656 regiminis
1230 598 1411 653 formae,

59 655 142 698 hoc
187 669 277 710 est,
322 655 724 708 democratiae,
764 662 908 699 ortum
948 655 1285 711 indagavimus-
1326 657 1413 698 Ve-

56 711 263 755 niendum
297 711 432 768 igitur
460 728 577 755 nunc
608 720 676 756 est
706 713 762 755 ad
794 712 1014 769 quandam
1044 713 1235 768 speciem
1265 712 1411 768 reipu-

57 769 219 823 blicae,
272 783 385 823 quae
434 769 479 810 in
526 771 623 827 ipsa
668 770 744 812 illa
809 770 989 813 civitate
1057 767 1413 810 Lacedaemonia

55 832 126 869 est.
163 826 422 882 conspicua,
463 826 548 869 hoc
590 833 680 882 est,
734 826 790 868 ad
842 825 1139 882 imperium
1182 828 1408 881 regium.

56 881 233 925 Etenim
273 882 437 939 prodiit
474 883 589 939 apud
629 884 1010 926 Lacedaemonios
1063 881 1314 938 respublica
1354 897 1405 924 ex

55 940 262 982 universo
302 939 466 995 populo
507 941 678 996 (ἔθνος
729 941 969 995 vocatur),
1031 940 1102 981 cui
1139 953 1268 994 reges
1305 946 1410 981 sunt

54 996 308 1052 praepositi.
369 996 541 1049 Quibus
572 997 751 1053 quidem
777 997 907 1040 rebus
939 995 1269 1040 considerandis
1301 1011 1409 1052 quo—

53 1054 169 1095 niam
200 1053 359 1109 poterit
387 1054 589 1111 intelligi,
625 1054 731 1110 quid
761 1055 873 1097 bene
902 1060 946 1096 et
972 1052 1251 1095 laudabiliter
1278 1052 1410 1095 fuerit

53 1110 367 1164 constitutum,
409 1110 516 1165 quid
546 1112 679 1165 male,
712 1117 756 1154 et
787 1126 999 1166 quaenam
1032 1110 1153 1167 leges
1185 1109 1408 1161 civitatem

6 1192 12 1198 .
53 1174 314 1209 conservent
352 1182 518 1222 quaeve
557 1168 738 1213 eandem
778 1173 1062 1224 corrumpant
1108 1182 1160 1209 ac
1208 1181 1406 1222 pessum-

52 1223 173 1278 dent,
205 1223 252 1265 in
282 1223 434 1266 harum
463 1240 607 1267 rerum
637 1225 926 1281 explicatione
954 1223 1103 1280 paullo
1135 1223 1299 1266 diutius
1328 1239 1406 1265 no-

51 1280 120 1323 bis
158 1279 420 1323 versandum
461 1282 555 1324 erit.
633 1281 855 1326 Conditae
903 1282 1039 1339 igitur
1087 1296 1112 1322 a
1169 1279 1405 1323 maioribus

52 1337 211 1379 vestris
249 1337 335 1379 illis
374 1338 667 1394 temporibus,
694 1339 856 1394 quibus
887 1339 1100 1391 diximus,
1130 1343 1221 1380 tres
1252 1337 1404 1380 civita-

51 1399 166 1437 tates
192 1394 381 1436 Doricae
413 1401 532 1449 sunt,
554 1395 920 1450 Lacedaemonia,
952 1395 1134 1460 Argiva,
1166 1394 1403 1437 Messenia.

50 1450 248 1504 Quarum
287 1450 463 1506 quidem
510 1467 637 1509 reges
674 1453 786 1495 inito
824 1453 1000 1495 foedere
1027 1460 1263 1494 lunxerunt
1290 1451 1405 1494 inter

49 1523 98 1550 se
148 1507 383 1550 amicitiam
445 1514 490 1550 et
531 1509 811 1552 iureiurando
861 1509 1122 1566 interposito
1161 1508 1404 1551 constitue-

49 1570 165 1617 runt,
197 1572 266 1617 ut,
301 1565 338 1606 si
370 1579 457 1619 qua
484 1566 804 1608 foederatarum
833 1565 1252 1623 rerumpublicarum
1281 1565 1404 1622 leges

48 1621 222 1678 publice
252 1621 442 1677 sancitas
471 1629 547 1664 aut
575 1622 706 1665 fidem
727 1623 873 1666 datam
892 1629 1011 1666 esset
1030 1622 1265 1676 violatura,
1298 1637 1403 1664 con-

48 1691 115 1720 tra
143 1678 272 1721 istam
303 1684 472 1720 ceterae
499 1694 618 1721 arma
647 1681 810 1723 ferrent
847 1681 1019 1736 sibique
1052 1685 1244 1721 mutuam
1276 1694 1402 1735 prae·

47 1740 215 1778 starent
251 1750 391 1790 opem.
464 1736 696 1779 Praeterea
731 1752 858 1794 reges
888 1735 1170 1779 iureiurando
1201 1736 1402 1779 obstricti

46 1798 152 1834 sunt
182 1792 413 1846 potestatis
451 1792 558 1848 ipsis
590 1809 824 1837 concessae
851 1793 1028 1836 modum
1054 1808 1143 1835 non
1172 1792 1400 1848 excedere,

48 1848 328 1903 quantumvis
368 1848 513 1904 regiae
555 1850 742 1892 familiae
785 1851 918 1906 stirps
958 1855 1197 1900 cresceret3
1241 1850 1402 1892 iuravit

46 1904 149 1946 item
187 1904 378 1959 populus
417 1919 463 1947 se
492 1906 612 1948 nullo
642 1922 835 1961 unquam
863 1913 1060 1962 tempore
1087 1904 1401 1962 abrogaturum

46 1975 143 2003 esse
171 1961 340 2017 regium
378 1961 631 2017 imperium,
671 1978 813 2018 neque
844 1977 1180 2015 concessurum,
1225 1967 1274 2004 ut
1302 1963 1401 2017 quis

45 2016 92 2059 id
135 2023 348 2071 tentaret,
385 2017 618 2061 dummodo
658 2034 783 2076 reges
814 2033 942 2072 suum
970 2018 1271 2061 iusiurandum
1301 2018 1411 2067 reli-‚

45 2074 168 2172 giose
198 2080 436 2117 servarent.
497 2074 617 2128 Quin
646 2076 775 2118 etiam
805 2076 890 2118 alia
919 2075 1074 2118 civitas
1105 2075 1180 2117 alii
1208 2090 1401 2132 spopon-

78 2131 113 2172 it
151 2137 407 2186 perpetuam
450 2132 718 2188 reipublicae
762 2133 1027 2175 constitutae
1057 2132 1399 2174 incolumitatem

46 2194 178 2242 atque
209 2189 597 2232 conservationem.
669 2188 802 2242 Quod
833 2204 938 2232 sane
967 2189 1025 2231 ad
1055 2187 1263 2231 tuendam
1292 2189 1399 2232 civi-

46 2249 185 2286 tatum
223 2243 392 2287 illarum
439 2246 624 2289 salutem
666 2247 903 2302 plurimum
950 2246 1101 2288 valuit.
1180 2245 1398 2288 Nimirum

47 2306 116 2343 est
151 2299 259 2343 haec
297 2301 596 2358 insipientium
636 2302 940 2346 tantummodo
981 2303 1202 2344 hominum
1231 2303 1396 2360 opinio,

47 2363 98 2399 ut
151 2357 423 2412 existiment,
482 2359 659 2416 populis
711 2375 784 2403 eas
827 2358 1080 2410 scribendas
1124 2359 1243 2416 leges
1284 2375 1395 2415 esse,

46 2428 161 2468 quae
200 2414 307 2470 ipsis
346 2415 548 2471 placeant
584 2416 717 2471 atque
767 2422 916 2474 gratae
959 2422 1002 2459 et
1040 2422 1244 2473 acceptae
1295 2417 1395 2460 sint.

47 2469 180 2523 Quod
219 2471 416 2525 profecto
458 2473 639 2529 perinde
680 2479 747 2516 est
777 2488 828 2524 ac
857 2473 894 2516 si
924 2474 1022 2528 quis
1052 2473 1106 2516 ab
1137 2473 1242 2516 artis
1271 2489 1396 2531 gym-

44 2526 238 2569 nasticae
270 2529 492 2586 magistris
530 2536 606 2572 aut
647 2529 830 2573 medicis
869 2529 1082 2587 postulet,
1122 2536 1172 2572 ut
1210 2545 1397 2585 corpora

46 2588 201 2626 curent
239 2598 298 2644 ¹eo
346 2584 504 2640 modo,
551 2602 638 2642 quo
686 2587 921 2642 unicuique
967 2587 1152 2629 maxime
1205 2587 1394 2630 libuerit.

46 2637 137 2683 Sed
179 2645 312 2695 quum
352 2640 507 2685 foedus
545 2643 653 2685 illud
693 2659 718 2686 a
770 2645 909 2687 tribus
947 2644 1199 2686 civitatibus
1240 2644 1396 2686 initum

92 2725 181 2758 Plat.
208 2736 263 2767 op.
291 2737 357 2758 om.
387 2727 466 2759 Vol.
492 2728 538 2759 X.
564 2727 656 2760 Seot.
688 2729 711 2761 1.
1072 2719 1123 2757 lss
