1612 2872
239 87 322 127 242
681 81 1133 126 ARGUMENTUM

242 198 309 239 vel
336 196 518 238 maxime
548 193 686 236 videri
716 191 872 234 debeat
909 206 1054 235 earum
1095 194 1428 249 perpetuitatem
1464 209 1566 237 con-

242 253 411 295 firmare
442 250 649 306 potuisse,
679 253 771 289 tum
791 249 973 290 accessit
1000 249 1127 290 etiam
1157 249 1275 291 aliud
1302 249 1421 304 quid,
1452 249 1568 304 quod

244 308 300 350 ad
338 306 516 348 eandem
555 319 642 345 rem
679 303 831 345 fecerit
871 303 1113 359 plurimum.
1179 305 1420 348 Potuerunt
1458 305 1567 347 enim

242 365 287 405 in
325 362 410 403 illis
443 360 690 402 civitatibus
718 359 1023 415 legumlatores
1062 361 1322 403 constituere
1361 362 1569 403 bonorum

245 418 431 461 omnium
452 415 752 469 aequalitatem
774 415 934 470 populo
963 430 1048 457 non
1071 423 1352 472 repugnante.
1396 416 1570 471 Quippe

244 478 453 516 venerant
478 471 642 512 incolae
675 485 818 512 earum
849 470 1020 512 aliunde
1040 487 1180 526 neque
1203 479 1328 513 antea
1357 473 1416 514 ibi
1446 486 1572 527 agros

246 535 321 570 aut
360 528 444 568 alia
483 527 595 568 bona
634 525 929 581 possederant.
1001 526 1145 579 Quum
1185 528 1318 583 igitur
1354 534 1572 581 tamquam

246 583 437 626 advenae
479 582 652 636 quidam
682 582 947 624 fortunarum
978 597 1150 624 suarum
1180 583 1323 625 sedem
1354 584 1414 625 ibi
1443 583 1573 625 collo-

247 644 421 691 carent,
463 653 549 679 non
587 637 828 679 debuerunt
866 638 1043 680 moleste
1074 639 1207 692 ferre,
1247 639 1283 680 si
1323 653 1408 692 qua
1439 639 1574 680 bono-

246 710 345 737 rum
378 693 613 747 aequalitas
654 693 825 748 publice
865 695 1207 736 constitueretur.
1286 697 1432 748 Atque
1467 694 1574 735 haec

249 750 422 805 quidem
478 749 884 803 rerumpublicarum
946 749 1114 791 illarum
1167 749 1399 804 primordia
1445 764 1575 804 quum

247 807 378 862 longe
417 805 682 846 faustissima
711 805 887 856 fuerint,
919 806 994 858 qui
1022 804 1196 846 tandem
1227 805 1420 847 evenisse
1450 811 1576 860 puta-

248 862 407 909 bimus,
446 866 495 901 ut
532 859 708 901 eaedem
747 875 833 901 non
871 875 976 902 usae
1015 860 1100 902 sint
1139 875 1189 901 ea
1226 874 1366 901 rerum
1404 875 1576 902 suarum

248 916 533 973 prosperitate
577 921 620 956 et
656 915 974 968 incolumitate,
1016 930 1143 969 quam
1172 915 1322 957 merito
1351 916 1395 957 in
1423 916 1476 958 iis
1505 930 1576 957 ex-

250 971 519 1028 pectaveris?
579 969 754 1025 Quippe
794 970 904 1012 duae
932 971 1099 1012 illarum
1128 971 1373 1025 civitatum,
1415 972 1579 1027 Argiva

253 1034 298 1069 et
330 1027 571 1079 Messenia,
619 1041 705 1068 non
745 1027 806 1067 ita
844 1027 976 1068 multo
1031 1035 1132 1081 post
1179 1033 1404 1082 corruptae
1449 1033 1579 1081 atque

251 1082 446 1139 perditae
488 1088 615 1135 sunt,
663 1096 713 1123 ac
753 1088 968 1136 superstes
1014 1097 1099 1123 una
1135 1088 1301 1124 tantum
1339 1082 1480 1124 adhuc
1518 1089 1581 1124 est

251 1137 612 1180 Lacedaemonia.
679 1137 810 1190 Quod
850 1137 1023 1191 quidem
1064 1153 1115 1180 eo
1153 1139 1288 1194 magis
1318 1139 1469 1179 mirum
1498 1144 1578 1191 est,

255 1193 373 1249 quod
411 1194 508 1235 illae
547 1199 713 1234 tantum
750 1193 918 1236 roboris
969 1200 1096 1248 atque
1132 1194 1286 1235 virium
1325 1194 1579 1246 habuerunt,

253 1256 303 1292 ut
335 1265 423 1291 non
462 1248 591 1290 modo
630 1248 952 1304 Peloponneso,
991 1249 1067 1292 sed
1105 1249 1329 1290 universae
1373 1248 1581 1291 Graeciae

255 1304 455 1361 opitulari
484 1305 676 1359 potuisse
705 1304 953 1357 videantur,
997 1305 1032 1347 si
1066 1304 1237 1359 quando
1264 1305 1326 1346 ita
1355 1304 1582 1358 accideret,

256 1367 306 1403 ut
334 1375 458 1416 reges
497 1361 629 1401 Asiae
667 1366 845 1416 propter
874 1360 944 1401 Ilii
973 1361 1186 1402 excidium
1216 1375 1241 1401 a
1270 1359 1450 1402 Graecis
1479 1375 1582 1416 poe-

256 1431 334 1459 nas
371 1430 539 1457 sumere
579 1416 903 1458 constituerent.
970 1416 1261 1457 Nihilominus
1291 1416 1423 1472 igitur
1450 1430 1585 1471 regna

256 1472 352 1525 illa,
403 1478 583 1527 excepto
614 1487 701 1513 uno
744 1471 1107 1525 Lacedaemonio,
1146 1472 1267 1513 brevi
1307 1472 1582 1521 interierunt;

256 1526 579 1570 Lacedaemoni
623 1534 766 1569 autem
796 1527 850 1568 ad
879 1527 991 1568 hunc
1021 1542 1159 1580 usque
1189 1527 1302 1568 diem
1331 1534 1585 1583 perpetuum

257 1584 348 1625 fere
387 1597 483 1624 cum
521 1582 697 1637 Argivis
747 1587 791 1623 et
827 1582 1057 1624 Messeniis
1106 1582 1260 1623 bellum
1299 1583 1391 1623 fuit.
1468 1582 1585 1634 Quid

259 1653 362 1694 ergo
394 1652 572 1679 caussae
602 1637 734 1679 fuisse
762 1637 968 1691 dicemus,
1001 1652 1077 1678 cur
1105 1637 1167 1678 ita
1193 1637 1410 1679 evenerit?
1438 1638 1587 1678 Enim-

259 1708 360 1736 vero
403 1707 531 1746 quam
566 1693 775 1734 incertum
806 1693 862 1734 sit
891 1692 944 1733 dc
973 1692 1182 1734 eiusmodi
1210 1693 1336 1735 rebus
1365 1692 1585 1746 iudicium,

259 1749 306 1791 id
343 1762 412 1790 res
451 1749 574 1804 ipsa,
616 1747 669 1789 de
700 1763 785 1802 qua
811 1747 975 1803 agitur,
1018 1754 1202 1790 testatur
1238 1749 1587 1793 luculentissime.

259 1804 374 1847 Nam
405 1803 520 1858 quod
550 1809 677 1845 antea
704 1803 985 1845 iudicavimus
1022 1818 1125 1858 opes
1155 1804 1377 1846 civitatum
1405 1805 1587 1846 Dorica-

261 1875 356 1902 rum
386 1866 527 1900 tantas
557 1859 712 1912 fuisse,
753 1865 800 1900 ut
830 1873 924 1901 sese
954 1865 1163 1914 perpetuo
1193 1866 1432 1901 sustentare
1462 1866 1588 1916 potu-

263 1915 403 1969 erint,
442 1915 487 1956 in
527 1929 578 1956 eo
614 1914 810 1956 nonnihil
840 1929 866 1956 a
894 1929 995 1957 vero
1022 1915 1326 1958 aberravimus.
1382 1916 1487 1957 Fuit
1515 1931 1590 1957 au-

250 1977 350 2020 ‚tem
397 1985 551 2013 caussa
598 1976 685 2012 tam
731 1970 1025 2026 inexpectatae
1080 1985 1220 2012 rerum
1279 1972 1588 2024 conversionis,

265 2026 348 2069 nisi
366 2026 503 2079 fallor,
535 2025 655 2068 haec.
716 2024 930 2068 Omnibus
949 2025 1194 2068 hominibus
1224 2026 1313 2067 fere
1339 2027 1473 2068 insita
1494 2041 1590 2068 esse

265 2081 376 2125 solet
403 2081 510 2124 haec
538 2081 699 2136 opinio,
726 2087 775 2123 ut
804 2095 900 2123 sese
928 2082 989 2122 ita
1018 2081 1186 2123 demum
1214 2081 1364 2124 beatos
1393 2083 1483 2123 fore
1512 2098 1592 2137 pu-

265 2143 383 2190 tcnt,
429 2138 466 2179 si
494 2137 705 2192 quidquid
733 2137 816 2192 ipsi
845 2137 1109 2192 optaverint,
1140 2151 1193 2178 ex
1221 2137 1351 2178 animi
1372 2139 1593 2180 sententia

268 2193 450 2235 eveniat.
516 2192 806 2238 Nihilominus
842 2192 988 2246 videre
1025 2193 1150 2245 licet,
1197 2192 1404 2246 plurimos
1443 2208 1591 2249 saepe-

268 2263 446 2290 numero
484 2262 535 2290 ea
573 2254 745 2304 optare,
787 2262 896 2303 quae
933 2253 1034 2290 sunt
1061 2247 1189 2311 longe
1219 2249 1591 2303 perniciosissima.

208 2306 210 2308 ’
269 2303 425 2356 Itaque
453 2318 534 2345 nec
564 2304 782 2359 potentia,
823 2319 910 2358 qua
950 2303 1046 2357 quis
1089 2303 1298 2356 quidlibet
1335 2305 1474 2359 possit
1501 2304 1592 2346 effi-

272 2373 392 2411 cere,
420 2358 584 2400 homini
611 2374 711 2402 vere
741 2365 808 2402 est
835 2359 976 2413 utilis,
1006 2358 1218 2413 siquidem
1247 2374 1324 2415 per
1352 2375 1397 2412 se
1427 2366 1592 2415 specte-

270 2419 355 2467 tur,
386 2428 525 2467 neque
556 2429 647 2457 eam
685 2415 752 2457 vir
780 2415 950 2470 sapiens
979 2429 1168 2468 unquam
1196 2420 1392 2471 appetet,
1433 2416 1593 2472 quippe

271 2469 406 2525 probe
442 2468 708 2526 intelligens,
746 2476 868 2512 tanto
902 2469 1193 2528 exitiosiorem
1232 2471 1369 2526 ipsam
1397 2472 1592 2524 existere,

274 2539 360 2579 quo
388 2524 559 2580 longius
589 2540 614 2567 a
650 2526 863 2581 sapientia.
892 2524 1147 2583 (φρονήσει)
1183 2532 1347 2568 remota
1381 2527 1448 2568 sit.
1506 2526 1593 2569 Res

274 2579 386 2622 enim
416 2579 478 2622 sic
507 2594 552 2621 se
583 2580 735 2623 habet:
765 2597 850 2623 non
882 2581 1009 2624 modo
1032 2581 1211 2636 singulis
1229 2581 1485 2634 hominibus,
1516 2579 1595 2624 sed
