1612 2872
531 62 647 105 rua
658 60 902 104 EFA'rlo.
1224 58 1387 101 x-xxl

39 186 195 236 sponte
235 186 415 235 apparet
451 178 493 218 iu
527 174 795 219 admittendo
838 177 886 216 νῦ
922 173 1190 230 paragogico
1216 174 1392 216 omnino

40 251 238 292 magnam
269 235 396 278 nobis
425 234 671 276 cautionem
709 231 1001 275 adhibendam
1029 245 1141 273 esse.
1201 230 1390 272 Tantum

39 294 150 336 enim
181 292 320 346 abest,
352 298 402 334 ut
433 291 626 334 crebrior
654 290 727 332 ille
758 290 928 332 litterae
957 288 1098 331 finalis
1127 302 1249 342 usus,
1283 303 1391 343 qua-

39 351 92 392 lis
121 350 166 392 in
205 350 429 392 veteribus
470 347 697 392 codicibus
736 354 913 404 regnat,
955 346 1142 389 usitatae
1182 345 1390 401 loquendi

39 406 348 450 consuetudini
395 406 663 448 conveniens
701 405 858 457 fuerit,
894 411 941 445 ut
981 403 1109 445 unius
1148 402 1391 459 scripturae

39 479 197 507 caussa
244 464 298 506 ab
355 463 541 505 librariis
599 461 794 504 adscitus
838 474 934 502 esse
980 460 1164 503 iudicari
1217 459 1389 503 debeat.

40 521 171 575 Quod
191 521 364 576 quidem
394 520 454 561 ita
476 534 570 561 esse
602 518 846 574 complures
868 518 923 559 ob
962 532 1141 560 caussas
1173 518 1390 560 coniicere

37 579 152 620 licet.
212 578 327 620 Nam
355 577 539 633 primum
571 575 746 631 quidem
779 575 876 630 quis
900 574 1074 616 tandem
1105 582 1173 618 est
1202 577 1276 630 qui
1305 576 1389 617 sibi

35 633 298 692 persuadeat
334 634 509 676 criticos
547 641 635 675 tam
675 633 925 689 frequenter
962 631 1152 673 litteram
1193 632 1310 674 illam
1346 633 1390 675 in

37 693 157 734 exitu
195 691 505 734 vocabulorum
548 692 851 747 usurpavisse,
904 705 992 745 quo
1041 696 1158 731 certe
1197 690 1391 732 futurum

36 750 191 792 fuisset
232 755 281 790 ut
318 749 556 790 orationem
597 749 702 790 mire
742 746 964 789 difficilem
1004 753 1136 802 atque
1166 746 1389 789 insuavem

37 805 297 849 redderent?
367 804 538 848 Deinde
577 806 704 847 etiam
745 820 851 847 usus
891 810 1118 860 poetarum
1159 804 1390 861 imprimis-

37 879 120 918 que
150 863 417 920 tragicorum
447 863 553 905 satis
586 870 706 905 certo
738 863 903 918 arguit,
934 876 1030 903 eam
1061 861 1232 903 litterae
1263 877 1390 904 usur-

36 920 206 977 pandae
244 919 606 962 consuetudinem
654 921 770 962 intra
810 918 944 961 multo
987 919 1264 975 angustiores
1303 925 1390 961 ter-

35 978 175 1021 minos
203 978 336 1020 fuisse
365 978 591 1031 inclusam,
625 992 753 1032 quam
778 977 875 1032 quis
894 991 947 1018 ex
977 978 1130 1018 crebra
1161 976 1255 1019 eius
1284 976 1389 1019 scri-

36 1036 183 1090 ptione
222 1036 267 1077 in
296 1034 523 1077 codicibus
554 1035 684 1076 obvia
716 1034 980 1090 suspicetur,
1012 1033 1058 1075 id
1088 1033 1207 1089 quod
1237 1034 1307 1076 vel
1339 1049 1390 1076 ea

36 1091 258 1135 docebunt
306 1107 417 1147 quae
462 1093 747 1134 Porsonus
790 1090 845 1133 ad
876 1091 1030 1146 Eurip.
1063 1090 1212 1133 Orest.
1244 1108 1286 1134 v.
1319 1093 1388 1134 64.

36 1156 79 1192 et
107 1149 228 1192 Med.
261 1166 301 1193 v,
334 1151 400 1193 76.
431 1156 475 1191 et
505 1149 817 1192 Elmsleius
848 1147 904 1190 ad
934 1147 1055 1191 Med.
1086 1165 1128 1190 v.
1160 1150 1228 1191 76.
1260 1163 1312 1191 ea
1335 1148 1388 1191 de

35 1222 80 1248 re
119 1214 450 1250 annotaverunt.
533 1205 754 1260 Quocirca
803 1205 910 1248 nihil
956 1205 1083 1248 nobis
1131 1205 1390 1260 relinquitur

35 1264 119 1306 nisi
147 1264 254 1317 hoc,
296 1270 345 1306 ut
384 1269 530 1321 spreto
569 1263 654 1306 isto
694 1263 812 1319 quod
842 1262 1008 1305 librarii
1037 1261 1264 1306 codicibus
1296 1265 1388 1307 suis

37 1320 330 1363 adhibuerunt
384 1321 615 1364 vetustatis
663 1327 918 1363 ornamento
958 1319 1212 1377 diligentius
1255 1336 1388 1377 quae-

38 1393 206 1430 ramus,
246 1378 423 1420 ubinam
465 1385 511 1420 et
561 1377 739 1433 quando
789 1378 966 1420 Atticus
1019 1393 1160 1420 sermo
1211 1378 1386 1422 finalem

35 1436 162 1477 istam
196 1435 384 1478 litteram
424 1436 553 1478 etiam
605 1442 705 1478 ante
753 1450 971 1478 consonas
1009 1434 1245 1478 admiserit.
1316 1436 1388 1479 Dc

37 1508 123 1547 qua
143 1500 284 1534 tamen
306 1508 351 1534 re
375 1492 583 1534 iudicium
613 1492 848 1535 admodum
878 1507 1040 1549 anceps
1071 1499 1138 1535 est
1163 1499 1295 1549 atque
1321 1493 1388 1535 lu—

35 1550 215 1592 bricum.
278 1549 392 1592 Nam
423 1550 468 1592 in
500 1565 697 1592 sermone
729 1549 903 1605 quidem
934 1549 1078 1592 medio
1111 1550 1284 1593 ubinam
1325 1550 1388 1593 ita

36 1608 197 1649 factum
227 1606 298 1660 sit,
329 1614 454 1650 tanto
485 1608 629 1650 minus
659 1614 807 1663 potest
836 1613 956 1650 certo
987 1606 1182 1662 definiri,
1221 1614 1387 1664 quanto

33 1664 259 1706 licentiore
277 1663 470 1707 lubidine
492 1664 562 1707 hic
583 1665 746 1707 librarii
759 1664 933 1706 litterae
958 1680 1082 1706 usum
1107 1680 1252 1708 merae
1278 1666 1387 1708 scri-

35 1728 188 1778 pturae
207 1722 347 1778 gratia
364 1722 764 1777 frequentaverunt.
790 1722 1037 1765 Verisimile
1057 1729 1202 1765 tamen
1222 1729 1289 1765 est
1309 1722 1387 1765 ad-

35 1777 209 1821 modum
239 1794 336 1821 raro
367 1779 427 1821 ibi
451 1794 545 1821 eam
573 1786 831 1835 usurpatam
869 1794 990 1833 esse,
1030 1779 1387 1835 quandoquidem

37 1842 82 1876 et
116 1836 314 1890 poeticus
346 1851 487 1878 sermo
526 1837 682 1892 ipsam,
713 1837 816 1879 licet
844 1837 1012 1878 numeri
1046 1837 1232 1880 subinde
1261 1837 1387 1895 flagi-

37 1898 202 1944 tarent,
240 1906 447 1947 perquam
476 1908 575 1935 raro
605 1893 802 1947 admisit,
842 1901 886 1935 et
915 1893 1114 1946 codices,
1156 1895 1232 1949 qui
1269 1895 1387 1937 illam

37 1948 212 2004 punctis
242 1955 433 1990 notatam
462 1949 693 2004 exhibent,
722 1951 977 1992 nominatim
1009 1951 1253 1993 Vaticanus
1286 1951 1386 1994 Pla-

34 2005 232 2052 tonis..!2.
264 2021 291 2047 a
320 2005 520 2049 Bastio
549 2007 825 2062 exploratus,
864 2007 904 2049 ei
933 2007 1007 2049 vix
1035 2007 1107 2050 hic
1136 2015 1268 2064 atque
1296 2008 1387 2052 illic

38 2062 180 2104 locum
233 2062 495 2105 concedunt.
563 2063 753 2106 Videtur
802 2071 947 2106 autem
986 2065 1047 2107 ibi
1086 2065 1291 2108 facillime
1320 2067 1387 2109 lo-

38 2134 135 2161 cum
172 2134 296 2162 suum
337 2121 450 2162 tueri
480 2121 698 2178 potuisse,
736 2121 812 2164 ubi
851 2121 991 2178 ipsum
1030 2121 1205 2165 dicendi
1243 2138 1385 2181 genus

38 2183 83 2218 et
137 2177 345 2219 orationis
415 2177 798 2235 grandiloquentia
855 2179 1128 2223 sonantiores
1194 2181 1386 2238 syllabas

37 2233 190 2276 finales
228 2234 470 2289 requireret
508 2243 584 2278 aut
611 2235 656 2278 in
696 2235 921 2278 recitando
957 2251 1099 2294 pausa
1133 2237 1281 2294 aliqua
1321 2239 1386 2282 lo·-

36 2306 135 2333 cum
163 2290 365 2343 haberet3
405 2292 530 2335 cuius
558 2293 732 2348 generis
763 2292 930 2349 aliquot
956 2294 1155 2351 exempla
1181 2295 1226 2337 in
1255 2309 1387 2352 supe-

37 2347 223 2390 rioribus
253 2348 618 2405 consignavimus.
661 2350 893 2392 Praeterea
923 2351 1052 2394 etiam
1081 2367 1188 2396 usus
1218 2352 1292 2395 ille
1320 2354 1386 2396 vi-

38 2404 166 2447 detur
203 2405 442 2448 obtinuisse
480 2407 527 2449 in
563 2407 648 2450 fine
683 2408 950 2464 integrarum
988 2410 1287 2452 narrationum
1315 2411 1386 2454 vel

38 2461 401 2517 disputationum3
438 2463 502 2506 ibi
528 2466 642 2507 enim
673 2465 894 2521 probabile
925 2472 1008 2522 est,
1038 2482 1126 2522 quo
1156 2468 1386 2511 sonantius

38 2518 346 2562 sententiarum
385 2521 519 2564 series
558 2522 720 2576 exiret,
765 2522 987 2566 fortiorem
1028 2539 1182 2567 sonum
1212 2524 1385 2567 litterae

38 2589 256 2618 consonae
285 2582 386 2619 ante
414 2577 543 2620 aliam
562 2594 800 2622 consonam
817 2579 1058 2624 adhibitum
1081 2596 1190 2625 esse.
1251 2581 1385 2636 Quod

38 2631 213 2688 quidem
242 2633 303 2675 ita
330 2648 449 2688 esse,
479 2635 608 2679 etiam
639 2653 691 2679 ex
722 2636 919 2680 Platonis
949 2637 1173 2683 codicibus
1202 2638 1385 2696 diligen-
