1612 2872
245 111 325 151 200
743 109 1110 155 PLATONIS

242 222 350 281 πρὸς
385 223 463 273 τὰς
498 221 614 276 ᾠδάς
646 221 795 277 μεςός,
846 225 918 266 καὶ
947 229 1087 281 χαίρει
1108 242 1168 269 >τε
1201 220 1335 278 ἦττον
1367 225 1572 283 πράττων

169 292 206 332 Ε
242 292 375 332 τοῦτο
414 293 483 331 καὶ
519 286 716 340 ἄνοι’)κης
751 306 818 342 γι)
824 294 1004 343 νομένης
1023 290 1260 346 akojgv'zott'
1305 288 1362 334 ἀν
1382 295 1568 347 μᾶλλον,

241 351 327 408 ὅσῳ
374 352 661 410 πρεσβύτερος
704 357 775 396 καὶ
820 362 1142 412 σωφρονέςερος
1183 361 1404 412 γίγνεται,
1455 356 1570 412 τόσῳ

241 422 426 473 μᾶλλον.
463 411 537 471 ἆρ’
582 417 660 474 οὐχ
698 418 864 474 οὕτως’,

343 484 446 525 ΚΛ.
520 482 640 525 (mm
675 487 753 538 μὲν
790 500 884 528 ουν.

340 550 436 591 ΑΘ.
512 549 683 592 Οὐκοῦν
728 556 773 592 ἐν
817 548 998 606 θεάτρῳ
1042 569 1086 605 γε
1119 555 1191 594 καὶ
1226 554 1453 601 παντοίοις
1491 551 1571 594 άν-

240 614 444 666 θρώποις
489 611 609 671 ᾄδειν
653 614 758 666 ἑςώς
804 614 951 672 ὀρθὸς
1004 621 1062 659 ἔτι
1104 620 1273 671 μᾶλλον
1326 616 1563 672 αἰσχύνοιτ’

237 676 310 720 ἄν.
357 683 428 722 καὶ
479 681 621 723 ταῦτα’
667 680 711 733 γ’·
757 686 791 724 εἰ
840 681 1048 737 καθάπερ
1095 687 1134 725 οἱ
1171 686 1265 739 περὶ
1299 687 1417 735 νίκης
1442 685 1567 738 χοροὶ

236 743 546 801 ἀγωνιζόμενοι
595 747 978 803 πεφωνασκηκότες
1036 753 1173 804 ἰσχνοί
1217 765 1260 791 τε
1310 753 1381 791 καὶ
1423 748 1569 791 ἄσιτοι

234 808 557 864 ἀναγκάζοιντο
594 810 714 868 ᾄδειν
751 817 790 855 οἱ
827 815 1045 864 τοιοῦτοι,
1082 813 1339 857 παντάπασί
1367 830 1451 856 που
1486 813 1568 866 ἀη-

126 883 206 923 666
238 877 319 924 δὼς
377 893 420 919 τε
478 879 549 919 καὶ
608 881 900 934 αἰσχυντηλῶς
951 879 1130 934 ᾄδοντες
1184 879 1466 936 ἀπροθύμως
1509 877 1567 921 ἂν

238 941 356 983 τοῦτ’
399 944 666 999 ὲυγοὲζοιντο.

324 1060 363 1092 Ε.
413 1059 658 1098 παντάπασί
687 1074 770 1094 που
801 1059 963 1104 αἠδῶς]
999 1062 1074 1096 Md.
1104 1062 1180 1095 Bas.
1209 1063 1239 1096 1.
1265 1063 1298 1097 2.
1326 1073 1389 1104 pro
1414 1074 1484 1094 που
1507 1062 1564 1095 ha-

232 1104 312 1137 bent
336 1115 418 1144 πως,
443 1113 489 1141 ut
503 1109 666 1148 scriptum
692 1112 744 1140 est
768 1109 798 1139 in
821 1109 897 1140 cod.
926 1111 960 1140 Ξ.
987 1114 1021 1140 et
1044 1119 1072 1141 c.

327 1152 362 1182 Ρ.
390 1152 467 1185 666.
493 1154 618 1196 μέχρι
644 1151 744 1184 ἐτῶν
769 1149 877 1194 ο’κτ.]
928 1155 970 1185 V.
994 1153 1127 1195 μέχρις,
1159 1153 1249 1194 quod
1282 1154 1488 1185 mutavimus
1521 1163 1563 1185 ex

231 1195 278 1226 Ω.
294 1205 323 1227 v.
339 1196 359 1228 f.
375 1207 399 1230 r
414 1208 443 1228 a.
470 1203 502 1229 et
527 1198 607 1229 Per.
637 1201 673 1228 Α.
698 1199 754 1238 qui
781 1202 868 1230 teste
893 1199 1008 1230 Bastio
1033 1200 1111 1230 item
1138 1199 1301 1239 scriptum
1332 1198 1432 1230 habet
1455 1201 1561 1240 „uim

230 1250 261 1271 ν.
285 1240 325 1271 ad
357 1241 523 1274 Phaedon
555 1254 586 1283 p.
615 1242 669 1275 61.
700 1243 737 1274 Ε.
764 1243 878 1284 Symp
905 1244 982 1277 210.
1007 1245 1047 1275 E.
1081 1248 1114 1275 et
1139 1244 1216 1276 220.
1250 1244 1288 1274 Ι).
1334 1243 1452 1274 Paullo
1485 1248 1564 1274 ante

233 1279 285 1315 ἇυ’
309 1281 370 1318 οὗν
395 1297 455 1327 pro
481 1283 536 1331 αἶρ’
562 1299 599 1317 ου
597 1283 691 1318 ’cod
730 1298 764 1319 Χ.
792 1290 822 1319 Ιι.
848 1299 875 1319 e
905 1290 1005 1320 Voss.
1032 1299 1107 1320 cum
1134 1289 1231 1320 Stob.
1259 1287 1501 1320 Serm.X111.
1529 1298 1562 1328 p.

232 1330 310 1364 294.
345 1332 448 1364 Gesn
482 1333 633 1366 :.V01
677 1333 715 1364 ΙΙ.
751 1344 784 1374 p.
823 1333 900 1367 202.
935 1334 988 1368 ed.
1026 1332 1132 1365 Gaisf.
1171 1333 1263 1375 [ips.
1296 1334 1397 1374 idque
1433 1334 1563 1374 recepit

929 1453 971 1457 —
1010 1434 1235 1467 παιδεύεσθαι
1275 1437 1399 1475 μᾶλλον
1438 1433 1460 1477 ἢ
1503 1434 1564 1477 τὴν

927 1478 1117 1522 ἐπιχωρίαν.
1144 1481 1200 1512 ubi
1224 1483 1320 1522 pIura
1345 1481 1514 1513 dedimus.

973 1524 1362 1567 πεφωνασκηκότες
1414 1526 1564 1566 ἰσχνοί

927 1582 965 1602 τε
999 1572 1066 1602 καὶ
1097 1569 1236 1602 ἄσιτοι
1262 1572 1326 1612 -]
1346 1571 1398 1609 H.
1427 1583 1455 1603 e.
1484 1580 1559 1602 mo-

927 1615 1068 1648 derante
1108 1616 1297 1656 phonasco,
1341 1617 1397 1656 qui
1436 1626 1556 1647 vocem

926 1665 1078 1698 exercet,
1104 1662 1206 1701 regit,
1231 1662 1367 1692 format.
1406 1662 1454 1694 De
1473 1659 1557 1701 pho-

926 1707 1055 1743 nascis,
1101 1706 1196 1737 vocis
1222 1705 1420 1738 formandae
1458 1715 1555 1746 prae-

922 1750 1131 1790 nemoribus,
1159 1750 1226 1782 vid.
1255 1752 1358 1791 intpp.
1382 1752 1423 1782 ad
1455 1751 1553 1781 Sue-

922 1799 1005 1826 ton.
1042 1796 1190 1836 August.
1226 1806 1256 1827 c.
1294 1795 1348 1829 74.
1382 1801 1416 1827 et
1447 1795 1556 1826 Mer-

922 1840 1104 1872 curialis
1132 1840 1309 1881 Gymnast.
1334 1840 1400 1872 III.
1430 1841 1460 1874 7.

230 1432 319 1464 aliud
345 1433 429 1473 quid
453 1435 497 1466 sit
519 1435 660 1476 simplex
689 1433 773 1476 τῇδε,
799 1435 860 1465 aii-

228 1477 274 1510 ud
302 1476 378 1518 τῇδέ
403 1490 460 1520 πῃ.
492 1479 590 1520 Reip.
626 1481 683 1512 lv,
717 1491 748 1520 p.
780 1479 861 1513 433.

227 1523 274 1554 E:
306 1521 424 1556 σκόπει
453 1523 496 1566 δὴ
522 1526 575 1557 καὶ
597 1524 690 1566 τῇδε,
715 1524 748 1556 εἰ
770 1522 860 1556 οὕτω

228 1566 330 1607 δόξει.
362 1570 488 1610 Cratyl.
523 1582 554 1611 p.
583 1571 662 1605 437.
694 1570 744 1600 D:
780 1569 860 1601 τάδε

229 1611 266 1643 δὲ
307 1612 582 1653 ἐπισκεψώμεθα,
621 1615 653 1646 εἰ
690 1612 765 1655 ἡμῖν
806 1615 859 1645 καὶ

226 1656 303 1698 τῇδε
333 1655 518 1701 ὁμολογεῖς.
566 1661 677 1691 Parm.
714 1670 746 1700 p.
781 1659 857 1693 148.

227 1702 272 1734 E:
299 1702 388 1734 τίδὲ
414 1704 508 1744 τῇδε;
534 1699 591 1746 ἆρ’
617 1715 705 1735 ουκ.
724 1715 749 1734 τ.
770 1704 795 1734 λ.
813 1705 855 1735 ai.

267 1747 306 1779 E.
363 1750 429 1780 και
471 1751 608 1791 χαίρει
649 1760 688 1780 τε
728 1742 856 1790 ἦττον

221 1802 280 1833 πρ.
309 1793 364 1834 —J
391 1798 433 1826 et
457 1805 536 1826 non
563 1795 690 1826 modo
716 1796 854 1826 minus

220 1838 413 1878 gaudeat
463 1839 502 1870 id
542 1839 729 1878 faciens,
776 1838 853 1871 sed

222 1882 346 1914 etiam
373 1885 642 1916 necessitate
674 1887 853 1924 urgente

218 1929 355 1968 magis
396 1931 536 1970 ipsum
577 1930 634 1960 rei
674 1929 852 1970 pudeat,

219 1976 261 2004 et
309 1972 477 2014 quidem
527 1978 652 2006 tanto
693 1974 849 2014 magis,

217 2027 302 2057 quo
339 2020 485 2051 senior
524 2024 589 2051 est
624 2028 671 2050 ac
705 2017 850 2050 mode-

217 2063 342 2095 stior.
390 2063 474 2096 Nam
491 2065 593 2096 verba
608 2063 701 2095 inde
711 2065 752 2095 ab
780 2060 850 2106 ὅσῳ

216 2105 449 2151 πρεσβύτερος
481 2128 524 2133 -
554 2110 678 2149 μᾶλλον
710 2109 850 2140 inservi-

217 2157 274 2183 unt
305 2154 545 2194 praecedentis
568 2155 692 2193 μᾶλλον
724 2163 850 2195 epexe—

215 2198 310 2237 gesi,
342 2198 461 2231 eadem
490 2199 643 2239 ratione,
675 2208 738 2240 qua
768 2198 850 2230 sub-

214 2242 293 2272 inde
346 2244 472 2281 μᾶλλον
526 2244 720 2286 adiungitur
774 2243 850 2274 aliis

213 2290 468 2326 comparatiiis.
505 2289 611 2328 Gorg.
638 2300 670 2344 p.
693 2288 770 2322 487.
800 2288 844 2320 Βε

213 2329 411 2374 ἐνδεεστέρα)
437 2332 473 2365 δὲ
498 2330 688 2375 παρ’ρησιας
711 2333 765 2364 καὶ
792 2332 842 2363 αι’-

214 2377 466 2419 σχυντηροτέρω
496 2379 620 2418 μᾶλλον
652 2380 715 2410 τοῦ
746 2376 841 2408 δέον-

213 2429 281 2452 τος.
321 2423 343 2454 i.
370 2433 399 2454 e.
441 2428 485 2454 et
526 2424 694 2464 quidem
744 2424 840 2464 plus

210 2467 342 2520 iduato
372 2465 496 2498 Phaed.
524 2479 555 2508 p.
582 2469 635 2503 79.
665 2469 710 2500 Ε·
741 2468 839 2499 παντὶ

211 2507 414 2565 ὄμοιότερόν
437 2511 607 2553 ἐστιψυχὴ
633 2514 678 2554 τῷ
701 2509 751 2544 ἀεὶ
777 2509 837 2544 ωε·-

208 2552 322 2588 αὕτως
352 2556 460 2597 ἔχοντι
493 2558 619 2597 μᾶλλον
654 2555 674 2599 ἢ
705 2558 750 2600 τῷ
778 2555 834 2598 μή.

208 2600 313 2642 Hipp.
346 2602 422 2635 mai.
453 2612 494 2656 ρ.
518 2603 595 2638 285.
629 2603 680 2634 A:
714 2590 834 2643 ὠφελι-

207 2644 357 2688 μώτερον
392 2644 451 2688 τὴν
475 2643 541 2679 ὑπὸ
569 2649 633 2680 σοῦ
660 2647 835 2680 παίδευσιν

966 1907 1005 1938 P.
1029 1907 1106 1941 666.
1134 1906 1552 1949 παραμυθησόμεθα

920 1951 1178 1993 προθύμους
1214 1951 1347 1992 εἶναι]
1395 1953 1450 1984 De
1486 1963 1550 1982 ua-

919 1997 1175 2037 ραμυθεῖσθαι,
1213 1997 1304 2037 quod
1337 1997 1437 2028 habet
1464 1998 1550 2037 pia-

919 2042 1055 2082 candi,
1081 2042 1396 2082 tranquillandi
1423 2051 1468 2072 ac
1492 2042 1550 2072 le-

919 2087 1069 2119 niendi
1127 2090 1413 2128 potestatem,
1462 2086 1548 2117 dixi-

920 2141 993 2163 mus
1018 2141 1122 2172 qunm
1153 2132 1251 2170 aiibi,
1277 2135 1349 2163 tum
1375 2131 1416 2162 ad
1445 2131 1546 2171 Reip.

918 2177 959 2209 V.
990 2187 1021 2217 Ρ.
1038 2176 1119 2211 476.
1137 2177 1166 2207 Ε
1204 2195 1246 2198 -
1281 2174 1548 2218 προθύμοις

917 2217 1044 2261 εἶναι,
1078 2222 1099 2253 ἱ.
1126 2232 1155 2255 e.
1181 2219 1262 2252 ὧςτε
1289 2233 1344 2263 πρ.
1372 2220 1470 2252 εῗ.ναι

957 2283 1022 2330 ἄρ’
1042 2287 1087 2319 01’·
1107 2286 1543 2329 νομοθετήσομεν-]

909 2332 1102 2366 Boeekhius
1140 2343 1204 2365 non
1250 2332 1383 2364 dubitat
1420 2332 1539 2364 falsum

909 2389 986 2411 esse
1010 2373 1063 2419 ἆρ’
1087 2377 1142 2409 οὔ.
1191 2377 1276 2410 Nam
1300 2379 1328 2408 si
1355 2377 1542 2416 interroga-

908 2424 954 2455 tio
980 2427 1090 2462 esset,
1127 2423 1252 2463 inquit,
1288 2432 1326 2453 ea
1354 2427 1447 2453 certe
1476 2431 1542 2453 non

907 2471 985 2509 post
1033 2467 1199 2509 γεύεσθαι
1248 2466 1434 2505 desineret,
1480 2466 1541 2497 sed

906 2513 1040 2545 demum
1069 2524 1099 2554 p.
1118 2512 1195 2547 666.
1213 2512 1250 2543 C.
1276 2515 1352 2553 post
1376 2510 1459 2542 illud
1481 2506 1539 2541 ει]-

904 2556 1137 2600 πλαστότερον
1161 2568 1190 2588 ει
1180 2557 1261 2588 ’ναω
1298 2555 1367 2588 Sed
1393 2555 1468 2595 quis
1493 2564 1536 2586 eo

903 2612 1011 2644 usque
1037 2605 1206 2643 pertinere
1231 2599 1532 2641 interrogationem

902 2647 1071 2687 censebit,
1111 2646 1311 2689 praesertim
1344 2653 1447 2686 quum
1480 2653 1536 2677 ue-
