1612 2872
467 68 552 112 DE
580 67 859 113 LEGIBUS
890 77 973 112 etc.
1238 66 1425 110 LXVII

59 186 220 228 certius
258 184 532 241 exploratum
570 182 815 235 haberetur.
853 197 894 223 v,
941 181 1079 238 Legg.
1120 180 1202 223 VI.
1246 196 1290 238 p.
1326 181 1422 221 769.

58 242 117 284 D.
160 239 292 283 VIII.
332 257 374 298 p.
417 241 515 283 838.
556 241 613 282 A.
653 239 739 281 IX.
782 254 826 295 p.
867 239 964 281 855.
1008 239 1065 283 D.
1103 237 1216 280 XII.
1245 253 1289 294 p.
1323 239 1420 280 957.

57 300 114 341 A.
143 313 239 353 sqq.
273 297 327 340 al.
387 296 523 351 Quod
553 302 696 338 autem
735 295 856 352 leges
886 295 1063 338 omnino
1091 295 1137 337 in
1165 295 1311 338 locum
1341 294 1422 336 im-

57 356 305 410 perantium
343 353 704 410 philosophorum
736 353 987 407 substituit,
1027 353 1074 395 in
1102 358 1288 407 utraque
1319 365 1422 408 pro-

56 413 172 454 fecto
214 412 394 454 civitate
434 409 754 453 existimandus
795 415 862 451 est
893 409 1049 452 mentis
1079 409 1310 466 imperium
1342 421 1423 464 per

57 469 203 511 omnia
240 468 386 510 valere
424 467 626 511 voluisse.
687 466 805 508 Nam
832 466 973 523 legem
1005 466 1115 508 nihil
1143 465 1262 509 aliud
1293 471 1421 522 puta-

56 526 120 567 vit
158 540 255 568 esse
294 525 375 566 nisi
418 530 581 567 rectam
636 523 851 565 rationem
900 523 1085 566 honesta
1133 524 1422 580 imperantem

55 582 445 637 prohibentemque
477 580 722 633 contraria,
762 585 814 621 ut
842 578 952 622 adeo
982 580 1165 622 rationis
1196 580 1422 637 perfectae

55 650 263 693 tanquam
301 638 465 680 vicaria
506 652 603 680 esse
644 636 883 678 videretur.
962 637 1032 678 De
1073 652 1162 692 qua
1202 636 1423 679 sententia

54 712 95 738 v.
141 695 315 738 Politic.
357 711 398 750 p.
431 697 526 739 ⁶297.
563 695 619 736 D.
653 694 706 736 E.
740 693 882 750 Legg.
914 693 997 736 IV.
1031 709 1073 749 p.
1105 696 1201 737 713.
1232 694 1288 735 E.
1322 695 1419 736 715.

55 752 108 794 Β.
139 752 249 795 X11.
281 767 325 808 p.
355 753 451 794 957.
483 751 534 794 C.
566 750 665 794 coll.
725 750 917 793 Davis.
957 749 1013 793 ad
1055 750 1245 793 Cicer.
1274 750 1419 806 Legg.

55 808 91 850 I.
133 812 183 862 5,
237 811 276 851 6.
322 815 366 850 et
402 809 497 865 intp
532 841 541 850 .
584 808 641 850 ad
680 806 944 850 Grotium
987 807 1057 850 De
1096 807 1191 849 iure
1232 806 1337 849 belli
1369 821 1421 848 ac

13 885 15 903 ι
53 866 176 922 pacis
206 866 242 908 I.
275 881 311 908 c.
349 867 412 909 10.
472 825 593 908 Ifuic
622 865 760 922 igitur
785 865 1069 921 magistratus
1091 864 1255 920 pariter
1285 869 1419 919 atque

12 956 14 968 ³
55 923 174 966 cives
222 937 374 979 parere
424 929 468 964 et
518 922 590 978 pie
637 921 932 978 religioseque
983 921 1161 964 obedire
1216 926 1419 978 oportere

11 1002 12 1006 =
53 979 281 1034 iudicavit,
313 979 507 1035 alioquin
538 989 658 1022 ratus
689 979 880 1021 civitatis
908 979 1093 1021 salutem
1124 977 1244 1020 nullo
1288 976 1419 1020 modo
1468 998 1478 1006 -

10 1067 11 1070 =
54 1052 184 1093 posse
223 1037 479 1079 consistere.
552 1035 607 1078 Id
645 1035 764 1092 quod
813 1051 947 1091 quum
987 1036 1092 1078 alibi
1132 1041 1226 1077 tum
1275 1034 1416 1091 Legg.

55 1093 142 1137 III.
167 1110 208 1150 p.
244 1095 340 1136 689.
359 1094 411 1138 Β.
443 1095 538 1135 700.
579 1095 636 1135 A.
670 1093 750 1135 [V.
778 1109 820 1149 p.
853 1095 949 1134 713.
981 1108 1077 1148 sqq.
1111 1094 1206 1136 715.
1233 1092 1289 1134 D.
1322 1106 1417 1147 sqq.

8 1155 9 1174 ἶ
53 1151 110 1192 D.
171 1151 256 1193 IX.
297 1167 339 1207 p.
373 1152 469 1192 859.
510 1151 567 1192 A.
607 1151 705 1193 874.
746 1149 798 1191 E.
843 1164 941 1205 sqq.
986 1151 1084 1192 876.
1117 1149 1170 1191 E.
1210 1148 1418 1206 gravissi-

49 1208 130 1250 mis
162 1208 306 1250 verbis
335 1207 580 1249 edocemur.

165 1265 331 1308 Verum
354 1264 548 1307 redimus
578 1262 817 1320 aliquando
848 1262 904 1305 ad
933 1263 995 1318 id,
1029 1262 1146 1305 unde
1175 1261 1418 1319 paullisper

0 1342 1 1347 ¹
55 1321 234 1365 deflexit
272 1322 425 1366 oratio.
496 1320 711 1364 Videmus
755 1321 915 1378 igitur,
957 1320 1155 1377 Legibus
1185 1334 1341 1362 revera
1370 1318 1416 1360 id

57 1394 152 1422 esse
172 1379 472 1435 propositum,
504 1384 555 1420 ut
586 1377 781 1420 secunda
819 1377 896 1419 illa
926 1377 1106 1429 civitas,
1145 1391 1274 1432 quam
1304 1375 1416 1418 dixi-

55 1450 174 1489 mus,
220 1434 509 1492 depingatur,
563 1435 760 1490 nihilque
799 1433 920 1476 aliud
957 1435 1001 1476 in
1046 1434 1113 1476 his
1160 1433 1283 1476 libris
1326 1433 1417 1490 egit

53 1492 357 1550 philosophus,
390 1506 520 1546 quam
552 1498 600 1533 ut
618 1508 697 1548 pro
734 1499 886 1534 oneret
914 1492 1103 1548 optimas
1133 1491 1271 1548 leges,
1303 1504 1416 1545 quae

55 1549 221 1592 civitati
254 1549 383 1591 alicui
415 1563 566 1591 recens
596 1509 870 1604 condendae,
903 1548 1007 1591 data
1027 1549 1289 1604 optimarum
1309 1562 1414 1590 con-

53 1607 266 1650 ditionum
308 1606 513 1662 optione⁷
556 1621 610 1648 ex
661 1607 856 1649 moribus
898 1612 942 1648 et
970 1606 1187 1648 institutis
1219 1603 1415 1647 Graeco-

53 1678 151 1706 rum
190 1663 454 1720 populorum
494 1662 629 1705 scribi
700 1678 801 1705 osse
846 1663 1112 1706 viderentur.
1172 1661 1416 1704 Verissimc

53 1721 185 1778 igitur
215 1720 540 1776 Appuleius
571 1720 640 1762 De
703 1719 872 1763 abitud.
906 1720 1091 1763 doctrin.
1139 1719 1311 1761 Platon.
1355 1718 1413 1760 ΙΙ.

54 1794 95 1835 p.
127 1779 195 1820 27.
227 1776 296 1819 ed.
319 1776 541 1819 Elmenh.:
573 1776 874 1820 Eiusmodi
907 1778 1222 1829 civitatem,
1254 1775 1413 1832 inquit,

54 1834 220 1876 nullis
265 1834 640 1876 extrinsecus
679 1833 817 1877 latis
856 1835 1086 1891 legibus
1121 1833 1413 1890 indigere3

54 1890 217 1947 regia
245 1890 797 1946 quippeprudentia
837 1898 890 1933 et
922 1889 1202 1933 eiusmodi
1241 1889 1414 1931 insti-

52 1947 202 1990 tutis
243 1961 303 1989 ac
335 1947 605 2000 moribus,
639 1947 847 2001 quibus
889 1947 1098 1990 dictum
1139 1952 1252 2000 est,
1285 1947 1414 1987 fun-

52 2003 182 2046 data
223 2010 458 2046 ceteras
498 2003 657 2060 leges
695 2019 801 2045 non
842 2004 1113 2059 requirat.
1176 2003 1242 2045 Et
1274 2003 1415 2045 hanc

53 2060 276 2117 quidem
336 2066 398 2102 ut
448 2060 785 2117 figmentum
845 2060 1085 2116 aliquod
1144 2059 1414 2103 veritatis

53 2116 299 2174 exempli
359 2131 558 2159 caussa
618 2132 718 2174 per
776 2132 832 2160 se
883 2117 1246 2174 compositam
1292 2116 1415 2158 vult

54 2174 605 2230 esseReipublicam.
658 2175 768 2217 Est
798 2180 851 2216 et
881 2174 1018 2228 alia⁷
1049 2190 1074 2216 o
1122 2174 1256 2216 tima
1287 2173 1412 2229 qui-

53 2230 172 2274 dem
215 2237 272 2273 et
312 2231 463 2274 satis
502 2231 680 2285 iusta,
721 2238 776 2273 et
805 2231 931 2288 ipsa
963 2191 1183 2286 quidpem
1218 2231 1413 2288 specie

54 2293 119 2330 et<
162 2287 315 2330 dicis
356 2302 556 2331 caussa
597 2288 800 2331 civitas
848 2287 1157 2342 fabricata,
1211 2303 1316 2330 non
1355 2292 1414 2328 ut

54 2343 328 2401 superior
367 2344 488 2386 sine
528 2344 853 2399 evidentia,
904 2345 998 2388 sed
1026 2346 1130 2387 iam
1171 2358 1272 2386 cum
1312 2345 1411 2385 all-

52 2414 148 2452 «μα
186 2401 490 2451 substantia.
559 2401 621 2443 In
665 2402 765 2444 hac
803 2417 907 2444 non
950 2417 1053 2445 suo
1093 2401 1313 2444 nomine
1348 2400 1413 2442 de

51 2463 215 2500 statu
245 2463 298 2500 et
326 2458 634 2501 commodis
665 2458 929 2501 civitatis
959 2459 1266 2514 requirens
1299 2458 1411 2500 ori-

51 2514 213 2571 ginis
245 2515 660 2572 eiusprincipia
703 2521 756 2557 et
792 2515 1162 2559 fundamenta
1202 2515 1411 2571 dispos

50 2570 165 2625 nit,
208 2570 307 2613 sed
345 2586 398 2614 eo
437 2572 655 2627 tendit,
712 2571 1399 2627 quemadmodumzsscivili

50 2627 427 2683 gubernator,
481 2628 764 2671 eiusmodi
827 2629 1010 2673 locum
1064 2634 1409 2672 conventus-

1052 2709 1139 2749 Ε*
