1612 2872
247 102 327 142 294

717 101 1091 142 PLATONlS

198 238 199 242 =
249 220 372 258 στοτέ
420 232 461 256 τι
506 213 642 256 καλὸν
683 213 796 271 ὁρᾶν
842 217 1020 270 πρᾶγμα
1067 214 1300 270 γενόμενον
1345 219 1415 259 καὶ
1460 220 1575 260 θαυ-

248 280 393 335 μαστοὶ
430 277 487 322 ἆν
521 280 838 334 ἐργασάμενον,
880 281 918 323 εἴ
950 298 1015 330 τις
1047 280 1136 337 ἄρα
1171 281 1403 335 ἠπιστήθη
1437 285 1577 333 καλῶς

167 352 209 393 D
250 346 370 400 αὐτῷ
403 347 604 399 χρῆσθαι
638 344 751 388 κατά
789 362 886 388 τινα
924 345 1103 403 τρόπον,
1134 346 1184 390 τὸ
1221 350 1263 390 δὲ
1292 351 1371 391 νῦν
1389 366 1434 402 γε
1459 348 1578 403 ἡμεῖς

250 410 339 466 τάχ’
379 409 436 453 ἂν
469 411 570 460 ἴσως
604 413 699 466 περὶ
744 414 876 455 τοῦτο
912 412 1022 456 αὐτὸ
1059 410 1152 456 οὔτ’

1203 411 1355 468 ὀρθῶς
1390 418 1576 458 διανοοί-

250 480 374 532 μεθα
422 474 522 519 οὔτε
555 477 668 519 κατὰ
721 477 876 536 φύσιν,
927 482 998 521 καὶ
1033 480 1084 531 δὴ
1120 482 1192 521 καὶ
1227 482 1322 534 περὶ
1366 480 1419 522 τὰ
1463 478 1576 523 ἄλλα

252 542 410 591 πάντες
438 541 595 591 πάντα,
632 546 726 597 περὶ
763 538 823 586 ὧν
854 542 912 586 ἂν
948 542 1071 587 οὕτω
1097 547 1396 597 διανοηθ·ῶσι;

351 609 453 650 ΜΕ.
487 610 638 662 Λέγεις
672 612 716 652 δὲ
751 608 804 662 δὴ
844 613 902 660 τί,
937 614 1008 654 καὶ
1045 613 1139 665 περὶ
1175 614 1293 661 τίνος
1327 628 1398 654 σοι
1431 614 1579 669 φῶμεν

252 673 415 728 μάλιστ’
457 676 667 728 εἰρῆσθαι
702 678 864 719 τοῦτον
900 674 978 719 τὸν
1017 678 1171 730 λόγον;

358 734 538 783 ΑΘΫΩ

579 740 733 794 ’γαθὲ,
777 759 847 785 και
886 741 1022 793 αὐτὸς
1057 745 1245 797 ἐμαυτοῦ
1290 744 1370 785 νῦν
1416 744 1467 794 δὴ
1503 761 1578 785 κα-

256 809 470 855 τωέλασα.
510 805 770 865 ἀποβλέψας
811 806 896 863 γὰρ
940 808 1050 863 πρὸς
1085 811 1243 851 τοῦτον
1291 806 1369 851 τὸν
1405 809 1576 873 στόλον,

252 867 305 915 οὗ
341 876 436 926 πέρι
479 874 624 926 διαλε)
616 871 797 927 όαεθα,

843 874 956 924 ἔδοξέ
998 891 1073 926 μοι
1117 872 1337 926 πάγκαλός
1382 890 1425 915 τε
1472 874 1579 916 εἶπαι

250 941 321 981 καὶ
359 937 626 989 θαυμαστὸν
662 942 804 994 κτῆμα
831 949 1098 994 παραπεσεῖν
1133 947 1222 988 τοῖς
1229 938 1440 990 ‘'EM-mum
1476 937 1580 994 ὅπερ

180 998 217 1039 Ε
258 1004 393 1054 εἶπον,
430 1004 468 1046 εἴ
500 1020 563 1054 τις
597 1003 685 1058 ἄρα
707 1005 841 1059 αὐτῷ
880 1005 977 1048 τότε
1012 1007 1151 1054 καλῶς
1187 1005 1408 1060 ἐχρήσατο.

345 1179 381 1209 Ι).
416 1175 528 1220 αὐτῷ
558 1179 768 1223 χρῆσθαι]
803 1181 952 1222 χρῆσθαι
989 1179 1252 1213 Α,Β.Ω.Ιι.ι·.δ.
1291 1181 1354 1212 Alii
1386 1189 1460 1211 cuni
1492 1181 1580 1220 vulg.

301 1312 368 1344 καὶ
391 1311 622 1352 θαυμαστὰ
646 1311 693 1345 ἂν
718 1314 888 1356 ἐργασά-

254 1369 386 1398 μενον
419 1361 486 1396 -1
526 1359 636 1399 quod
678 1361 888 1393 mirabilia

253 1403 422 1436 suisset
443 1403 712 1441 effecturum,
734 1407 889 1447 siquis

255 1459 307 1481 eo
337 1449 547 1481 scivisset
578 1454 697 1482 recte
728 1451 785 1484 uti
810 1451 884 1484 ali—

254 1504 334 1536 quo
361 1494 493 1526 modo.

301 1539 345 1573 D.
378 1538 420 1570 τὸ
446 1538 488 1571 δὲ
513 1539 588 1570 νῦν
613 1551 658 1581 γε
683 1537 885 1584 ἦμεῐς-]

257 1584 493 1616 Anacolutbon
530 1595 691 1626 perquam
727 1587 888 1623 notabile,

256 1629 347 1670 quod
380 1639 420 1661 ex
459 1629 568 1681 ipsius·
605 1632 795 1662 sententiae
830 1640 887 1662 an-

257 1675 396 1706 daciore
411 1670 635 1706 conversione
652 1679 763 1707 ortum
780 1675 887 1707 «luxit.

255 1719 340 1752 Nam
376 1729 477 1761 quum
513 1719 719 1759 praecedat
739 1718 889 1761 οζόμενοι

255 1763 315 1804 μὲν
333 1765 409 1804 κτλ.
434 1764 621 1796 continuari
636 1766 745 1798 oratio
771 1767 890 1798 debuit

257 1812 288 1842 in
314 1814 398 1841 nune
430 1809 502 1841 fere
534 1809 689 1841 modum:
722 1811 886 1843 διανοού-

257 1865 351 1895 μενοι
383 1852 419 1885 δὲ
446 1854 519 1895 περὶ
551 1850 635 1885 αὐτὸ
662 1852 890 1898 01’1'1'1308058

259 1898 339 1932 οὕτε
362 1897 442 1931 κατὰ
467 1898 584 1941 φύσιν,
604 1897 723 1955 ὥςπερ
748 1902 811 1934 νῦν
836 1902 889 1934 καὶ

258 1945 350 2000 ἡμεῖς
379 1941 450 1986 τάχ’
497 1942 539 1976 ἄν
568 1956 632 1976 ουκ
665 1942 783 1987 ὀρθως
815 1948 890 1989 περὶ

258 1988 341 2023 αὐτὸ
361 1992 462 2022 τοῦτο
475 1989 699 2030 διανοοίμεθα
715 1993 779 2024 κτλ.
793 1992 889 2025 Haec

259 2045 340 2068 vero
372 2037 438 2069 alio
472 2045 613 2078 prorsus
649 2037 750 2070 modo
784 2047 888 2070 enun-

258 2083 342 2114 tiata
366 2086 454 2117 sunt,
479 2081 751 2122 quandoquidem
770 2092 889 2114 secun·

258 2126 353 2158 daria
389 2127 559 2159 sententia
597 2126 629 2158 in
666 2128 780 2161 locum
817 2128 883 2169 pri-

258 2172 389 2205 mariae
425 2171 601 2205 successit.
657 2173 705 2205 De
744 2171 788 2204 τὸ
826 2171 885 2212 δέ,

258 2226 380 2257 quum
406 2220 577 2256 tamen,
610 2227 641 2248 v.
668 2218 708 2250 ad
735 2219 885 2260 Apolog.

259 2261 357 2295 Socr.
395 2272 427 2303 p.
466 2261 520 2296 23.
561 2265 598 2293 A.
641 2262 745 2339 Leffig.
766 2264 813 2340 a¹1.
853 2273 872 2305 p

257 2305 335 2340 642.
364 2308 406 2338 A
435 2307 507 2339 v.11
536 2317 568 2348 p.
594 2306 671 2341 803
700 2309 738 2340 D.

306 2347 556 2392 ἀποβλέψας
588 2350 669 2394 γὰρ
696 2371 738 2376 —
764 2310 889 2394 ἔιδοξὲ

258 2396 346 2438 μοι]
400 2398 448 2428 De
481 2397 684 2429 nominativo
721 2399 889 2440 participii

261 2446 425 2483 sequente
457 2439 552 2482 ἔδοξέ
586 2453 642 2480 μοι
675 2453 705 2474 v.
738 2454 814 2476 ann.
848 2444 889 2475 ad

263 2488 404 2528 Apolog.
431 2485 528 2518 Socr.
553 2497 585 2528 p.
610 2488 665 2521 21.
692 2487 730 2522 C.
759 2489 888 2521 Eadem

260 2531 421 2572 loquendi
458 2532 544 2564 ratio
591 2534 735 2565 recurrit
773 2535 804 2565 in
842 2533 890 2566 luia

259 2577 352 2609 libris
383 2576 465 2609 infra
501 2577 572 2609 VIl.
605 2587 639 2615 p.
670 2578 748 2612 811.
785 2579 823 2611 C.
856 2583 890 2611 et

260 2622 338 2656 817.
366 2622 405 2654 Ι).
431 2622 484 2653 VI
521 2632 552 2664 p.
580 2622 655 2656 769.
675 2623 713 2655 C.
739 2625 786 2655 Ac
811 2634 888 2666 per-

261 2668 343 2701 tinet
368 2667 430 2700 huc
456 2667 558 2701 etiam
585 2667 678 2701 Libr.
699 2668 738 2700 ll.
762 2679 792 2710 p.
808 2669 885 2704 673.

956 1315 994 1347 C.
1022 1313 1257 1356 διαλεγόμενος
1286 1333 1326 1338 —-
1358 1316 1390 1346 τί
1411 1314 1491 1346 ποτέ
1517 1325 1581 1347 σοι

956 1361 1018 1392 οἴει
1042 1356 1323 1400 ἅποκρινεῖσθαι;
1355 1359 1519 1392 Dixerunt
1539 1360 1582 1392 de

956 1406 1074 1438 eadem
1097 1406 1197 1438 etiam
1224 1405 1427 1437 Valcken.
1453 1405 1494 1437 ad
1514 1405 1581 1438 Eu-

954 1452 1016 1489 ris».
1044 1449 1221 1483 Phoeniss.
1246 1450 1323 1484 292.
1356 1451 1414 1482 int.
1444 1449 1486 1481 ad
1512 1449 1581 1482 So-

955 1496 1090 1538 phoci.
1127 1496 1303 1528 Philoctet.
1346 1505 1374 1527 v,
1412 1496 1480 1530 547
1513 1506 1583 1537 sqq.

953 1541 1006 1573 ed.
1028 1541 1207 1572 Brunck.
1235 1540 1424 1572 Boeckh.
1451 1542 1482 1572 in
1502 1541 1581 1572 Min

955 1596 987 1627 p
1014 1586 1090 1620 102
1117 1584 1333 1617 Matthiae
1365 1585 1426 1616 Gr.
1452 1585 1479 1626 §
1503 1585 1581 1619 556,

954 1640 1031 1671 ann.
1059 1631 1091 1664 3.
1121 1629 1367 1669 Bernhardy
1386 1629 1524 1671 Syntax.
1550 1642 1581 1683 p.

953 1668 1020 1710 479
1044 1684 1116 1717 sqq.
1143 1675 1239 1706 Haec
1263 1674 1347 1707 satis
1371 1680 1481 1716 erunt,
1511 1677 1582 1716 opi-

955 1730 1032 1762 nor,
1068 1720 1110 1752 ad
1137 1719 1351 1752 refellendam
1382 1721 1580 1752 sententiam

955 1765 1184 1806 Stephani,
1202 1760 1457 1805 ’ἀποβλέψαντι
1501 1775 1582 1797 con-

938 1833 947 1840 .
956 1811 1122 1843 lectantls.

1001 1855 1040 1888 E.
1060 1855 1128 1887 καὶ
1154 1852 1470 1894 ἑχόντωςνοῦν]
1489 1863 1579 1895 pru·

955 1900 1032 1933 den
1045 1905 1122 1939 ter3
1137 1899 1332 1933 adverbium
1358 1899 1492 1931 verbale
1508 1908 1581 1931 cum

954 1955 1034 1978 casu
1051 1945 1144 1978 verbi
1164 1945 1215 1977 sui
1230 1945 1470 1978 consociatum.
1498 1943 1584 1976 Hinc

956 1990 1086 2023 Phileb.
1113 2001 1143 2032 p.
1169 1990 1222 2024 64.
1240 1995 1297 2030 A„
1325 1989 1380 2021 ubi
1402 1988 1484 2024 νοῦς
1511 1990 1582 2021 lau-

954 2037 1071 2076 datur,
1111 2032 1252 2076 ἐχόντως
1281 2030 1417 2070 ἑαυτόν,
1461 2033 1516 2065 ubi
1552 2044 1579 2065 v.

953 2092 1028 2114 ann.
1054 2080 1226 2122 Frequens
1259 2086 1311 2119 est
1345 2077 1583 2119 νουνεχόντως,

951 2127 994 2159 de
1031 2135 1097 2167 quo
1137 2126 1277 2157 consule
1317 2126 1417 2157 etiam
1451 2125 1580 2165 Apol-

951 2173 990 2203 lo
999 2181 1029 2203 n.
1038 2171 1086 2203 De
1095 2170 1244 2203 Adverb.
1256 2170 1425 2203 Anecdot.
1438 2169 1580 2202 Bekker.

952 2216 994 2248 Τ.
1010 2216 1058 2247 11.
1085 2226 1119 2257 p.
1132 2215 1208 2250 587.
1229 2216 1282 2250 15.
1308 2215 1476 2255 νουνεχῶς
1499 2214 1583 2247 dixit

954 2259 1117 2303 Polyb(
1141 2261 1196 2294 ΙΙΙ.
1235 2262 1312 2295 107,
1361 2261 1411 2292 De
1447 2261 1519 2292 allis
1551 2269 1582 2291 v.

953 2306 1111 2339 Baiter.
1150 2306 1192 2338 ad
1230 2307 1373 2339 Isocrat.
1421 2309 1580 2347 Parlegyr.

957 2363 988 2394 p
1003 2393 1292 2428 ευθυεὲπαθε
1315 2397 1448 2433 τοῦτο,
1466 2393 1520 2426 ωε
1540 2414 1581 2418 -

957 2438 1222 2480 εὖδαιμοιοῖ.
1238 2441 1248 2484 ]
1274 2442 1400 2474 Rarior
1424 2441 1505 2473 haec
1532 2445 1584 2473 eet

956 2487 1241 2529 breviloquentia,
1311 2485 1581 2528 ‹plaudoquidem

956 2532 1066 2564 ἔπαθε
1105 2532 1204 2563 τοῦτο
1237 2542 1339 2564 sensu
1374 2530 1580 2574 praegnanti,

956 2588 1054 2619 quem
1097 2582 1237 2610 vocant.
1278 2577 1362 2609 idern
1400 2580 1454 2608 est
1489 2575 1581 2616 quod

955 2622 1064 2655 ἔπαθε
1089 2623 1189 2654 τοῦτο
1214 2619 1296 2653 (lisze
1322 2621 1456 2653 οἴεσθαι
1474 2631 1501 2653 s.
1525 2619 1580 2650 δο-

956 2672 1033 2700 κεῖν.
1084 2668 1234 2701 Contulit
1267 2677 1341 2699 cum
1377 2666 1425 2698 liis
1460 2665 1581 2697 Hein-
