1612 2872
258 130 339 170 426
738 125 1100 169 PLATONIS

260 236 582 303 διεὶηλύᾷαμεν
616 237 700 281 ὅσα
735 242 932 293 λέγουσιν
969 246 1009 284 οἱ
1046 244 1214 285 πολλοί.
1250 240 1308 295 μὴ
1337 240 1390 292 δὴ
1411 239 1584 298 φαύλου

258 312 353 362 πέρι
401 309 578 363 νομίσῃς
611 303 721 347 εἶναι
756 304 839 358 τὴν
886 308 967 349 νῦν
1009 305 1353 365 ἀμφιςβήτησιν,
1402 308 1496 360 περὶ
1542 308 1585 348 δὲ

260 374 340 415 τοῦ
376 374 574 426 μεγίςου·
620 367 670 412 τὸ
708 367 808 426 γὰρ·
829 373 1002 416 δίκαιον
1036 375 1107 415 καὶ
1152 373 1200 415 τὸ
1236 370 1390 415 ἄδικον
1426 370 1469 415 οἶ
1501 370 1583 425 χρὴ

259 440 442 491 βλέπειν,
479 434 613 477 πάλιν
649 434 754 489 ἡμῖν
789 436 1201 494 ἀμφιςβητούμενον
1219 439 1449 490 ἐλήλυθεν.
1487 434 1585 479 οὔτε

207 519 214 531 ¹
262 501 348 556 ,πὲρ
384 499 494 556 πρὸς
529 500 609 542 τὸν
645 500 836 557 πόλεμον
871 500 970 546 οὕτε
1006 505 1116 558 πρὸς
1149 503 1312 558 ἀρετὴν
1353 501 1458 553 ὅλην
1492 503 1586 556 fime-

258 583 353 610 πειν
388 569 476 610 δεῖν
511 569 620 623 φασὶ
656 566 759 618 τοὺς
789 568 975 623 νόμους,
1017 569 1116 612 αλλ’
1169 569 1262 621 ἥτις
1296 567 1354 611 ἂν
1392 573 1585 619 καθεςη-

259 641 356 676 κυῖα
391 626 416 693 ᾖ
452 635 661 684 πολιτεία,
701 632 838 694 ταύτῃ
874 638 962 677 δεῖν
998 634 1047 678 τὸ
1084 635 1317 693 ξυμφέρον,
1355 632 1472 683 ὅπως
1506 632 1584 688 ἀρ-

256 700 316 750 ξει
361 715 405 741 τε
455 697 524 740 ἀεὶ
570 700 643 740 καὶ
693 698 751 753 μὴ
801 701 1183 753 καταλυθήσεται,
1226 704 1299 743 καὶ
1346 698 1424 742 τὸν
1460 699 1586 756 φύσει

257 763 363 819 ὅρον
401 766 478 807 τοῦ
513 766 681 807 δικαίου
717 769 925 819 λέγεσθαι
962 767 1171 810 κάλλισθ’
1212 765 1340 810 οὕτω.

359 831 458 873 ΚΛ.
532 832 658 883 Πῶς,

358 896 455 938 ΑΘ.
512 893 606 937 ’Ότι
643 896 689 939 τὸ
729 900 809 940 τοῦ
846 902 1093 954 κρείττονος
1127 899 1342 955 ξυμᾳὲρον
1381 900 1454 945 ὲςί.

361 964 459 1004 ΚΛ.
528 961 635 1015 Λὲγ’
678 964 741 1004 ἔτι
776 969 1029 1020 σαφέςερον.

356 1029 454 1070 Λᾶθ.
510 1021 631 1070 ἷΩδε
681 1031 854 1072 ῑΐθεται
900 1030 1061 1081 δήπου,
1107 1036 1240 1086 φασί,

255 1099 300 1136 ἑν
337 1095 386 1154 τῇ
419 1094 541 1136 nolu
575 1092 754 1143 ἑκάςοτε
790 1093 839 1138 τὸ
873 1099 1077 1150 κρατοῦν.
1117 1091 1141 1149 ἦ
1176 1099 1284 1154 γαρς

1295 1026 1396 1077 τούς
1427 1026 1585 1081 νόμους

347 1280 412 1300 και
439 1266 484 1299 τὸ
508 1265 685 1309 ἄδικον]
708 1267 747 1300 τὸ
776 1279 845 1301 om.
869 1279 954 1301 unus
980 1273 1019 1302 Α.
1045 1272 1210 1312 probante
1238 1268 1457 1303 Schneidero.

345 1314 384 1348 C.
434 1312 565 1353 ταύτῃ
591 1311 678 1345 δεῖν
700 1312 746 1346 τὸ
774 1313 1019 1357 ξυμφέρον]
1047 1316 1166 1358 Steph.
1194 1316 1325 1358 ταύτην,
1356 1323 1398 1345 ne
1423 1322 1489 1344 uno
1513 1311 1584 1352 qui-

255 1358 332 1390 dem
359 1359 443 1391 libro
470 1360 719 1391 consentiente.
770 1361 838 1393 Pro
863 1361 933 1392 δεῖν
957 1361 1205 1400 Sehneiderus,
1238 1363 1454 1395 Heu-mannua
1479 1357 1585 1388 Prae·

254 1404 314 1436 fat.
339 1414 372 1445 p.
396 1404 462 1435 IX
490 1407 525 1436 et
550 1409 628 1444 post
653 1403 714 1436 hos
741 1405 906 1438 Raciliam.
948 1407 1061 1438 Praef.
1095 1407 1136 1438 ad
1168 1407 1316 1440 Phaedr.
1351 1415 1383 1445 p·
1410 1403 1470 1435 X!
1498 1411 1584 1433 0⁰¹¹!-

255 1448 347 1481 ἰδεῖν.
401 1449 501 1489 Vere,
528 1449 659 1490 opinor.
708 1449 780 1483 Nisi
797 1451 890 1483 forte
915 1451 957 1483 ad
984 1450 1052 1483 δεῖν
1077 1452 1297 1494 repetendum
1323 1448 1426 1495 apud
1437 1448 1583 1480 animum

255 1499 309 1527 est
332 1493 478 1536 βλέπειν.

347 1539 512 1571 τίθεται
544 1536 701 1580 δήπου,
736 1540 876 1583 φασι,]
902 1540 938 1572 δέ
963 1552 1032 1574 που
1057 1541 1175 1584 steph.
1208 1542 1322 1574 invitis
1347 1538 1437 1571 libris
1464 1537 1584 1579 pleris-

953 1675 1126 1716 plerisque
1139 1676 1307 1707 omnibus.
1343 1671 1583 1714 Repetendum

953 1729 995 1752 ex
1027 1718 1240 1761 antegresso'
1265 1717 1402 1760 βλέπειν
1427 1721 1481 1749 est
1505 1726 1582 1747 σκο·

954 1768 1043 1802 πεῖν,
1074 1769 1111 1796 ut
1140 1775 1282 1806 zeugma
1311 1763 1434 1795 habeat
1460 1763 1582 1795 locum.

951 1810 1074 1851 Itaque
1099 1809 1161 1841 hoc
1186 1810 1286 1844 dicit:
1316 1816 1454 1848 neque
1480 1807 1582 1838 enim

952 1854 1002 1886 ad
1043 1856 1198 1887 bellum
1242 1863 1373 1894 neque
1412 1851 1462 1883 ad
1501 1853 1583 1884 uni-

951 1910 1116 1932 versam
1179 1900 1386 1931 virtutem
1460 1899 1583 1938 leges

954 1949 1164 1986 spectare
1217 1944 1376 1976 debere
1416 1942 1582 1980 dicunt,

951 1989 1026 2022 sed
1078 1999 1365 2030 quaecunque
1425 1987 1582 2019 forma

253 1684 338 1712 μων
371 1671 461 1714 εἴδη
493 1673 558 1713 -]
598 1672 775 1705 Sententia
810 1684 884 1706 ver·

252 1721 372 1751 borum
414 1717 499 1750 haec
531 1720 602 1749 est:
649 1718 735 1750 Iam
782 1729 884 1751 vero

252 1763 382 1797 multi
416 1763 457 1797 iJi
490 1772 534 1794 ea
578 1766 675 1794 sunt
713 1767 884 1796 senten-

251 1809 331 1848 tia,
366 1812 409 1839 ut
438 1809 575 1847 legum
616 1817 779 1848 genera
814 1818 884 1850 pu-

253 1858 345 1886 tent
383 1851 576 1884 totidem
618 1863 717 1884 esse
763 1863 883 1896 opor—

252 1904 366 1937 tere,
395 1901 501 1938 quot
531 1897 617 1928 sint
646 1907 789 1929 rerum
814 1909 882 1939 pu-

253 1944 467 1976 blicarum
491 1942 668 1975 formae.
711 1943 882 1976 Etenim

253 1988 528 2027 existimant,
578 1988 702 2030 leges
749 1989 883 2029 publi-

252 2042 325 2067 cas
366 2033 618 2072 neutiquam
659 2032 707 2064 ad
750 2034 883 2065 virtu-

253 2084 334 2111 tem
367 2082 592 2120 spectare,
630 2078 706 2110 sed
739 2087 789 2110 eo
815 2089 883 2120 po-

253 2125 343 2156 tius
377 2123 563 2162 referri,
599 2126 643 2154 ut
672 2123 882 2164 imperan-

253 2171 356 2200 tium
396 2168 683 2200 securitati
730 2172 883 2209 atque

253 2213 446 2245 utilitati
472 2214 736 2245 consulatur.
771 2214 884 2246 Hanc

252 2268 374 2290 unam
402 2258 506 2290 enim
534 2268 628 2290 csse
655 2259 881 2298 institian=‚

252 2306 296 2334 ut
343 2301 584 2334 commodis
630 2303 880 2345 imperanti-

253 2357 316 2379 um
349 2352 391 2379 et
428 2348 669 2388 potentium
702 2349 882 2380 inservi-

252 2395 326 2425 ant
357 2392 509 2423 omnia.
566 2394 771 2426 Accuratius
800 2393 885 2426 hanc

253 2437 457 2470 sententiam
484 2439 644 2470 tractauit
667 2437 884 2480 philosophus

253 2482 361 2523 Gorg.
399 2492 431 2522 p.
463 2479 540 2514 482.
577 2482 617 2514 E.
653 2501 696 2506 -—-
725 2482 805 2518 484.
837 2484 883 2516 D.

251 2527 307 2559 De
339 2526 429 2568 Rep.
455 2526 483 2558 I.
516 2536 547 2567 p.
573 2526 651 2560 338.
680 2528 714 2560 D
741 2530 881 2570 sqq.l1.

254 2582 285 2613 p.
311 2571 390 2606 358.
415 2571 445 2603 E
471 2580 545 2612 sqq.

298 2616 337 2650 C.
387 2614 517 2655 ταύτῃ
544 2614 632 2647 δεῖν
658 2615 700 2648 τὸ
726 2617 880 2658 ξυμφὲ

256 2672 273 2700 ρ
285 2662 344 2703 οι]
372 2661 481 2704 Vulgo
496 2659 633 2702 ταύτην,
656 2662 765 2695 invitis
780 2663 879 2696 codd.

951 2034 1228 2088 reipublicae
1292 2033 1581 2066 constituta

949 2080 1030 2119 sit,
1057 2080 1094 2111 in
1121 2079 1247 2111 liuius
1280 2079 1458 2121 gratiam
1487 2075 1581 2118 [zmi-

951 2125 1007 2164 τῃ)
1052 2134 1123 2156 eas
1170 2134 1332 2156 curare
1370 2127 1580 2164 oportere

950 2170 1008 2209 id,
1052 2169 1165 2210 quod
1206 2170 1316 2201 utile
1355 2169 1410 2200 sit
1452 2173 1580 2207 atque

951 2214 1246 2254 conducibile,
1315 2218 1358 2245 nt
1405 2213 1580 2244 scilicet

950 2269 1121 2300 semper
1168 2259 1363 2292 obtineat
1411 2257 1579 2298 imperi-

949 2314 1014 2335 nm
1078 2313 1234 2343 neque
1296 2302 1577 2334 dissolvatur.

952 2348 1093 2382 Frustra
1118 2350 1220 2389 igitur
1237 2350 1265 2381 Η
1277 2348 1400 2381 eindo
1412 2347 1459 2378 rf.
1479 2348 1579 2389 Spec.

951 2404 982 2435 p.
997 2393 1051 2428 33.
1069 2395 1227 2426 coniecit=
1258 2391 1379 2434 ταύτην
1395 2391 1464 2424 δεῖν
1489 2402 1576 2425 σκο-

954 2442 1044 2470 πεῖν
1076 2437 1112 2470 τὸ
1146 2438 1175 2477 ξ.
1231 2439 1350 2480 Neque
1391 2437 1578 2470 audiendus

951 2483 1252 2517 schneiderus
1276 2484 1318 2516 ad
1338 2484 1459 2524 Remp.
1487 2483 1515 2515 Ι.
1542 2493 1574 2525 p.

949 2528 1004 2562 39.
1054 2531 1111 2571 qui
1159 2529 1396 2570 corrigendum
1444 2529 1578 2560 censuit

951 2571 1050 2614 ταύτῃ
1095 2573 1193 2611 ἰδεῖν,
1241 2583 1440 2616 quamquam
1483 2574 1572 2606 idem

949 2619 1072 2660 placuit
1089 2619 1190 2651 etiam
1218 2620 1255 2651 C.
1282 2620 1342 2659 Fr.
1373 2618 1574 2652 Herman—

950 2673 999 2696 no
1038 2668 1139 2705 atque
1171 2665 1274 2697 Car.
1314 2663 1572 2697 Badliamo,
