1612 2872
244 81 332 125 DE
365 79 641 126 LEGIBUS
673 81 794 125 LlB.
827 81 888 124 II.
919 81 968 125 P.
1001 82 1094 127 669.
1124 82 1190 126 St.

1331 71 1418 126 215'

0 223 2 248 ι
53 202 124 240 καὶ
167 196 370 251 ὀργάνων
417 202 487 240 καὶ
533 198 706 249 πάντας
753 196 932 258 ψόφους
966 202 1027 248 εὶς
1062 197 1199 242 ταύτὸ
1237 198 1318 242 οὐκ
1348 197 1409 242 ἄν

52 281 158 307 ποτε
193 263 422 316 §namt-w,
458 263 514 315 ὠς
550 269 596 308 ἔν
642 283 681 308 τι
716 263 994 320 μιμούμεναι.
1031 268 1214 317 ποιηταὶ
1247 266 1284 309 δ’
1327 266 1405 309 ἀν·

53 331 279 384 θρώπινοι
301 328 478 387 σῖψόὸρα
508 330 562 374 τὰ
602 334 789 376 τοιαῦτα
824 333 1106 385 ἐμπλέκοντες
1142 335 1214 375 καὶ
1250 349 1405 387 συγκυ-

51 399 210 446 κῶντες
244 395 415 450 ἀλόγως
449 397 590 452 γέλωτ’
631 398 690 442 ἂν
714 396 1088 455 παρασκευάζοιεν
1114 400 1198 441 τῶν
1221 398 1407 456 ἀνθ-ρώ-

52 480 157 509 πων,
196 462 328 513 ὅσους
363 468 499 519 φησιν
525 464 705 521 Ὀρφεὺς
742 469 890 522 λαχεῖν
925 461 1049 517 ὥραν
1087 468 1165 515 τῆς
1205 473 1404 520 τέρψιος·

52 529 195 572 ταῦτα’
243 547 286 572 τε
335 531 422 585 γάρ
459 529 594 585 ὁρῶσι
640 533 788 575 πάντα
826 530 1075 585 κυκώμενα,
1105 537 1176 573 και
1215 536 1277 574 ἔτι,
1313 535 1406 575 δια-

51 598 219 639 σπῶσιν
257 601 298 640 οἱ
334 600 512 649 ποιηταὶ
548 596 733 652 ῥυθμὸν
781 601 860 653 μὲν
906 599 976 638 καὶ
1016 598 1217 652 σχήματα
1253 602 1408 652 μέλους

51 727 166 760 nais..
193 733 224 758 ιιΙ
253 728 388 767 ει·ιίμε”·1
418 727 623 759 Schneider.
651 726 739 758 coris.
768 737 870 765 snpra
899 738 929 766 p.
958 725 1036 761 66⁵3.
1063 726 1099 759 E.
1126 727 1215 760 mule
1242 729 1406 761 coniicias

56 770 91 804 ιὸ
116 776 239 815 χρῶμα
266 773 322 803 καὶ
348 776 474 815 σχῆμα.
510 773 582 805 Sed
611 784 638 803 ι.
667 783 699 814 p.
726 772 805 807 654.
835 772 874 807 E.
899 783 973 814 sqq.

52 884 181 916 ckius
210 885 381 926 Aglaoph.
407 884 451 915 T.
471 885 520 916 11.
548 894 580 926 p.
609 884 695 918 9482

52 929 213 971 .Orphei
268 932 444 962 sententia
494 931 696 962 huiusmodi

51 976 161 1007 fuisse
186 976 341 1008 videtur:
369 973 470 1008 ὅσσοι
493 975 498 1020 Ι
511 974 623 1018 ’Ἠβηε
643 975 698 1015 μέ-

52 1028 133 1062 ερον
158 1022 273 1052 ἵκοιτο
304 1020 406 1062 λάχον
436 1020 473 1053 δέ
503 1033 537 1054 τε
562 1021 700 1063 τέρψιος

51 1078 155 1108 ωρηι.
201 1069 225 1099 i.
263 1078 292 1098 e.
302 1096 309 1110 ‚
351 1069 603 1110 quicunque
647 1069 697 1100 ad

52 1113 302 1155 pubertatis
357 1124 496 1146 annos
551 1119 591 1146 et
643 1114 697 1145 ad

52 1169 143 1191 eam
168 1164 356 1191 aetatem
380 1161 696 1197 adoleverunt,

52 1214 159 1246 quae
186 1206 347 1236 veneri
374 1210 545 1238 matura
569 1206 696 1237 habe-

26 1255 135 1289 Vtur.
185 1251 278 1283 Hinc
311 1250 413 1283 Plato
447 1252 617 1284 transfert
642 1251 697 1283 -ad

53 1296 175 1328 iudicii
232 1298 489 1337 maturitatem,
537 1297 697 1338 illudque

53 1343 206 1375 musicae
230 1353 354 1384 genus,
370 1343 413 1376 de
431 1354 499 1385 quo
524 1343 695 1384 loquitur,

52 1389 232 1427 omnibus,
260 1390 319 1430 qni
353 1389 389 1421 in
420 1390 475 1420 his
501 1389 606 1421 rebus
631 1389 711 1421 ali--

53 1444 156 1476 quem
181 1440 320 1466 sensum
345 1435 497 1467 habeant
520 1440 696 1476 veraeque

53 1481 247 1522 voluptatis
277 1477 422 1522 capaces
437 1506 439 1509 .
454 1481 526 1512 sint
537 1505 546 1518 ,
577 1481 695 1513 taedio

54 1526 130 1557 fore
168 1526 286 1557 dicits*
348 1527 533 1570 Postrema
568 1526 696 1567 proba-

53 1581 128 1603 mus
138 1582 147 1609 ς
188 1573 310 1613 priora
357 1573 569 1604 dubitationi
616 1575 697 1603 sunt

54 1617 223 1655 obnoxia.
249 1617 340 1649 Nam
355 1619 467 1658 λαχεῖν
484 1615 544 1659 τὴν
560 1617 698 1658 τέρψιος

57 1659 150 1703 ὥρην
167 1665 319 1695 -omnino
343 1674 420 1696 esse
455 1669 589 1705 potest:
616 1673 695 1707 ma-

56 1709 289 1741 tur-itatem
349 1719 438 1741 eam
464 1710 697 1750 -adeptum

55 1761 173 1794 esse,
209 1764 323 1796 quae
357 1755 409 1787 ad
435 1765 585 1787 veram
611 1755 696 1787 sin-

56 1808 283 1841 ceramque
322 1801 459 1831 auimi
504 1801 700 1832 oblecta·-

57 1845 220 1876 tionem
277 1846 538 1886 requiritur.
620 1844 699 1882 Quo

58 1900 163 1922 sensu
187 1891 295 1922 verba
319 1891 456 1931 accepit
479 1891 583 1922 etiam
594 1889 700 1922 Miil·

59 1938 67 1968 Ι
78 1946 121 1968 er
130 1947 149 1967 u
159 1945 174 1968 s
211 1937 249 1967 in
284 1935 450 1977 Prolegg.
482 1936 633 1977 Mythol.
668 1945 700 1975 p.

59 1981 138 2016 385.
176 1981 250 2013 Nec
276 1982 434 2014 videmus
459 1983 616 2020 omnino,
641 1990 703 2012 eur

60 2029 104 2059 de
128 2027 279 2059 Veneris
304 2038 370 2059 usu
393 2027 620 2068 cogitandum
645 2027 702 2065 sit,

59 2073 102 2105 de
133 2082 201 2114 quo
231 2083 303 2104 uno
337 2073 489 2104 maxime
513 2073 542 2105 si
571 2072 703 2103 dictum

60 2118 250 2173 Orphicum
304 2110 430 2150 fuisset
487 2121 703 2158 usurpatum,

61 2165 122 2196 vix
146 2164 325 2195 futurum
379 2168 470 2203 erat,
514 2164 614 2195 Plato
665 2165 706 2193 ut·

62 2210 148 2241 illud
174 2219 216 2241 eo
241 2219 310 2250 quo
335 2209 419 2241 fecit
442 2210 547 2241 modo
564 2209 611 2241 ad
629 2216 702 2239 rem

62 2259 280 2296 praesentem
306 2255 522 2287 transferret.

111 2297 244 2331 ταῦτά
283 2309 322 2330 te
357 2298 434 2341 γὰρ
473 2296 600 2340 ὁρῶσι
634 2298 701 2335 -Ῑ

66 2345 168 2379 Nam
187 2355 310 2386 quum
329 2346 509 2377 videant
532 2345 602 2376 illi
617 2344 703 2386 (non

65 2396 189 2432 poetae
202 2414 211 2430 ,
235 2390 296 2422 sed
319 2391 478 2424 homines
502 2390 705 2422 maturioris

65 2435 205 2478 iudicii)
250 2436 335 2467 ista
381 2447 442 2468 om
454 2438 544 2475 nia,
590 2446 613 2477 q
624 2447 645 2467 u
657 2444 704 2467 ae

66 2482 192 2514 modo
241 2484 594 2515 memoravimus.
648 2485 703 2511 te-

66 2536 178 2559 mere
224 2527 368 2558 mixta
413 2531 454 2558 et
500 2526 704 2559 confusaz

66 2580 149 2604 tum
209 2575 382 2613 poetae*
427 2574 485 2604 eti
498 2583 559 2604 am
614 2572 652 2603 al
666 2572 674 2601 i
687 2581 707 2601 a

66 2619 270 2651 turbant.
347 2618 706 2658 quandoquidem

67 2663 312 2705 rhythmum
337 2668 376 2695 et
402 2668 552 2703 gestus
577 2673 598 2695 a
615 2672 707 2695 can-

767 889 811 915 tu
845 885 1107 926 seiungunt,
1140 885 1274 917 nudas
1313 894 1407 917 ora-

767 931 917 962 tiones
966 932 1006 962 in
1055 940 1256 962 numeros
1298 932 1406 963 redi-

767 981 940 1016 gentes,
973 987 1022 1008 ac
1069 977 1266 1008 vioissim
1315 986 1408 1009 ean-

767 1027 852 1053 tum
885 1027 928 1053 et
961 1022 1204 1063 rhythmum
1243 1020 1408 1064 absque

768 1068 913 1099 verbis
949 1069 1162 1105 afferunt,
1201 1068 1313 1100 nuda
1353 1069 1407 1100 ei-

766 1113 816 1144 th
836 1123 957 1145 arae
993 1118 1034 1145 et
1070 1114 1243 1145 tibiae
1273 1123 1365 1145 son
1386 1124 1406 1146 o

765 1164 953 1191 utentes.
1026 1159 1105 1190 Duo
1158 1163 1242 1190 sunt
1289 1159 1410 1199 igitur,

765 1215 855 1246 quae
880 1207 916 1236 in
943 1206 1097 1237 musicae
1123 1215 1198 1241 usu,
1223 1205 1283 1246 qui
1308 1205 1409 1237 inva-

763 1251 888 1289 luerat,
904 1251 1219 1292 reprehenduntur.
1251 1250 1407 1282 Primum

764 1297 856 1328 enim
897 1297 1037 1337 poetae,
1075 1296 1143 1328 hoc
1183 1299 1237 1328 est
1272 1296 1408 1334 musici,

764 1347 952 1383 notantur,
985 1342 1081 1384 quod
1118 1338 1244 1381 ψιλούς
1280 1339 1409 1383 λόγους

764 1388 898 1430 absque
933 1389 1047 1420 modis
1085 1388 1227 1419 musicis
1263 1387 1407 1419 adhibe-

763 1439 836 1474 ant,
858 1435 965 1475 idque
989 1434 1123 1466 faciant
1146 1434 1211 1474 sic,
1230 1436 1271 1463 ut
1284 1433 1411 1472 r—nudae

764 1481 917 1512 orationi
942 1477 1094 1522 ῥυθμὸς·
1119 1478 1174 1509 καὶ
1207 1478 1316 1519 σχῆμα
1347 1479 1411 1511 ad-

765 1527 943 1566 iungatur.
993 1525 1093 1563 Quae
1116 1524 1344 1566 reprehensio
1369 1528 1410 1555 ut

764 1572 984 1612 intelligatur
1018 1580 1186 1612 quorsum
1221 1571 1410 1611 pertineat,

763 1618 964 1649 meminisse
989 1616 1147 1655 iuvabit,
1171 1616 1271 1657 loqui
1294 1616 1409 1657 philo-

764 1663 914 1707 sophum
940 1663 982 1693 de
1006 1662 1111 1694 Musa
1135 1662 1289 1701 chorica,
1305 1671 1408 1703 quam

763 1704 885 1750 paullo
910 1713 992 1750 post
1007 1710 1128 1746 vocat3
1142 1716 1247 1748 quam
1268 1707 1408 1761 quidem

765 1755 936 1786 dedecere
982 1754 1194 1791 arbitratur,
1237 1753 1269 1784 si
1307 1749 1410 1791 ψιλὸς

764 1798 870 1841 λόγος
905 1800 1115 1834 adhibeatur
1152 1808 1266 1839 eoque
1302 1798 1408 1829 modo

766 1846 950 1886 rhythmus
990 1850 1025 1876 et
1061 1844 1204 1875 saltatio
1246 1853 1268 1875 a
1305 1847 1410 1875 cantu

770 1891 970 1922 divellatur.
1029 1888 1122 1920 Nam
1165 1886 1266 1927 ψιλὸς
1306 1886 1412 1928 λόγος

769 1946 863 1967 nunc
905 1939 958 1966 est
997 1933 1145 1965 oratio
1186 1933 1411 1964 modorum

770 1980 1029 2013 musicorum
1081 1978 1303 2010 societate
1347 1978 1410 2009 de-

771 2027 931 2058 stituta
953 2028 995 2057 et
1020 2025 1210 2065 privata.
1244 2023 1342 2054 Alibi
1367 2032 1410 2054 eo

770 2072 914 2103 nomine
980 2069 1198 2108 sionifieatur
1254 2078 1276 2110 p
1291 2078 1308 2100 r
1321 2078 1342 2101 o
1357 2079 1373 2100 s
1389 2078 1411 2099 a

771 2117 940 2155 oratio,
973 2115 1081 2146 veluti
1115 2113 1227 2154 Gorg
1267 2124 1301 2155 p.
1330 2113 1409 2147 502.

770 2161 830 2207 C.‚
854 2162 914 2193 ubi
945 2161 1037 2192 inter
1066 2160 1154 2192 alia:
1182 2158 1266 2200 φέρε
1297 2156 1359 2200 δή,
1381 2159 1418 2190 εἴ

771 2216 820 2240 τις
843 2204 1031 2248 περιέλοιιο
1042 2205 1116 2246 nris
1149 2202 1324 2247 ποιήσεως
1347 2201 1410 2236 πά-

773 2260 836 2295 σης
870 2250 908 2284 τό
940 2262 974 2283 τε
1004 2249 1105 2306 μέλος
1141 2250 1195 2282 και
1232 2248 1293 2282 τὸν
1335 2247 1410 2304 α’ρι-

771 2297 864 2339 θ’μοι
893 2297 947 2329 και
981 2293 1018 2328 τὸ
1048 2295 1188 2338 μέτρον,
1214 2293 1294 2327 ἄλλο
1328 2306 1357 2327 ιι
1389 2292 1410 2336 ἢ

773 2341 896 2397 λόγοι
921 2343 1093 2384 γίγνονται
1123 2339 1160 2373 τὰ
1194 2339 1413 2380 λειπόμενον,-

772 2409 817 2414 -
844 2385 977 2420 οὐκοῦν
993 2385 1080 2429 πρὸς
1096 2385 1204 2419 πολὺν
1230 2385 1332 2428 ὄχλον
1358 2387 1412 2418 καὶ

773 2434 882 2477 δῆμον
916 2426 1014 2465 οὗτοι
1044 2432 1197 2475 λέγονται
1229 2433 1266 2464 οἱ
1296 2431 1413 2486 λόγοις

773 2499 816 2504 -
848 2478 1038 2521 δημηγορία
1076 2476 1142 2521 ἄρα
1182 2480 1231 2510 ιιέ
1269 2477 1361 2510 ἐστιν
1393 2473 1413 2518 ἠ

775 2523 943 2567 ποιήιική.
982 2524 1075 2558 conf.
1117 2524 1141 2556 S
1155 2535 1177 2557 a
1193 2535 1214 2556 n
1233 2529 1246 2555 t
1259 2534 1278 2555 e
1293 2534 1328 2556 n.
1368 2523 1414 2555 ad

774 2571 975 2603 Terentian.
1015 2571 1131 2603 Maur.
1159 2578 1208 2613 ⁴p.
1252 2570 1320 2604 172
1360 2579 1412 2607 sq-

775 2616 1004 2649 Hermann.
1029 2616 1074 2648 ad
1100 2617 1291 2648 Aristot.
1314 2613 1413 2646 Ροέι.

774 2661 803 2693 Ῑ.
827 2663 862 2697 7.
885 2673 919 2704 p.
941 2661 997 2696 93.
1026 2666 1058 2694 et
1083 2663 1127 2695 ad
1150 2662 1271 2701 Viget.
1286 2657 1413 2701 p.7·24.
