1612 2872
235 83 323 125 DE
355 79 632 125 LEGIBUS
663 78 783 123 Lm.
818 79 902 122 111.
935 79 983 122 P.
1015 80 1111 123 690.
1139 77 1205 122 St.
1331 79 1415 121 309

172 201 265 245 ΑΘ.
335 202 427 243 Καὶ
474 203 682 252 πλείστην
728 215 774 253 γε
825 203 872 241 ἐν
915 197 1104 252 ξύμπασα
1151 203 1244 247 τοῖς
1290 195 1417 249 ζώοις

67 262 207 314 οὖσαν
240 265 463 312 καὶκατὰ
499 266 649 326 φύσιν,
680 264 740 317 ὡς
773 264 798 309 ὁ
823 267 1022 321 Θηβαῖος
1055 269 1140 323 ἔφη
1175 265 1288 308 ποτὲ·
1305 267 1415 308 Πίν-

67 338 215 392 δαρος.
251 334 300 379 τὸ
339 337 383 378 δὲ
417 339 647 390 μέγιστον,
681 331 741 384 ὡς
774 337 932 382 ἔοικεν,
967 332 1139 388 ἀξίωμα
1186 336 1313 376 ἕκτον
1357 330 1417 375 ἂν

66 407 286 460 γίγνοιτο,
330 405 525 446 ἕπεσθαι
581 404 664 455 μὲν
710 399 791 445 τὸν
838 399 1167 453 ἀνεπιστήμονα
1226 401 1414 451 κελεῦον,

66 470 146 516 τὸν
180 473 225 514 δὲ
268 471 529 528 φρονοῦντα
576 467 791 524 ἡγεῖσθαί
836 485 881 511 τε
926 470 999 510 καὶ
1044 466 1208 523 ἄρχειν.
1242 470 1317 510 καί
1347 484 1416 511 τοι
1477 481 1485 495 “

67 538 199 583 τοῦτό
235 554 297 592 γε,
317 531 350 579 ὦ
390 539 588 592 Πίνδαρε
621 535 869 594 σοφώτατε,
892 533 1046 591 σχεδὸν
1082 534 1163 579 οὐκ
1196 532 1256 577 ἂν
1290 533 1414 591 παρὰ

64 606 199 666 φύσιν
244 608 374 660 ἔγωγε
418 609 558 661 φαίην
606 607 866 658 γίγνεσθαι,
904 603 1019 644 κατὰ
1070 602 1207 662 φύσιν
1252 604 1296 645 δὲ
1334 601 1417 655 τὴν

66 676 144 718 τοῦ
178 673 316 725 νόμου
353 671 544 715 ἑκόντων
576 669 719 727 ἀρχὴν
746 669 847 714 ἀλλ’
892 669 945 713 οὐ
980 672 1133 725 βίαιον
1153 679 1415 728 πεφυκυῖαν.

168 742 270 783 KA.
341 738 596 794 ’(Ιρθότατα
633 742 776 794 λέγεις.

163 809 263 851 ΛΘ.
335 809 527 865 Θεοφιλῆ
574 809 618 849 δὲ
660 823 707 860 γε
753 809 823 849 καὶ
870 805 1027 861 εὐτυχῆ
1082 802 1181 847 τινὰ
1218 807 1417 859 λέγοντες

68 874 261 931 ἑβδόμην
295 873 440 931 ἀρχὴν
475 878 534 924 εἰς
569 875 732 929 κλῆρόν
778 891 877 916 τινα
924 872 1183 930 προάγομεν
1227 876 1300 916 καὶ
1338 876 1416 915 λα-

63 942 204 999 χόντα
237 944 316 997 μὲν
350 942 513 997 ἄρχειν.
536 942 862 995 δυςκληροῦντα
899 944 942 984 δὲ
971 939 1168 984 ἀπιόντα
1191 940 1415 997 ἄρχεσθαι

67 1008 117 1054 τὸ
157 1009 440 1053 δικαιότατον
475 1008 587 1052 εἶναι’
619 1025 779 1068 φαμεν.

159 1161 201 1194 G.
250 1159 434 1195 ἀπιόντα
465 1159 704 1204 ἄρχεσθαι]
737 1163 840 1194 Hunc
870 1163 1028 1195 ordinem
1060 1139 1244 1194 verborum
1276 1167 1416 1194 tuentur

68 1210 115 1242 A.
145 1207 184 1241 Ω.
211 1219 242 1240 v.
267 1209 292 1240 f.
317 1208 352 1242 h.
377 1219 405 1240 r.
437 1219 473 1241 a.
508 1219 536 1240 c.
570 1207 600 1240 δ.
632 1220 663 1240 ο.
697 1219 730 1240 x.
782 1210 899 1251 Vulgo
932 1214 1022 1242 erat:
1055 1206 1221 1250 ἄρχεσθαι
1258 1205 1415 1244 ἀπιόντα,

67 1255 161 1288 Dein
187 1255 292 1288 Voss.
318 1255 363 1287 al.
389 1258 523 1295 φαῖμεν.

67 1393 289 1436 fragantibus
307 1392 406 1424 libris
417 1392 589 1426 Platonis.
609 1392 709 1425 Idem

68 1437 226 1473 deinde·
204 1450 328 1482 ηττονα
343 1437 380 1470 δὲ
392 1435 570 1480 ἄρχεσθαι,
577 1441 708 1472 omisso

71 1484 130 1518 τὸν
164 1486 332 1526 articulo,
365 1496 468 1527 quem
510 1496 613 1518 nemo
647 1486 708 1518 ab·

68 1534 197 1566 iectum
224 1533 328 1564 volet.
360 1531 415 1563 De
438 1532 508 1564 loci
533 1533 708 1565 sententia

68 1579 162 1611 conf.
188 1577 298 1620 Gorg.
322 1588 356 1619 p.
383 1577 462 1611 484.
489 1578 531 1610 B.
563 1579 624 1610 nbi
650 1588 707 1611 ea-

66 1626 145 1658 dem
168 1635 228 1657 rres
252 1625 481 1666 disceptatur.

114 1671 183 1703 καὶ
218 1671 417 1712 πλείστην
445 1681 491 1712 γε
513 1668 558 1702 ἐν
582 1669 635 1712 ξ.]
661 1671 707 1703 Η.

67 1718 328 1751 e.latissime
352 1721 586 1758 patentem3
615 1727 647 1748 v.
662 1717 708 1749 ad

74 1765 211 1796 Politic.
235 1774 270 1805 p.
295 1763 375 1797 280.
399 1762 438 1794 C.
465 1762 602 1797 2823..
628 1762 708 1797 288.

70 1811 115 1842 A.
141 1809 298 1852 Sophist.
322 1819 356 1850 p.
372 1808 451 1843 234.
471 1809 513 1840 B.
540 1807 709 1840 Similiter

70 1855 165 1888 infra
202 1855 300 1888 Libr.
338 1855 420 1886 vn.
455 1865 489 1896 p.
537 1853 616 1888 823.
662 1856 707 1886 A.

70 1900 168 1944 θήρα
206 1899 270 1944 γὰρ
309 1897 468 1940 πάμπολύ
505 1911 534 1931 τι
570 1900 708 1942 πρᾶγμά

71 1947 172 1980 ἐστιν.
205 1959 238 1980 v.
263 1946 488 1980 Sohaefer.
524 1946 569 1978 ad
593 1946 707 1989 Long.

70 2005 105 2037 p.
133 1995 216 2030 352.
251 2011 292 2017 -—-
327 1993 393 2025 καὶ
424 1990 529 2024 κατὰ
556 1991 709 2033 φύσιν,

71 2042 202 2074 etiam
226 2040 463 2073 secundum
496 2044 709 2071 naturam.

71 2088 128 2120 De
159 2087 306 2119 Pindari
338 2086 455 2118 verbis
493 2086 624 2117 dictum
664 2087 710 2118 ad

71 2133 182 2175 Gorg.
205 2145 238 2176 p.
261 2131 340 2167 484.
371 2131 413 2164 Β.
461 2131 710 2173 Respiciuntnr

74 2189 116 2212 ea
145 2181 248 2212 etiam
276 2179 374 2210 Libr.
406 2178 471 2210 IV.
498 2189 531 2220 p.
557 2177 636 2212 714.
662 2179 708 2211 D.

73 2225 171 2258 Libr.
197 2225 245 2257 X.
270 2235 303 2266 p.
328 2224 409 2259 890.
435 2225 480 2257 A.
507 2224 654 2266 Protag.
674 2236 710 2267 p.

72 2271 154 2307 337.
178 2271 224 2303 D.
247 2269 357 2312 Gorg.
382 2282 416 2314 p.
439 2270 519 2305 488.
545 2270 587 2303 B.

63 2347 66 2350 .
121 2317 162 2350 C.
212 2317 372 2348 καίτοι
403 2313 534 2349 τοῦτό
565 2327 610 2359 γε
640 2317 708 2359 -—]

74 2364 137 2396 Ac
170 2363 376 2404 profecto
405 2363 489 2396 hoc
519 2373 710 2405 quoque,

76 2420 98 2442 o
130 2409 319 2442 Pindaro
362 2410 709 2452 sapientissime,

76 2466 163 2488 non
201 2456 390 2487 dixerim
418 2452 496 2498 ego
533 2461 709 2498 praeter

75 2506 278 2535 naturam
301 2501 424 2543 fieri,
448 2501 526 2535 sed
555 2513 708 2536 secun-

76 2549 172 2580 dum
197 2551 418 2589 naturam,
436 2548 517 2580 hoc
540 2554 627 2588 est,
651 2559 710 2581 se-

75 2595 260 2627 cundum
295 2594 408 2635 legis
437 2595 482 2627 in
513 2596 710 2628 volunta-

76 2641 165 2674 rios
199 2641 450 2682 imperium,
490 2651 574 2674 non
621 2642 711 2674 vio-

78 2686 243 2721 lentum
267 2687 388 2720 illud.
426 2687 616 2721 Enimvero
641 2698 712 2721 non

774 1401 837 1434 per
884 1393 954 1424 vim
1001 1397 1175 1434 coguntur
1211 1394 1417 1435 ignorantes

775 1448 900 1480 parere
923 1440 1228 1481 prudentioribus,
1254 1440 1316 1472 sed
1339 1441 1418 1481 ipsa

774 1486 832 1517 lex
857 1490 1004 1518 naturae
1034 1487 1085 1519 ita
1113 1486 1199 1526 fert,
1225 1492 1263 1517 ut
1285 1487 1336 1520 illi
1362 1486 1416 1518 his

775 1532 920 1564 obedire
962 1533 1124 1566 debeant.
1182 1528 1298 1575 Ἀρχή
1339 1543 1418 1564 cum

773 1578 904 1619 duplici
930 1580 1089 1620 genitivo
1115 1580 1283 1620 iunctum,
1303 1579 1416 1611 altero

776 1624 938 1664 subiecti,
962 1626 1090 1657 obiecti
1112 1627 1247 1662 altero,
1271 1636 1344 1658 non
1368 1626 1420 1658 ita

775 1671 848 1702 rari
877 1675 932 1703 est
955 1682 1050 1704 usus.
1078 1683 1112 1703 v.
1143 1672 1188 1704 ad
1217 1672 1352 1704 Phileb.
1383 1683 1416 1714 p.

775 1717 831 1751 32.
858 1718 901 1749 A.
928 1718 1007 1750 coll.
1033 1718 1249 1750 Matthiae
1273 1718 1336 1751 Gr.
1354 1717 1418 1751 Gr

775 1762 806 1804 ξ.
847 1762 928 1797 380.
986 1764 1130 1796 Fefellit
1174 1770 1290 1797 tamen
1332 1766 1419 1798 haec

773 1809 866 1841 ratio
891 1811 1024 1842 scribas
1042 1810 1247 1851 Stobaei‚
1274 1813 1336 1853 qui
1350 1822 1417 1854 pro

774 1853 926 1887 ἑκόντων
949 1861 1079 1889 temere
1103 1863 1297 1898 posuerunt
1321 1856 1416 1898 ἐχόν-

776 1911 854 1932 των.

824 1945 1010 1988 Θεοφιλῆ
1045 1944 1090 1978 δέ
1122 1958 1167 1989 γε
1198 1948 1268 1979 καὶ
1298 1944 1417 1980 εὐτυ-

772 1993 823 2034 ,χῆ
848 1992 919 2034 -]
958 1992 1026 2031 Qui
1061 1993 1224 2026 fortunae
1257 1994 1416 2028 favorem

775 2043 939 2080 expertus
963 2040 1027 2079 sit,
1051 2040 1199 2072 eundem
1233 2041 1310 2073 vult
1338 2042 1417 2084 phi-

773 2085 947 2127 losophus
973 2086 1077 2118 etiam
1101 2097 1220 2119 carum
1245 2088 1314 2119 diis
1328 2098 1417 2121 esse.

774 2132 916 2164 Etenim
938 2132 1156 2165 faustitatem
1181 2133 1344 2167 fortunae
1357 2135 1417 2168 be·

775 2178 959 2220 nignitatis
996 2179 1138 2212 divinae
1173 2186 1417 2221 argumentum

775 2234 853 2257 esse
900 2224 1101 2257 arbitratur.
1148 2226 1242 2258 conf.
1278 2226 1416 2260 Phileb.

776 2281 810 2312 p.
841 2269 898 2304 40.
931 2270 973 2302 Β.
1005 2272 1079 2338 ubi⁸
1095 2282 1175 2313 spes
1207 2283 1327 2307 eorum
1363 2276 1417 2306 iu·

776 2318 913 2349 dicatur
961 2322 1037 2351 rata
1080 2318 1181 2358 fieri,
1231 2320 1292 2361 qui
1344 2322 1416 2353 sint

777 2363 967 2403 θεοφιλεῖς.
1044 2363 1210 2406 Cogitat·
1237 2376 1322 2398 vero
1371 2368 1416 2399 de

776 2410 982 2449 sortitione,
990 2431 992 2433 >
1031 2411 1086 2442 cui
1140 2412 1216 2453 ipse
1272 2423 1416 2466 quoque

781 2457 818 2488 in
842 2456 997 2497 Legibus
1022 2459 1195 2490 concessit
1211 2458 1327 2491 locum
1352 2460 1414 2492 im-

775 2502 967 2544 primisque
993 2503 1034 2535 in
1052 2505 1293 2537 sacerdotibus
1313 2510 1347 2537 et
1362 2507 1415 2537 iu-

776 2543 911 2581 dicibus
934 2551 1095 2583 creandis
1104 2552 1253 2639 paliquid
1274 2552 1415 2591 tribuit,

777 2594 870 2628 conf.
895 2594 992 2628 Libr.
1017 2597 1078 2630 VI.
1164 2597 1242 2631 756.
1270 2599 1311 2630 Ε.
1335 2608 1413 2639 sqq.

778 2641 857 2677 759.
886 2640 930 2674 B.
965 2652 1042 2685 sqq.
1080 2607 1158 2678 768.
1190 2643 1232 2675 Β.
1264 2654 1343 2685 sqq.
1368 2661 1413 2667 —

782 2683 975 2728 λαχόντα,
999 2690 1061 2722 int.
1086 2689 1222 2731 κλῆρον.
1254 2709 1295 2714 -
1322 2686 1410 2722 ἀπι-
