1612 2872
467 99 552 144 Dc
584 98 868 170 memus
899 106 979 142 ete.
1157 100 1387 143 cxxvii

30 212 180 268 plendi
216 227 437 269 assumere
478 213 640 256 auxilia
679 220 723 256 et
763 212 1027 256 adiumenta.
1100 211 1170 255 Ex
1211 228 1299 268 quo
1337 213 1388 255 li-

31 269 167 324 quido
206 276 417 326 apparet,
463 285 559 313 esse
589 269 673 312 hoc
713 284 854 326 genus
885 269 1061 313 virtutis
1100 276 1186 312 tam
1227 286 1386 324 rarum,

30 340 161 380 quam
191 341 290 368 rara
320 333 387 369 est
417 327 615 383 perfecta
645 327 878 383 sapientia.
937 325 1233 379 Quamobrem
1263 326 1388 369 Plato

28 381 138 425 illud
168 383 266 426 unis
297 385 525 439 proprium
555 398 650 426 esse
680 383 851 426 censuit
879 382 1177 439 philosophis,
1217 383 1388 425 abiudi-

27 439 148 481 cavit
177 454 204 481 a
242 455 402 496 magna
439 440 582 497 plebis
613 439 907 493 multitudine,
949 446 1102 496 utpote
1132 440 1187 482 ab
1216 441 1291 482 illa
1317 455 1388 483 sa-

25 495 218 551 pientiae
257 497 524 539 sublimitate
565 495 796 548 alieniore,
837 496 968 538 sicuti
1000 512 1053 538 ex
1085 495 1311 539 Phaedon.
1342 513 1386 554 p.
1428 523 1439 527 -

27 553 95 594 82.
128 551 166 595 C
198 567 294 607 sqq.
327 553 508 595 Theaet.
541 567 587 607 p.
622 554 716 596 173.
750 551 788 594 C
808 567 905 607 sqq.
941 554 1035 595 176.
1067 553 1105 594 Β
1133 567 1230 609 sqq.
1260 553 1386 611 Reip.

26 608 85 651 V.
124 625 167 665 p.
201 611 305 652 473.
344 609 383 650 Β
411 625 506 665 sqq.
537 608 619 651 VI.
650 625 693 665 p.
723 610 807 651 484
854 623 952 663 sqq.
984 610 1082 652 485.
1112 609 1167 651 B.
1202 611 1388 666 aliisque

26 665 136 708 locis
175 665 450 722 intelligitur.
520 667 673 720 Atque
711 664 895 707 eandem
938 665 994 707 ob
1025 680 1224 708 caussam
1257 669 1386 710 etiam

24 722 340 765 nobilissimam
372 723 491 764 illam
523 721 666 764 edidit
695 737 872 776 vocem,
906 737 993 776 qua
1022 723 1295 778 respublicas
1326 725 1388 767 ita

0 778 198 826 ,demum
229 779 380 822 beatas
411 780 504 822 fore
536 779 857 834 pronuntiavit,
890 779 926 820 si
957 778 1270 835 philosophos,
1301 780 1387 824 hoc

25 842 111 890 est,
143 836 365 891 sapientes
395 836 440 878 in
471 836 565 878 veri
596 835 700 878 boni
730 842 774 877 et
804 835 979 878 honesti
1011 836 1385 892 contemplatione

24 899 252 935 versantes
292 899 337 935 et
380 892 491 947 quid
531 891 586 934 ad
619 893 824 938 virtutem
854 907 905 934 ac
935 891 1190 935 felicitatem
1225 894 1384 936 civium

24 949 290 992 conduceret
326 950 456 1006 plane
499 954 777 1006 perspectum
824 948 1063 1003 habentes,
1106 965 1251 992 rerum
1282 965 1384 994 sua·

22 1021 118 1049 rum
154 1012 346 1050 rectores
388 1012 432 1048 et
470 1006 786 1062 gubernatores
816 1006 1199 1059 nanciscerentur3
1239 1024 1282 1050 v.
1316 1009 1384 1051 De

22 1062 135 1120 Rep.
166 1063 222 1106 V.
263 1080 306 1120 p.
336 1065 437 1107 473.
478 1063 536 1104 D.
574 1062 657 1104 VI.
688 1062 746 1104 in.
781 1079 823 1119 p.
853 1064 952 1106 487.
981 1063 1038 1105 D.
1069 1065 1168 1105 499.
1200 1063 1253 1107 C.
1283 1065 1383 1108 593.

22 1118 75 1164 Β.
118 1119 227 1162 Vll.
269 1136 312 1176 p.
352 1122 448 1164 521.
487 1119 542 1161 B.
583 1119 760 1162 Politic.
798 1135 841 1176 p.
881 1121 981 1163 294.
1009 1120 1067 1163 A.
1098 1121 1241 1178 Legg.
1271 1121 1384 1166 ΧΠ.

23 1190 68 1232 p.
97 1177 195 1219 965.
225 1177 283 1220 A.
316 1191 414 1232 sqq.

138 1289 231 1331 Iam
262 1305 364 1332 vero
393 1290 448 1332 ab
477 1288 562 1332 hac
591 1295 678 1331 tam
709 1288 909 1332 excelsae
941 1294 985 1331 et
1004 1290 1265 1346 magnificae
1295 1291 1381 1333 vir-

0 1346 129 1398 {tutis
168 1347 314 1402 specie
354 1346 566 1388 discrevit
609 1347 792 1388 alterum
835 1346 1011 1388 virtutis
1043 1362 1184 1403 genus
1214 1347 1278 1389 illi
1308 1363 1381 1391 ve-

0 1402 102 1446 ³luti
131 1418 155 1445 e
184 1404 363 1460 regione
393 1403 608 1460 positum,
655 1403 859 1444 virtutem
891 1402 991 1446 dico
1030 1403 1276 1457 δημοτικὴν
1306 1407 1382 1448 καὶ

0 1460 277 1515 {nol-cumin,
318 1476 448 1516 quam
490 1459 732 1501 identidem
778 1460 870 1515 ipse
902 1459 1108 1516 appellat.
1169 1460 1315 1515 Quam
1343 1463 1381 1505 si

23 1516 195 1572 quaeris
239 1518 413 1572 qualem
442 1517 766 1570 informaverit,
795 1517 947 1572 paucis
980 1517 1246 1574 respondere
1276 1519 1381 1561 lice-

0 1572 100 1623 bit.
158 1573 345 1616 Censuit
373 1573 500 1616 enim>
527 1588 623 1615 esse
654 1589 743 1615 non
775 1573 902 1614 aliam
935 1589 1064 1629 quam
1097 1589 1210 1629 quae
1258 1591 1379 1618 more

0 1638 67 1684 „et
96 1630 430 1684 cousuetudine,
461 1629 579 1673 civili
609 1630 885 1672 institutione
915 1637 960 1672 et
979 1630 1227 1687 disciplina,
1256 1631 1379 1674 deni-

0 1685 107 1742 {que
136 1702 219 1730 usu
248 1695 293 1730 et
320 1687 632 1730 exercitatione
662 1686 978 1743 contineretur,
1005 1687 1194 1743 ideoque
1223 1695 1381 1732 natura

3 1758 103 1792 {sua
140 1744 354 1787 scientiae
394 1744 510 1787 illius
549 1768 606 1774 -
645 1742 891 1797 ἐπιστήμης
929 1769 980 1777 —
1020 1745 1150 1786 laude
1191 1753 1376 1801 careret,

0 1799 99 1843 {aut
128 1807 245 1843 certe
275 1801 450 1844 minime
468 1799 685 1857 indigeret
714 1800 825 1842 etin
853 1816 941 1843 una
961 1801 1178 1857 probabili
1208 1803 1378 1846 ratione

8 1857 284 1903 ,subs'steret
314 1858 371 1913 *).
441 1857 510 1900 Ex
540 1872 626 1911 quo
658 1857 939 1913 perspicuum
978 1873 1074 1901 esse
1105 1858 1260 1913 debet,
1301 1874 1379 1902 cur

10 1927 119 1957 “eam
185 1914 270 1956 nisi
299 1914 525 1970 paullatim
564 1912 620 1954 ad
648 1913 854 1956 maiorem
885 1914 1142 1957 escenderet
1169 1915 1378 1959 scientiae

5 2058 286 2089 1*—

30 2171 43 2175 “
97 2163 131 2204 ²⁸)
162 2163 318 2205 Dignum
351 2167 404 2195 est
437 2163 707 2203 observatione,
747 2173 769 2194 a
804 2162 956 2195 Platone
989 2163 1183 2204 profecisse
1222 2163 1375 2206 Stoicos,

0 2206 39 2252 ξ
160 2211 220 2251 qui
267 2209 476 2241 officium
510 2210 700 2241 voluerunt
742 2219 820 2241 esse
856 2210 912 2240 vel
949 2210 1190 2251 perfeetum
1230 2209 1373 2253 (κατόρ-

162 2255 297 2297 θωμα),
323 2255 420 2296 quod
432 2253 554 2291 (liceto
579 2259 747 2287 rectum
772 2256 1043 2296 interpretatur,
1069 2257 1125 2288 vel
1151 2266 1375 2290 commune

94 2334 96 2336 ,
162 2302 237 2334 sive
261 2302 447 2333 medium
476 2300 678 2342 (καθῆκον).
727 2300 819 2333 Nam
844 2301 1007 2335 officia
1030 2303 1171 2342 media
1202 2313 1230 2335 s.
1262 2314 1374 2336 com·

127 2372 131 2375 .
161 2347 307 2379 munia
330 2348 383 2379 illi
409 2351 498 2379 teste
526 2346 728 2379 Ciceron.
755 2346 810 2379 De
836 2345 937 2380 offic.
962 2347 1025 2379 ΙΙΙ.
1051 2358 1081 2380 c.
1107 2347 1140 2381 4.
1163 2354 1375 2382 censuerunt

162 2403 240 2425 esse
265 2393 396 2434 quasi
422 2393 613 2425 secunda
636 2393 846 2432 honesta,
872 2403 955 2425 non
980 2395 1227 2436 sapientum
1250 2397 1374 2428 modo

161 2439 366 2481 propria,
404 2439 478 2474 sed
520 2449 610 2470 cum
652 2441 766 2470 omni
804 2439 1024 2472 hominum
1062 2450 1222 2481 genere
1260 2451 1374 2474 com-

162 2485 322 2519 munia.
355 2495 388 2516 ν.
426 2485 532 2516 etiam
569 2484 626 2516 De
661 2484 742 2516 Fiu.
781 2484 850 2516 ΙΙΙ.
881 2485 937 2520 17.
975 2485 1114 2518 Recta
1144 2492 1261 2519 autem
1297 2489 1374 2519 sive

163 2531 370 2572 perfecta
400 2530 560 2562 officia
594 2535 694 2570 sunt,
727 2540 816 2572 quae
840 2539 916 2564 'non
945 2532 1075 2564 cadunt
1098 2534 1167 2565 nisi
1193 2534 1230 2565 in
1259 2533 1372 2566 homi-

162 2586 242 2608 nem
266 2587 309 2608 ex
334 2577 522 2618 disciplina
546 2576 670 2608 Stoica
695 2577 898 2617 sapientem.
924 2576 956 2611 v.
980 2579 1084 2610 etiam
1110 2578 1184 2612 Cic.
1214 2578 1317 2619 Offic.
1344 2579 1372 2613 1.

161 2631 191 2654 c.
218 2621 250 2655 3.
277 2622 385 2663 Fugit
410 2622 498 2655 haec
523 2623 707 2654 doetrinae
731 2621 873 2656 Stoicae
897 2634 975 2656 cum
1004 2625 1189 2658 Platonica
1219 2625 1372 2657 necessi·

162 2667 247 2699 tudo
274 2669 369 2700 viros
395 2668 518 2701 doctos
543 2668 657 2700 adhuc
683 2677 816 2701 omnes.
