1612 2872
163 124 167 126 <
225 93 306 134 246
665 90 1115 137 ARGUMENTUM

227 207 406 249 maxime
447 205 562 260 apud
602 204 903 261 Athenienses.
974 204 1106 247 Nulla
1145 218 1246 248 vero
1286 206 1439 248 civitas
1471 206 1556 249 dici

227 268 373 317 potest
401 262 510 303 bene
542 274 636 302 esse
664 259 921 314 constituta,
953 260 1035 302 nisi
1065 260 1290 316 utriusque
1321 261 1445 304 istius
1474 264 1556 305 rei-

228 318 424 373 publicae
463 315 641 357 rationis
681 316 952 371 aliquatenus
992 317 1049 357 sit
1087 317 1326 373 particeps;
1366 318 1556 374 alioquin

228 374 339 415 enim
378 372 575 413 libertate
611 378 654 412 et
692 371 925 413 concordia
963 372 1218 428 sapientiae,
1268 388 1354 428 qua
1402 374 1556 417 civitas

229 429 295 469 sui
333 427 382 468 fit
411 427 605 480 conscia,
656 427 884 468 coniuncta
920 427 1047 482 plane
1077 429 1264 470 carebit.¹
1312 428 1435 481 Quae
1465 431 1558 485 qui-

230 484 328 524 dem
359 497 511 525 caussa
543 483 685 524 extitit
714 482 1029 538 depravationis
1061 484 1190 538 illius,
1225 499 1310 540 qua
1343 491 1427 526 tam
1457 487 1559 528 Per-

229 554 373 580 sarum
422 554 550 594 quam
588 538 916 581 Atheniensium
963 540 1116 581 civitas
1170 547 1236 582 est
1272 541 1559 596 pessumdata.

232 594 404 650 Quippe
434 595 548 636 iusto
579 601 916 650 temperamento
938 610 992 637 ne
1025 596 1138 638 lecto
1158 596 1291 638 altera
1325 597 1406 638 fuit
1434 597 1560 639 liber-

232 651 332 692 tatis
362 650 538 691 nimium
569 657 794 705 appetens,
826 650 958 692 altera
1017 652 1289 695 ominationis
1317 652 1415 708 plus
1445 653 1559 695 iusto

231 706 440 749 studiosa.
501 705 601 758 Quo
630 707 675 747 in
704 721 860 762 genere
889 721 993 748 sane
1023 708 1158 749 maior
1194 709 1327 751 virtus
1358 723 1408 750 ac
1437 724 1560 763 prae-

231 763 389 805 stantia
427 762 607 804 eminuit
657 762 879 803 civitatum
923 762 1193 805 Doricarum.
1261 766 1325 806 At
1362 765 1561 806 nimirum

232 819 392 859 Persae
429 818 590 873 pariter
633 824 763 872 atque
801 818 1090 860 Athenienses
1135 820 1441 874 rempublicam
1486 821 1563 862 ha-

232 875 415 916 buerunt
458 874 557 915 olim
600 873 773 927 quidem
812 874 962 915 melius
993 874 1127 915 multo
1158 889 1284 929 quam
1313 890 1428 917 nunc
1456 877 1563 933 legi-

231 931 312 972 bus
368 935 662 984 temperatam.
729 928 828 981 Qua
865 929 1033 970 ratione
1073 936 1215 972 autem
1262 931 1477 986 evenerit,
1516 937 1565 974 ut

232 986 277 1026 in
308 985 432 1040 peius
464 986 522 1026 sit
550 990 735 1037 mutata,
779 999 831 1026 ex
872 985 938 1027 his
968 985 1114 1027 licebit
1142 999 1400 1042 cognoscere
1430 993 1473 1029 et
1498 988 1564 1029 in-

233 1041 442 1096 telligere.
502 1040 657 1082 Persae
687 1040 822 1096 igitur
848 1041 948 1082 olim
977 1047 1184 1098 regnante
1214 1042 1331 1098 Cyro
1364 1044 1565 1098 quoniam

234 1096 418 1138 mediam
449 1096 560 1138 inter
589 1097 804 1138 licentiam
835 1102 878 1138 et
897 1098 1147 1139 servitutem
1177 1097 1289 1139 viam
1319 1104 1563 1153 tenuerunt,

235 1167 366 1207 quum
397 1152 519 1194 liberi
539 1153 624 1207 ipsi
654 1153 829 1194 fuerunt
856 1159 944 1194 tum
970 1153 1076 1195 alios
1105 1153 1288 1218 populos
1319 1169 1398 1196 suo
1429 1170 1563 1212 regno

233 1208 535 1251 adiunxerunt.
586 1207 761 1263 Quippe
792 1223 915 1264 reges
943 1223 1088 1250 eorum
1118 1214 1246 1251 etiam
1266 1210 1432 1252 civibus
1462 1226 1565 1255 con-

234 1271 460 1306 cesserunt
493 1265 747 1306 libertatem.
806 1264 1095 1317 Quamobrem
1133 1265 1176 1306 hi
1205 1266 1333 1307 etiam
1361 1266 1472 1308 bella
1501 1267 1565 1308 lu-

232 1320 386 1362 benter
424 1326 652 1376 gesserunt
690 1325 734 1360 et
771 1334 858 1362 non
887 1321 1011 1362 inviti
1040 1327 1274 1376 paruerunt
1303 1321 1459 1363 ducum
1487 1323 1565 1364 im·-

233 1376 379 1430 perio,
423 1376 673 1431 praesertim
711 1390 841 1430 quum
881 1376 1007 1418 etiam
1045 1378 1088 1418 in
1127 1377 1318 1419 consiliis
1362 1378 1564 1433 publicis,

236 1431 483 1486 quicunque
513 1433 558 1473 in
587 1447 642 1488 po
677 1431 748 1473 ulo
779 1431 1030 1474 viderentur
1058 1432 1286 1488 prudentia
1315 1448 1366 1475 ac
1396 1434 1566 1489 sapien-

234 1488 297 1528 tia
326 1488 550 1540 excellere,
583 1503 638 1528 au
672 1488 723 1528 iri
753 1487 954 1531 solerent.
1014 1488 1080 1529 Ea
1109 1504 1212 1530 vero
1233 1489 1444 1531 libertatis
1474 1490 1566 1531 feli-

235 1543 345 1585 citas
387 1544 654 1598 aliquantum
693 1543 916 1595 imminuta
977 1550 1043 1585 est
1082 1551 1288 1600 regnante
1338 1544 1565 1601 Cambyse.

236 1598 372 1641 Cuius
402 1600 465 1640 rei
496 1599 625 1652 culpa
650 1598 695 1639 in
725 1598 888 1654 Cyrum
918 1609 984 1641 est
1017 1599 1299 1654 conferenda,
1333 1601 1406 1654 qui
1436 1615 1567 1655 quum

232 1653 445 1696 maximus
485 1654 613 1695 fuerit
639 1654 872 1709 imperator
907 1655 1094 1708 itemque
1130 1656 1294 1710 patriae
1326 1657 1565 1698 amantissi-

233 1724 351 1762 mus,
393 1715 537 1751 tamen
584 1723 664 1751 nec
704 1716 846 1751 rectae
895 1710 1147 1765 disciplinae
1197 1717 1240 1752 et
1279 1712 1564 1754 institutionis

235 1764 460 1807 studiosus
500 1765 631 1806 fuisse
677 1765 860 1819 videtur,
899 1781 980 1808 nec
1018 1765 1278 1817 domesticae
1321 1781 1461 1809 rerum
1492 1768 1565 1809 ad-

233 1821 559 1863 ministrationis
604 1822 708 1862 satis
752 1822 927 1876 peritus.
994 1821 1109 1863 Nam
1147 1822 1280 1878 gessit
1317 1823 1388 1864 ille
1417 1823 1517 1865 inde
1544 1839 1569 1865 a

233 1877 458 1919 iuventute
497 1893 575 1920 sua
613 1884 822 1934 perpetuo
853 1878 989 1930 bella,
1021 1883 1071 1919 ut
1097 1878 1328 1920 verisimile
1361 1879 1431 1933 sit,
1463 1878 1567 1921 edu-

235 1933 451 1975 catione-m
502 1934 689 1977 filiorum
738 1948 912 1976 suorum
961 1933 1168 1976 eunuchis
1215 1940 1259 1975 et
1305 1935 1567 1977 mulierculis

233 1988 363 2031 fuisse
399 1991 665 2045 permissam.
732 1989 833 2043 Quo
863 1991 1023 2031 factum
1054 1996 1140 2040 est,
1180 1995 1227 2030 ut
1254 1989 1317 2030 illi
1348 1990 1403 2031 ad
1431 1991 1568 2032 molli-

234 2045 336 2086 tiem
375 2047 534 2101 pariter
579 2053 707 2101 atque
754 2045 1025 2102 tyrannidem
1062 2045 1275 2100 proclives
1319 2045 1565 2099 existerent,

236 2101 447 2154 siquidem
488 2102 542 2143 iis
577 2101 892 2144 concedebatur
941 2107 984 2143 et
1022 2101 1327 2156 indulgebatur
1357 2101 1568 2156 quidquid

235 2157 319 2212 ipsi
357 2157 542 2212 vellentl,
584 2170 670 2212 quo
713 2158 838 2200 citius
878 2157 1043 2200 scilicet
1073 2171 1211 2198 novae
1241 2154 1451 2201 libertatis
1478 2158 1566 2199 fru-

237 2212 378 2255 ctibus
409 2214 674 2269 potirentur,
707 2221 835 2268 atque
865 2213 973 2255 adeo
1002 2227 1027 2253 a
1052 2218 1230 2267 paterna
1259 2213 1419 2254 virtute
1446 2228 1567 2268 pror-

237 2282 311 2310 sus
349 2268 674 2324 degenerarent.
741 2270 851 2311 Iam‘
873 2284 974 2311 vero
1003 2267 1119 2324 Cyro
1146 2274 1314 2310 mortuo
1343 2269 1492 2310 molles
1525 2275 1568 2311 et

202 2330 205 2335 '
235 2323 432 2365 indomiti
472 2326 549 2366 filii
603 2341 732 2380 quum
763 2340 944 2390 regnum
982 2323 1247 2366 haereditate
1283 2325 1565 2380 accepissent,

236 2379 420 2434 primum
450 2381 579 2434 alter,
620 2380 830 2438 regnandi
864 2379 1099 2436 cupiditate
1130 2380 1355 2434 incensus,
1388 2380 1567 2422 alterum

234 2436 418 2489 necavit,
449 2435 603 2478 deinde
632 2443 790 2491 autem,
823 2438 898 2492 qui
925 2435 1080 2477 mansit
1111 2441 1344 2491 superstes,
1375 2435 1568 2491 perditae

236 2506 281 2533 se
313 2491 480 2533 dedidit
508 2493 700 2534 luxuriae
731 2499 774 2535 et
792 2492 1031 2548 nequitiae3
1065 2492 1339 2546 quamobrem
1369 2507 1394 2534 a
1422 2491 1567 2534 Medis

236 2562 368 2604 regno
400 2548 610 2603 spoliatus
640 2554 716 2590 est.
781 2550 889 2591 Post
908 2547 1162 2604 Cambysem
1194 2547 1355 2590 Darius
1388 2561 1567 2603 regnum

235 2603 423 2659 accepit,
464 2604 538 2658 qui
576 2618 722 2648 rursus
767 2605 900 2647 multa
941 2604 1127 2647 instituit
1162 2603 1324 2647 melius.
1393 2603 1568 2645 Etenim
