1612 2872
494 77 577 120 DE
611 76 885 120 LEGIBUS
919 83 1000 117 etc.
1211 75 1413 118 CXLIII

61 208 163 236 vero
210 194 272 236 ita
312 191 495 234 definita
533 198 624 246 est,
668 197 716 232 ut
754 188 871 245 quod
903 189 956 232 de
988 205 1039 232 ea
1070 189 1284 242 traditur,
1316 205 1414 231 cum

59 250 259 293 doctrina
290 249 490 291 Platonis
522 249 566 290 in
597 247 694 290 aliis
725 247 900 303 scriptis
930 248 970 303 *)
1003 247 1204 304 exposita
1231 245 1416 289 adversa

59 307 205 350 fronte
236 321 432 364 pugnare
462 304 744 348 iudicandum
774 300 859 358 sit,
891 305 1145 361 praesertim
1177 319 1310 360 quum
1342 303 1418 344 illa

59 365 188 406 etiam
220 365 284 407 sic
315 365 583 416 informetur,
615 368 664 403 ut
689 362 733 402 in
763 376 816 402 ea
844 362 949 403 insit
969 360 1158 423 denique
1187 367 1416 404 commune

60 421 252 463 omnium
290 421 556 477 reipublicae
595 419 783 474 partium
827 418 1050 465 vinculum
1092 419 1316 473 totiusque
1354 418 1415 460 le-

62 478 343 534 gumlationis
384 476 615 529 absolutio,
656 474 855 529 adeoque
895 476 1018 518 Libr.
1060 476 1095 519 I.
1137 492 1178 532 p.
1220 477 1319 517 629.
1361 475 1416 520 E.

62 549 158 590 sqq.
189 535 382 590 perfecta
411 534 550 576 virtus
582 532 768 573 dicatur.

176 591 265 634 Sed
310 591 419 633 satis
458 590 566 631 haec
606 588 660 630 de
700 588 882 631 iustitia.
951 588 1130 632 Licebit
1155 605 1272 633 nunc
1301 596 1420 632 tran-

62 649 148 691 sire
178 647 234 690 ad
263 649 437 689 tertiam
467 653 512 688 et
540 652 738 701 quartam
769 646 1000 700 virtutem,
1034 661 1147 700 quae
1179 655 1248 690 est
1278 654 1420 690 tem-

62 705 332 761 perantia
382 702 715 762 (σωφροσύνη)
757 703 807 744 'et
846 703 1131 745 fortitudo
1181 704 1420 759 (ἀνδρεία).

61 762 124 805 Et
161 760 451 804 fortitudo
501 759 702 815 quidem,
746 759 784 801 si
833 760 1166 816 Rempublicam
1222 761 1420 804 Platonis

62 819 352 873 consulimus,
394 818 587 861 cernitur
625 817 670 859 in
712 831 789 871 c0,
839 822 889 858 ut
938 817 1213 859 iracunda
1253 819 1419 861 animi

62 891 192 933 pars
231 877 303 931 (τὸ
339 876 560 930 θυμικόν)
602 874 764 916 rationi
805 874 1049 929 opituletur
1079 875 1262 931 eiusque
1293 890 1420 932 prae-

63 939 216 989 cepta,
267 932 544 988 quantumvis
586 931 695 973 dura
742 937 786 973 et
834 931 1007 988 gravia,
1057 939 1145 974 tam
1195 934 1240 974 in
1288 934 1421 976 rebus

63 989 260 1033 adversis
319 1005 450 1045 quam
509 990 553 1031 in
611 988 839 1042 iucundis,
911 995 1086 1031 strenue
1146 996 1421 1033 constanter-

63 1062 149 1102 que
182 1047 410 1101 observet,
454 1045 688 1099 defendat,
728 1052 917 1088 tueatur.
987 1045 1272 1104 Quapropter
1313 1047 1422 1090 haec

63 1105 203 1147 virtus
263 1103 406 1146 ordini
466 1103 651 1145 militum
721 1104 812 1145 sive
887 1103 1122 1145 custodum
1199 1104 1423 1159 tribuitur,

65 1177 252 1217 quorum
304 1166 371 1203 est
416 1161 751 1217 magistratuum
801 1161 921 1202 iussa
973 1159 1209 1203 defendere
1259 1177 1310 1203 ac
1352 1177 1424 1204 su-

66 1225 283 1270 stentare3
331 1234 372 1260 v.
428 1217 497 1259 De
546 1217 655 1274 Rep.
707 1216 789 1258 IV.
837 1234 879 1274 p.
924 1218 1023 1260 442.
1075 1219 1125 1260 B.
1174 1218 1272 1263 coll.
1323 1219 1424 1261 429.

66 1282 111 1318 et
157 1277 255 1319 430.
299 1274 697 1331 Temperantia
747 1288 851 1316 vero
896 1274 1039 1316 locum
1083 1275 1240 1330 habet,
1291 1291 1426 1331 quum

66 1331 196 1375 etiam
246 1331 542 1388 cupiditas
583 1331 857 1386 obtemperat
904 1332 1089 1386 rationi,
1145 1348 1285 1388 eoque
1334 1349 1425 1376 om-

65 1388 188 1432 nium
237 1388 367 1431 animi
423 1389 576 1431 virium
632 1388 824 1430 efficitur
885 1390 1118 1432 consensio
1192 1390 1424 1444 quaedam,

67 1452 116 1488 ut
156 1461 212 1488 ne
252 1446 336 1487 alia
376 1445 449 1487 alii
479 1445 757 1495 adversetur3
797 1445 999 1488 omnibus
1040 1447 1329 1490 communiter
1358 1462 1427 1489 ra-

67 1503 486 1559 tioniaparentibus.
572 1501 869 1555 Quamobrem
911 1517 962 1544 ea
1003 1503 1047 1545 in
1105 1504 1287 1547 civitate
1339 1519 1427 1547 non

67 1560 287 1617 peculiari·
318 1560 451 1602 alicui
492 1558 634 1603 ordini
683 1559 875 1614 propria·
906 1565 997 1613 est,
1040 1559 1119 1602 sed
1151 1577 1241 1617 xper
1283 1562 1430 1605 omnia

31 1617 357 1672 'aequabiliter
396 1615 656 1658 diffunditur
697 1617 855 1658 civium
895 1632 1079 1673 genera3
1120 1634 1162 1660 v.
1206 1618 1276 1661 De
1317 1619 1428 1675 Rep.

70 1674 151 1717 IV.
192 1690 234 1729 p.
275 1675 372 1716 43⁴2.
411 1675 468 1716 A.
511 1689 607 1729 sqq.
641 1674 750 1715 44⁶2.
791 1671 842 1715 C.
883 1688 980 1730 sqq.
1023 1674 1243 1731 Imprimis
1268 1682 1428 1718 -tamen

68 1731 208 1787 ipsam
238 1730 448 1774 militibus
480 1736 524 1773 et
553 1730 785 1786 opificibus
818 1731 1053 1774 convenire
1085 1739 1431 1776 consentaneum

71 1795 160 1840 est3
200 1805 241 1831 v.
281 1787 352 1830 De
385 1788 495 1843 Rep.·
537 1787 618 1830 IV.
652 1803 694 1843 p.
716 1789 823 1830 430.
893 1787 986 1830 Iam'
1017 1804 1121 1831 vero
1152 1790 1196 1832 in
1230 1790 1432 1846 Legibus
1460 1792 1463 1794 ’

71 1845 108 1887 si
140 1844 312 1899 quaeris
343 1844 450 1899 quid
480 1843 534 1886 de
565 1844 632 1887 his
662 1844 899 1887 virtutibus
924 1845 1150 1900 doceatur,
1182 1847 1432 1903 responsio-

72 1917 169 1944 nem
200 1902 244 1943 in
266 1908 441 1957 promtu
463 1901 686 1943 habemus.
749 1901 865 1947 Nam
898 1902 1195 1950 fortitudo.
1221 1905 1275 1946 ab
1306 1903 1433 1946 initio

73 1957 248 2014 quidem
290 1973 342 1999 ex
381 1957 553 2015 vulgari
593 1957 798 2014 opinione
847 1959 1033 2001 refertur
1078 1960 1207 2003 unice
1245 1961 1336 2002 sere
1377 1959 1434 2002 ad

71 2015 362 2062 constantiam
400 2015 446 2057 in
489 2014 785 2071 suscipiendis
817 2029 869 2058 ae
898 2015 1141 2065 tolerandis
1170 2017 1302 2060 rebus
1334 2030 1434 2074 gra*-

148 2163 188 2210 ⁸]
224 2164 501 2197 Aristoteles
527 2164 612 2206 quid
637 2165 787 2197 senserit
813 2165 858 2198 de
888 2165 1044 2206 iustitia,
1084 2166 1278 2209 perspicias
1310 2176 1353 2198 ex
1384 2166 1433 2198 E-

212 2211 295 2245 thic.
322 2212 365 2244 ad
391 2210 531 2245 Nicom.
568 2211 666 2243 Libr.
701 2211 737 2243 V.
764 2222 794 2243 c.
822 2212 837 2245 1
866 2230 911 2235 —
939 2211 969 2246 7.
1025 2207 1116 2244 Nam
1141 2213 1176 2244 in
1205 2212 1365 2246 Politicis
1390 2214 1434 2245 de

219 2267 262 2289 ea
293 2267 364 2289 non
395 2258 552 2299 disputat
589 2261 799 2298 propterea,
831 2259 969 2300 opinor,
996 2259 1091 2300 quod
1115 2259 1159 2291 de
1185 2260 1307 2291 eadem
1333 2264 1434 2302 quat-

218 2308 300 2335 tuor
337 2303 447 2335 libros
471 2304 678 2345 scripserat3
713 2315 744 2335 v.
778 2303 1148 2345 Diogen..Laert.
1180 2306 1222 2337 V.
1255 2305 1313 2339 22.
1356 2305 1436 2338 Vult

215 2354 331 2382 autem
356 2350 606 2390 iustitiam,.si
639 2360 750 2390 genus
785 2350 898 2391 ipsius
922 2355 1116 2392 spectetur,
1143 2362 1220 2384 esse
1243 2351 1434 2393 perfectio—

215 2405 295 2427 nem
333 2395 471 2428 virtutis
509 2397 545 2428 in
581 2397 746 2427 convictu
772 2406 850 2427 cum
874 2397 954 2429 aliis
980 2396 1181 2430 hominibus
1209 2399 1434 2439 conspicuam

216 2446 324 2482 atque
359 2443 533 2474 communi
573 2442 735 2474 societati
776 2443 922 2485 eiusque
965 2443 1104 2485 legibus
1149 2450 1435 2477 consentaneam.

220 2488 432 2528 Angustiore
462 2493 578 2521 autem
612 2497 717 2520 sensu
749 2488 918 2530 intelligit
941 2499 1018 2522 eam
1044 2491 1221 2531 virtutem,
1247 2500 1336 2533 quae
1362 2491 1436 2524 cui-

217 2542 284 2573 que
314 2533 468 2566 debitum
494 2534 683 2574 honorem,
716 2538 940 2576 potestatem,
964 2536 1135 2569 bonorum
1162 2538 1435 2579 possessionem,

217 2579 290 2611 alia
317 2580 460 2618 similia,
491 2580 618 2612 tribuit
648 2585 682 2611 et
712 2590 783 2612 una
808 2583 958 2614 maxime
983 2585 1200 2624 aequalitate
1225 2579 1437 2617 continetur.

218 2623 452 2667 Quae-quam
491 2635 599 2668 prope
643 2626 686 2657 ad
739 2627 880 2660 decreta
918 2628 1080 2661 Platonis
1111 2630 1464 2671 accedant,'ncm0'

218 2677 269 2701 est
299 2672 382 2712 quin
409 2677 533 2713 sponte
557 2672 828 2706 animadvertat.
