1612 2872
292 95 375 138 DE
406 91 684 138 LEGIBUS
717 91 837 136 LIB.
870 91 905 134 Ι.
934 90 983 135 P.
1017 92 1114 134 639.
1147 89 1212 134 St.
1369 91 1421 133 87

173 214 272 256 ΑΘ.
349 214 401 255 Τι’
445 210 484 255 δ’

535 209 683 268 ἅρχων
726 211 1063 267 στρατοπέδωνς
1099 201 1168 266 ἆρ’
1216 205 1298 251 ἐὰν
1341 205 1425 261 τὴν

71 277 315 335 πολεμικὴν
357 283 428 339 ὲζχῃ
465 278 732 334 ἐπιστήμην,
765 275 920 328 ἱκανὸς
953 275 1128 334 ἄρχειν,
1161 270 1246 319 κᾶν
1282 273 1426 327 δειλὸς

69 345 130 390 ὢν
163 352 211 390 ἐν
246 354 338 397 τοῖς
373 349 535 396 δεινοῖς
566 345 653 390 ὑπὸ
689 349 837 402 μέθης
872 346 952 389 τοῦ
987 342 1135 405 φόβου
1171 344 1359 400 ναυτιᾷς

170 438 276 480 ΜΕ.
350 437 439 479 Καὶ
476 437 593 492 arsag-3

170 527 271 570 ΑΘ.

332 523 416 568 “Au
439 528 483 569 δὲ
506 519 564 568 αὖ
590 523 699 582 μήτε
718 528 791 585 ἔχῃ
815 522 897 577 τὴν
919 530 1087 581 τέχνην,
1113 522 1255 575 δειλός
1295 540 1341 569 τε
1377 513 1429 586 ᾖς

168 617 273 658 ME.
348 614 622 658 Παντάπασί
657 631 757 657 τινα
794 612 995 669 πονηρὸν
1029 616 1177 667 λέγεις,
1196 615 1271 658 καὶ
1291 613 1427 658 οὐδα-

67 682 158 738 μῶς
191 682 372 739 ἀνδρῶν
407 674 623 739 ἄρχοντά,
658 680 776 725 ἀλλά
815 698 946 725 τινων
985 680 1164 741 σφόδρα
1188 683 1424 736 γυναικῶν.

160 845 407 881 navae-1265
442 846 518 892 ὢν]
550 849 621 882 Pro
654 845 717 881 κᾶν
751 848 831 881 Par.
860 853 900 882 Α.
928 848 969 881 Β.
1006 849 1082 882 Vat.
1115 846 1153 883 Ω.
1180 848 1270 882 Ven.
1299 848 1337 884 Ξ.
1363 849 1426 883 alii

69 894 123 926 καὶ
148 892 177 926 δ.

68 1031 228 1064 turbatus
253 1033 416 1065 nonnihil
448 1037 502 1065 est
525 1041 712 1074 argumen—

67 1078 213 1111 tationis
259 1084 372 1112 tenor.
436 1078 527 1111 Nam
561 1079 712 1121 primum

67 1126 264 1167 exemplum
311 1135 333 1157 a
375 1135 561 1167 caprarum
601 1134 712 1166 grege

65 1172 253 1213 repe-titum
283 1175 420 1212 spectat
447 1172 493 1204 ad
529 1182 589 1211 ea,
621 1181 711 1213 quae

66 1227 151 1249 mox
174 1218 396 1250 disseruntur
419 1218 502 1250 inde
526 1228 548 1250 a
571 1217 709 1250 verbis:

73 1261 118 1296 Τι’
144 1261 180 1295 δὲ
209 1263 388 1305 ἐπαινέτην
425 1260 446 1306 ἦ
470 1263 596 1306 ψέκτην
621 1274 709 1295 κοιν-

68 1320 98 1340 κ.
124 1320 151 1340 t.
178 1309 206 1344 λ.
255 1309 354 1348 Quae
384 1320 469 1342 vero
504 1311 547 1342 de
582 1310 709 1351 guber-

66 1360 189 1388 natore
220 1357 322 1389 navis
357 1366 399 1388 ac
429 1357 473 1388 de
498 1357 586 1389 duce
610 1366 709 1388 exer-

66 1402 157 1435 citus
194 1407 440 1444 exponuntur,
480 1413 523 1435 ea
559 1403 710 1445 scriptor

66 1449 136 1480 iam
166 1448 241 1489 hic,
267 1447 361 1480 haud
384 1459 471 1481 sane
498 1454 710 1491 opportune,

65 1495 226 1534 inseruit,
251 1497 334 1536 quia
359 1495 610 1528 subiuncturus
636 1499 712 1527 erat

68 1550 157 1582 quae
187 1552 221 1583 p.
246 1541 324 1575 640.
353 1541 382 1572 A
411 1552 489 1583 sqq.
524 1543 568 1574 de
599 1543 709 1583 magi-

66 1592 140 1619 stro
157 1588 455 1629 compotationum
475 1588 708 1620 disseruntur.

66 1633 189 1674 ltaque
213 1634 304 1666 ordo
320 1634 572 1666 sententiarum
587 1635 709 1677 utique

65 1680 184 1722 paullo
209 1680 355 1712 liberior
379 1684 444 1720 est,
467 1685 506 1712 ut
532 1685 628 1713 totus
655 1682 707 1713 lo-

66 1735 127 1758 eus
163 1727 377 1758 severiorem
416 1727 534 1758 limam
568 1727 707 1759 deside-

65 1781 163 1805 rasse
187 1772 360 1804 videatur.
393 1772 584 1805 Praeterea
606 1773 707 1812 illud,

67 1814 133 1850 ὑπὸ
167 1817 279 1859 μέθης
310 1818 373 1850 τοῦ
413 1816 535 1859 φόβου
573 1819 708 1861 ναυτιᾷ,

68 1866 180 1905 primo
227 1865 350 1896 saltem
388 1865 558 1905 adspectu
604 1866 707 1897 valde

67 1910 269 1942 affectatum
286 1910 456 1941 videatur.
481 1910 573 1942 Nam
597 1911 706 1942 ebri-

68 1956 208 1988 etatis
233 1957 347 1996 imago
379 1957 545 1988 audacter
569 1957 614 1988 ad
638 1966 707 1988 me-

68 2007 141 2034 tum
171 2001 397 2038 transfertur,
421 2003 709 2044 quandoquidem

67 2052 162 2081 reete
187 2048 328 2102 quidem
354 2058 392 2080 se
420 2048 551 2080 habent
564 2045 710 2087 μεθύειν

71 2094 185 2136 τρυφῇ
209 2089 340 2126 &15:16
373 2095 528 2136 τρυφῆς,
555 2091 624 2126 ὑπὸ
651 2105 707 2135 φι-

68 2140 234 2180 λοτιμίας,
271 2135 332 2180 ὑφ’
369 2136 515 2182 ἡδονῆς,
550 2145 585 2173 et
617 2151 708 2182 quae

69 2191 152 2219 sunt
175 2187 318 2225 similia,
344 2187 380 2219 in
413 2187 539 2229 quibus
572 2188 707 2228 cupidi-

70 2233 151 2265 tatis
176 2237 211 2264 et
239 2233 430 2274 voluptatis
458 2234 629 2275 cogitatio
654 2234 706 2265 lo-

70 2289 148 2311 cum
172 2278 294 2317 habet3
319 2279 381 2311 sed
405 2289 486 2312 raro
513 2280 592 2321 quis
607 2280 708 2311 dixe-

70 2325 119 2358 rit
142 2324 316 2356 ebrium
335 2334 435 2358 esse
471 2330 605 2366 metu,
629 2336 706 2358 ma-

70 2372 177 2403 dere
217 2370 370 2403 timore
409 2376 474 2404 etc.
520 2376 709 2414 propterea

71 2415 165 2458 quod
203 2420 338 2448 metus
385 2427 427 2450 ac
461 2419 590 2450 timor
625 2422 706 2449 sunt

72 2461 191 2504 potius
214 2463 252 2493 in
264 2462 370 2494 animi
385 2465 708 2504 perturbationibus

72 2517 175 2550 quam
204 2508 242 2539 in
274 2508 524 2550 cupiditatibus
556 2515 618 2543 aut
648 2520 708 2542 vo-

71 2553 264 2595 luptatibus
301 2557 519 2590 numerandi.
578 2555 708 2594 Quam-

72 2599 192 2632 obrem
221 2603 314 2631 recte
345 2601 560 2635 Horatius
592 2601 710 2635 Carm.

73 2644 170 2684 1.37,
187 2643 233 2679 14
246 2655 298 2687 sq.
324 2649 480 2690 scripsita
505 2649 709 2681 Mentem-

72 2700 156 2734 que
185 2690 448 2737 lymphatam
476 2694 712 2729 Mareotico

779 1032 973 1073 Redegit
997 1032 1040 1064 in
1075 1041 1205 1064 veros
1236 1031 1424 1064 timores

780 1078 808 1111 C
817 1089 839 1111 a
848 1089 866 1111 e
877 1089 892 1110 s
901 1089 922 1111 a
930 1089 966 1119 r;
1013 1088 1180 1120 perverse
1226 1080 1424 1120 scripturus

779 1130 871 1157 erat:
898 1124 1061 1157 ebriam
1079 1124 1350 1166 Mareotico,
1376 1125 1424 1157 si-

778 1172 922 1214 quidem
945 1175 1076 1203 metum
1101 1181 1142 1203 ac
1167 1181 1336 1213 pavorem
1361 1171 1423 1204 de-

777 1219 919 1260 signare
966 1217 1021 1249 his
1073 1217 1190 1250 verbis
1234 1218 1421 1250 voluisset.

777 1264 999 1306 Quamquam
1007 1263 1070 1295 L‘u
1080 1273 1098 1295 c
1107 1274 1150 1296 re
1159 1264 1252 1296 tius
1278 1264 1422 1306 quidem

775 1310 905 1343 alicubi
936 1310 1028 1342 dixit
1059 1310 1208 1342 ebrius
1243 1311 1361 1343 curis
1385 1310 1421 1342 h.

775 1366 807 1389 e.
843 1358 979 1398 plenus.
1033 1357 1085 1388 At
1115 1357 1280 1388 nimirum
1315 1356 1421 1388 facile

775 1407 934 1445 apparet,
959 1402 1019 1444 qui
1042 1402 1174 1435 factum
1201 1403 1259 1442 sit,
1271 1407 1310 1434 ut
1333 1403 1421 1435 seri-

775 1454 857 1491 ptor
868 1450 950 1481 ‘isto
968 1449 1073 1481 modo
1087 1449 1305 1491 loqueretur.
1328 1448 1423 1481 Nam

774 1497 927 1538 primum
975 1495 1117 1536 quidem
1153 1496 1250 1528 istud
1287 1495 1422 1539 ναυτιᾷ,

776 1552 846 1584 quo
871 1551 956 1574 usus
987 1546 1041 1574 est
1066 1541 1110 1574 de
1151 1543 1255 1575 navis
1292 1541 1421 1584 guber-

775 1593 922 1628 natore,
954 1588 1059 1620 etiam
1093 1587 1140 1620 ad
1166 1588 1291 1620 ducem
1317 1597 1421 1620 exer-

775 1636 865 1667 citus
894 1634 1086 1673 transtulit,
1103 1634 1212 1676 idque
1238 1635 1324 1667 fecit
1347 1644 1420 1666 non

775 1682 852 1713 sine
877 1690 994 1713 causa.
1036 1680 1175 1712 Deinde
1200 1681 1284 1714 huic
1308 1680 1419 1712 verbo

775 1728 915 1760 addidit
931 1723 1002 1758 ὑπὸ
1028 1724 1151 1768 μέθης,
1164 1731 1257 1760 tecte
1282 1727 1418 1759 scilicet

772 1774 1053 1815 significaturus,
1096 1773 1190 1805 hane
1235 1783 1416 1815 compara-

773 1821 907 1852 tionem
936 1819 982 1851 ad
1021 1819 1298 1860 disputationem
1333 1829 1417 1852 mox

774 1867 818 1898 de
845 1866 1015 1898 ebrietate
1031 1866 1285 1898 instituendam
1300 1869 1417 1899 trans-

772 1912 882 1944 latum
912 1912 969 1943 iri.
1016 1911 1111 1943 Huic
1156 1916 1272 1944 autem
1307 1922 1418 1944 voea-

774 1958 870 1994 bulo,
905 1958 1078 1989 invitatus
1116 1957 1281 1989 nimirum
1322 1957 1416 1990 dulci

773 2003 890 2044 specie
944 2003 1212 2044 pulcritudinis,
1264 2004 1417 2045 denique

773 2049 904 2082 adiecit
930 2049 1037 2081 etiam
1064 2049 1160 2080 istud
1185 2049 1249 2080 τοῦ
1273 2048 1409 2091 φόβου.

773 2095 949 2127 Nimirum
971 2095 1024 2127 ita
1047 2094 1117 2127 sibi
1140 2095 1237 2128 visus
1261 2100 1315 2128 est
1335 2100 1418 2138 apte

774 2142 966 2183 depingere
990 2142 1252 2183 imperatorem,
1264 2142 1301 2174 in
1324 2152 1417 2174 sum·

775 2198 832 2220 mo
879 2197 995 2219 rerum
1044 2188 1248 2221 discrimine
1304 2189 1417 2221 instar

775 2233 862 2267 ebrii
894 2234 1043 2266 alicuius
1084 2235 1212 2275 capitis
1249 2240 1416 2277 tanquam

775 2280 950 2320 vertigine
974 2285 1182 2321 correptum.

822 2336 948 2357 τινων
973 2322 1147 2368 σφόδρα
1171 2325 1414 2369 γυναικῶν.]

775 2373 934 2404 Pertinet
970 2369 1110 2414 σφόδρα
1146 2373 1192 2406 ad
1230 2373 1416 2416 γυναικῶν,

774 2419 812 2450 ἰιι
840 2428 910 2460 quo
934 2418 1020 2452 latet
1042 2419 1142 2451 notio
1156 2419 1323 2452 adiectivi
1348 2421 1416 2451 im-

776 2465 929 2502 bellis,
966 2466 1176 2507 ignavus,
1219 2466 1416 2498 timidus.

777 2510 838 2542 Sic
886 2507 990 2552 κᾰρτα
1042 2508 1160 2550 μάντις
1206 2513 1294 2544 Aes
1306 2511 1416 2552 chyl.

778 2556 934 2599 Che-eph.
965 2567 998 2589 v.
1036 2557 1116 2592 921.
1146 2555 1239 2590 πάνυ
1279 2554 1417 2598 φύσιες.

778 2602 817 2634 Id
836 2602 932 2636 Pers.
948 2615 980 2636 v.
995 2603 1075 2638 922.
1101 2602 1188 2644 μάλα
1214 2601 1417 2646 στρατηγός.

776 2648 972 2692 Xenoph.
1004 2650 1145 2682 Hellen.
1190 2650 1245 2684 Vl.
1283 2649 1324 2690 2,
1358 2648 1417 2684 39.

777 2692 864 2735 μάλα
898 2692 1033 2739 χειμών.
1067 2696 1159 2729 Ibid.
1199 2696 1243 2729 V.
1281 2695 1320 2736 4,
1357 2693 1416 2732 14.
