1612 2872
236 87 390 130 XLVI
666 85 1143 129 PROJAEGOMENA

238 198 476 240 crebriores
516 203 660 238 essent
695 195 985 251 interrogandi
1015 212 1066 239 ac
1102 198 1394 253 respondendi
1431 199 1564 251 vices,

236 261 366 308 atque
405 253 483 294 hos
522 252 658 307 magis
701 251 946 294 Socraticos
975 253 1045 294 vel
1074 253 1321 297 Platonicos
1352 254 1565 296 habuisse.

236 310 290 351 In
321 324 407 363 quo
446 308 518 349 ille
548 307 718 349 minime
757 322 783 348 a
811 322 915 349 vero
947 308 1173 351 aberravit.
1230 310 1311 352 Est
1343 311 1455 352 enim
1483 310 1566 352 hoc

235 366 386 419 utique
414 363 596 404 Politiae
629 363 788 417 pariter
804 369 933 418 atque
962 364 1154 420 Legibus
1182 366 1418 421 proprium,
1450 364 1566 420 quod

235 422 279 463 in
308 422 360 462 iis
393 419 589 474 dialogus
619 419 760 460 minus
788 417 918 460 habet
946 420 1168 462 varietatis
1198 427 1326 476 atque
1350 422 1566 478 longiores

237 477 451 519 orationes
490 490 575 515 non
619 474 858 530 interrupto
898 490 1091 518 sermone
1127 477 1375 519 recitantur.
1447 477 1565 530 Quo-

237 533 350 574 circa
379 531 470 572 iure
500 531 695 586 profecto
726 545 967 572 asseverare
997 538 1041 573 et
1070 532 1328 574 contendere
1356 532 1564 587 videmur,

235 602 382 629 verum
420 601 515 628 esse
557 586 673 640 quod
703 593 829 628 antea
857 586 1154 642 iudicavimus,
1188 588 1427 630 universam
1456 589 1567 630 anti—

235 643 443 697 quitatem
484 642 696 685 communi
735 643 1016 684 consensione
1057 643 1109 686 de
1147 645 1344 700 Legibus
1371 644 1566 688 Platonis

230 701 294 741 ita
322 699 547 751 statuisse,
587 705 636 740 ut
664 713 807 740 earum
838 698 1022 754 origines
1053 699 1108 741 ad
1137 714 1344 742 summum
1374 701 1566 755 philoso-

232 755 364 812 phum
393 762 611 809 tamquam
640 760 857 796 auctorem
885 754 1128 797 referendas
1157 756 1440 800 existimaret.

347 811 509 852 Verum
536 811 647 852 enim
676 824 778 852 vero
806 811 972 853 etiamsi
1001 826 1090 853 rem
1117 812 1178 854 ita
1209 826 1255 853 se
1274 811 1432 855 habere
1462 828 1565 856 con-

234 866 473 909 cedendum
515 866 596 919 sit,
638 873 781 908 tamen
821 872 968 908 nostra
1005 872 1146 908 aetate
1193 866 1447 922 extiterunt,
1494 870 1567 924 qui

234 938 365 977 quum
427 923 598 964 omnino
658 923 802 977 Leges
862 922 1057 965 Platonis
1119 938 1228 979 opus
1288 938 1382 966 esse
1435 939 1566 981 nega-

232 984 343 1031 rent,
375 985 466 1019 tum
508 979 635 1019 etiam
674 977 826 1019 horum
854 979 1194 1020 testimoniorum
1231 980 1317 1021 vim
1347 986 1390 1021 et
1418 989 1567 1023 aucto·

232 1035 402 1076 ritatem
443 1033 718 1076 labefactare«
739 1039 782 1075 et
811 1040 1001 1076 evertere
1031 1041 1297 1079 conarentur.
1354 1035 1566 1079 Nimirum

233 1091 366 1146 probe
406 1090 468 1131 illi
505 1096 832 1146 perspexerunt,
864 1090 937 1132 illa
965 1105 1091 1145 quam
1123 1090 1197 1132 diu
1226 1091 1352 1144 salva*
1373 1097 1419 1134 et
1447 1092 1566 1134 inco-

232 1147 359 1188 lumis
397 1152 626 1201 perstaret,
667 1160 748 1187 nec
777 1145 870 1187 fieri
909 1145 997 1188 ullo
1035 1146 1163 1188 modo
1192 1161 1344 1202 posse,
1382 1153 1431 1189 ut
1469 1149 1565 1190 aliis

233 1202 497 1258 argumentis
535 1202 643 1243 fides
682 1202 826 1256 operis
865 1202 1037 1256 penitus
1063 1203 1387 1244 convelleretur.
1446 1201 1567 1256 Quo-

234 1259 349 1300 circa
378 1273 456 1300 nos
486 1265 583 1300 ante
614 1258 756 1299 omnia
785 1258 933 1313 paucis
965 1257 1265 1312 disquiremus,
1298 1259 1404 1313 quid-
1433 1275 1567 1314 quan-

234 1321 411 1369 tumque
448 1313 813 1369 disputationibus
854 1313 948 1355 istis
977 1315 1064 1356 suis
1098 1314 1330 1356 effecerint.
1389 1315 1502 1357 Nam
1531 1316 1567 1358 si

235 1386 382 1412 eorum
421 1377 602 1412 conatus
643 1385 774 1411 vanos
813 1375 941 1423 atque
970 1369 1111 1412 irritos
1141 1370 1274 1412 fuisse
1302 1373 1564 1426 apparuerit,

235 1433 351 1468 certe
391 1442 479 1467 non
516 1433 674 1467 temere
712 1425 951 1467 videbimur
980 1426 1042 1466 ita
1071 1431 1259 1468 statuere
1290 1434 1333 1468 et
1361 1427 1564 1480 iudicare,

235 1489 283 1524 ut
313 1482 379 1523 vel
416 1482 527 1523 hanc
557 1482 611 1523 ob
643 1496 837 1524 caussam
870 1481 992 1523 aliter
1022 1481 1074 1523 de
1105 1482 1274 1538 Legum
1301 1481 1386 1524 fide
1416 1489 1459 1525 et
1490 1498 1566 1524 au-

235 1539 437 1580 ctoritate
469 1537 800 1579 existimandum
821 1538 878 1579 sit
906 1544 1035 1592 atque
1064 1538 1125 1579 illi
1154 1538 1391 1580 voluerunt.
1450 1538 1565 1581 Con-

235 1595 414 1636 firmatis
452 1595 564 1635 enim
603 1594 788 1635 externis
818 1594 1096 1647 testimoniis,
1138 1594 1294 1648 quibus
1332 1596 1566 1637 auctoritas

236 1651 378 1705 operis
406 1650 631 1702 fulciatur,
664 1650 791 1691 etiam
820 1649 885 1690 vis
915 1649 1176 1703 reliquorum
1206 1657 1565 1706 argumentorum,

236 1707 392 1760 quibus
441 1721 491 1747 ea
539 1706 790 1760 impugnata
835 1711 926 1759 est,
994 1705 1222 1760 plurimum
1277 1706 1565 1748 imminuetur.

237 1762 526 1815 Quamobrem
555 1761 703 1803 ordine
735 1761 937 1815 deinceps
976 1761 1271 1814 ostendemus,
1311 1762 1464 1816 quibus
1499 1777 1566 1803 ar-

235 1818 451 1874 gumentis
508 1817 690 1873 primum
737 1816 908 1872 quidem
954 1818 1243 1859 testimonium
1298 1817 1564 1871 Aristotelis,

237 1873 392 1916 deinde
443 1874 569 1916 etiam
615 1873 861 1915 testimonia
907 1873 1170 1926 reliquorum
1221 1873 1476 1928 scriptorum
1514 1874 1566 1917 in

236 1930 572 1972 controversiam
612 1936 766 1971 vocata
792 1929 902 1979 sint3
939 1928 1070 1982 idque
1099 1929 1162 1971 ita
1188 1929 1406 1983 faciemus,
1436 1935 1485 1971 ut
1515 1945 1566 1971 ea

234 1986 360 2028 simul
397 1985 451 2027 ad
495 1985 840 2041 persuadendum
884 1985 1056 2027 minime
1093 1985 1249 2027 idonea
1296 1999 1390 2026 esse
1438 2000 1564 2039 quam

237 2042 472 2083 clarissime
519 2041 869 2083 demonstremus.

351 2097 582 2139 Ordiamur
624 2098 756 2153 igitur
795 2097 847 2139 ab
887 2096 1136 2139 Aristotele.
1203 2095 1263 2135 Et
1304 2093 1430 2136 huius
1471 2094 1564 2147 qui-

235 2152 333 2194 dem
371 2153 606 2195 testimonii
645 2153 822 2195 dicundi
858 2158 1115 2208 potestatem
1152 2150 1455 2206 impugnarunt
1485 2165 1564 2192 nu-

234 2223 312 2264 per
339 2208 421 2250 Fr.
452 2212 486 2249 A
504 2210 649 2251 stius
682 2209 750 2250 De
779 2209 890 2250 Vita«
913 2215 956 2250 et
986 2207 1170 2262 Scriptis
1198 2206 1366 2248 Platon.
1397 2222 1439 2262 p.
1468 2207 1562 2248 390.

234 2263 462 2306 Eduard
489 2265 744 2307 Zellerus
776 2264 900 2307 Stud.
939 2264 1136 2305 Platona.
1167 2278 1209 2318 p.
1242 2263 1332 2304 128.
1363 2277 1457 2316 sqq.
1488 2261 1564 2303 de-

232 2321 362 2374 nique
393 2318 448 2361 G.
478 2320 528 2361 F.
558 2319 631 2365 W.
663 2321 919 2363 Suckow:
970 2320 1056 2361 Die
1080 2318 1322 2361 wissensch.
1344 2332 1386 2359 u.
1413 2317 1563 2362 ki‘mst·

235 2375 414 2418 lerische
481 2376 611 2417 Form
682 2376 758 2418 der
802 2376 910 2418 Plat.
967 2374 1182 2418 Schriften
1232 2390 1272 2430 p.
1335 2375 1423 2419 118.
1468 2387 1563 2428 sqq.

235 2431 431 2484 Quorum
466 2438 612 2473 tamen
651 2433 838 2474 omnium
866 2432 1177 2487 disputationes
1207 2429 1564 2485 apertefatemur

235 2488 359 2530 nobis
395 2487 531 2529 videri
560 2503 645 2529 non
674 2503 767 2529 eam
794 2488 879 2530 vim
908 2487 1088 2540 habere,
1119 2493 1168 2528 ut
1195 2485 1422 2528 Aristoteli
1450 2484 1563 2526 diffi-

237 2543 425 2587 dendum
464 2544 533 2586 sit.
602 2543 772 2584 Etenim
817 2543 1007 2586 Astius
1049 2543 1220 2597 quidem
1260 2541 1384 2596 quod.
1412 2541 1564 2582 statuit

236 2599 504 2656 interpolatis
542 2599 791 2642 Aristotelis
832 2599 1024 2642 Politicis
1070 2599 1180 2641 mala
1216 2596 1366 2639 fraude
1404 2597 1562 2639 inserta
