1612 2872
157 636 194 676 Β

235 131 314 173 352

753 107 1127 170 PLAioNis

235 239 320 286 τῶι)
356 244 554 286 παλαιῶν
591 240 735 295 νόμων
770 240 793 283 ὸ
829 240 966 294 δῆμός
998 258 1126 283 τινων
1147 241 1306 298 κύριος,
1326 243 1440 288 ἀλλά
1465 241 1562 299 τρό-

235 326 322 353 πον
355 307 453 350 τινὰ
486 305 593 349 ἑκών
628 306 823 349 ἐδούλευε
858 316 952 358 τοῖς
984 307 1150 360 νόμοις.

335 376 390 416 M
394 376 438 415 li.

330 442 372 480 A
379 441 427 480 Θ.

512 375 664 422 ΙΙοίοις
701 370 752 424 δὴ
788 375 949 423 Mystes

505 438 608 486 Ἰὀῒς
645 440 738 492 περὶ
778 436 858 489 τὴν
891 436 1102 491 μουσικὴν
1133 439 1308 490 πρῶτον
1331 437 1411 490 τὴν
1451 438 1562 488 τότε,

235 509 308 546 ἴνα
342 506 384 556 ἐξ
415 503 551 557 ἀρχῆς
589 506 829 557 διέλθωμεν
866 504 943 554 τὴν
980 505 1058 545 τοῦ
1093 506 1326 558 ἐλευθέρου
1354 507 1452 547 λίαν
1472 507 1562 546 sni-

235 573 357 612 δοσιν
390 571 502 623 βίου.
550 571 780 627 διῃρημένη]
824 567 909 624 γάρ
947 567 998 617 δὴ
1038 569 1134 611 τότε
1170 562 1222 620 ἦν
1257 568 1358 625 ἡμῖν
1394 568 1420 622 ἡ
1455 586 1561 623 μου·

233 633 330 687 σικὴ
366 633 477 678 κατὰ
515 633 606 686 εἴδη
642 651 684 677 τε
722 637 878 686 ἑαυτῆς
913 632 1026 676 ἅττα
1061 636 1131 676 καὶ
1166 634 1378 690 σχήματα,
1413 638 1487 678 καί
1523 652 1562 677 τι

324 761 363 793 Ρ.
390 760 467 795 700.
516 762 744 805 διῃρημένη
771 759 845 803 γὰρ
870 758 938 802 δὴ]
966 758 1003 801 δὴ
1031 763 1178 794 accessit
1201 773 1243 795 ex
1270 765 1309 795 A.
1336 763 1374 795 B.
1405 761 1442 796 Ω.
1472 763 1509 798 Ξ.
1535 763 1559 795 f.

235 808 269 838 h.
295 817 321 838 r.
346 817 377 839 a.
405 817 433 842 c,

234 916 420 958 εἰρημένοι,
450 916 572 948 ceteris
614 921 684 947 tam
721 915 866 955 abrupte

235 964 499 1002 subiunguntur.
557 960 648 992 Num
687 960 778 991 forte
815 961 865 990 le-

235 1008 401 1049 gendum:
427 1006 462 1038 οἱ
484 1003 535 1047 δὴ
562 1006 727 1047 προγεγ.ἱ)
753 1005 864 1036 Fici-

234 1064 309 1085 nus
329 1053 466 1093 quidem
485 1057 593 1083 certe:
609 1051 760 1082 habita
785 1049 865 1082 iam

234 1099 372 1130 verba
414 1102 452 1129 et
496 1097 712 1128 commode
750 1095 865 1127 dicta

234 1143 542 1186 quodammodo
556 1143 863 1174 demonstrant.

283 1188 319 1219 P.
348 1188 424 1222 700.
472 1185 648 1218 ἐπὶτῶν
677 1185 864 1218 παλαιῶν

234 1232 392 1273 νόμων]
439 1242 486 1264 eo
525 1236 739 1273 tempore,
781 1241 862 1271 quo

233 1284 408 1310 veteres
434 1279 557 1318 leges
582 1278 721 1309 adhuc
747 1277 863 1316 vige-

232 1325 346 1356 bant.
398 1324 582 1363 Perperam
612 1323 671 1354 alii
695 1324 864 1362 interpre-

230 1374 350 1401 tantur
380 1369 490 1400 aliter.
548 1368 657 1399 Usum
700 1367 864 1407 loquendi

231 1414 424 1448 illustratM
435 1418 478 1445 at
491 1413 606 1444 thiae
623 1412 682 1444 Gr.
702 1413 731 1453 ξ.
745 1412 862 1453 584.γ.

283 1458 380 1491 Tuli·
412 1459 504 1500 περὶ
542 1459 616 1499 τὴν
653 1454 865 1498 μουσικὴν

234 1505 399 1546 πρῶτον
422 1503 484 1544 —]
509 1504 751 1535 Intercedebat
773 1503 864 1543 apud

233 1555 366 1582 veteres
391 1550 522 1581 civitati
547 1549 697 1580 maxima
714 1549 863 1579 necessi-

231 1597 315 1626 tudo
350 1598 384 1626 et
413 1595 613 1626 coniunctio
639 1604 714 1624 cum
738 1594 864 1624 civium

231 1640 414 1678 honestate
443 1649 483 1670 ac
517 1640 656 1670 virtute.
709 1639 763 1669 Ex
795 1647 862 1678 quo

231 1685 380 1724 intelligi
405 1687 531 1725 potest,
547 1694 606 1715 cur
630 1683 767 1714 labente
790 1692 863 1713 mo-

232 1740 308 1762 rum
348 1730 532 1769 disciplina
578 1730 691 1760 etiam-
716 1728 866 1759 civitatis

231 1775 333 1807 ruina
349 1775 541 1806 accelerata
554 1775 608 1806 sit.
647 1773 734 1804 Labi
752 1778 865 1804 autem

230 1821 293 1852 illa
315 1820 432 1860 coepit
461 1820 535 1852 sine
560 1819 684 1857 dubio,
710 1818 768 1848 ubi
793 1818 864 1858 pri—

231 1875 324 1896 mum
360 1865 586 1905 gliscentibus
618 1863 865 1904 cupiditatibus

231 1910 401 1943 bonarum
433 1911 556 1941 artium
588 1910 704 1940 studia
733 1909 777 1939 ad
803 1918 863 1939 vo-

231 1956 374 1996 luptatis
414 1956 560 1996 gratiam
604 1958 638 1985 et
674 1954 865 1985 lubidinem

230 2005 459 2041 attemperata
474 2005 565 2032 sunt.
601 1998 703 2037 Quod
718 1999 865 2039 quidem,

236 2047 381 2078 Platone
404 2047 530 2086 iudice,
557 2046 705 2086 primum
729 2045 766 2075 in
790 2049 865 2076 arte

230 2092 363 2123 musica
394 2092 511 2123 eluxit.
560 2090 698 2122 Etenim
728 2090 770 2121 de
801 2089 865 2120 hac

230 2142 458 2178 posteaquam
508 2146 633 2176 magna
677 2135 864 2166 multitudo

231 2182 410 2213 iudicandi
423 2186 629 2222 potestatem
640 2181 716 2211 vsibi
731 2189 864 2211 assum-

231 2227 287 2266 sit,
312 2229 361 2258 ita
388 2227 544 2268 quidem,
570 2227 767 2257 ut'omnem
791 2226 864 2256 eius

231 2273 479 2313 praestantiam
506 2272 605 2303 unius
622 2270 862 2303 delectationis

230 2318 470 2357 magnitudine
495 2322 529 2348 et
548 2317 713 2348 varietate
727 2316 862 2347 metire-

230 2365 306 2402 tur,
340 2372 409 2393 non
438 2363 542 2394 modo
575 2363 651 2403 ipsa
682 2371 738 2393 ars
763 2370 862 2401 prae-

231 2407 444 2442 stantissima
467 2417 633 2448 praeceps
662 2407 713 2438 ire
738 2406 863 2446 coepit,

231 2452 294 2484 sed
320 2452 356 2483 in
381 2453 455 2483 dies
480 2454 582 2484 etiam
612 2457 714 2484 aucta
743 2451 864 2492 populi

229 2497 444 2537 impudentia
475 2503 545 2537 est,
583 2497 862 2538 quandoquidem

232 2531 288 2574 fes
323 2542 502 2583 paullatim
538 2543 677 2574 devenit
724 2552 784 2582 eo,
826 2545 865 2572 ut

231 2587 379 2629 quisque
403 2588 471 2619 sibi
504 2588 679 2619 videretur
702 2587 863 2626 idoneus,

232 2632 291 2674 qui
316 2633 373 2664 de‘
387 2633 482 2665 omni
498 2642 535 2664 re
551 2633 731 2665 iudicaret.
768 2630 862 2670 Quo-

222 2678 324 2710 circa
347 2687 390 2711 ex
415 2678 559 2711 theatris
583 2678 730 2720 primum
751 2678 865 2719 erupit

460 805 487 837 δ.
514 820 544 840 ο.
569 818 604 839 x.
649 809 741 840 Dein
767 804 843 848 ἡμῖν
867 807 964 838 abest
987 807 1030 838 ab
1056 807 1081 839 f.
1108 807 1142 839 h.
1168 818 1199 840 o.

931 915 1153 955 procacitatis
1162 915 1436 956 etimpudentiae
1444 918 1561 958 pestis,

932 963 1030 990 tanta
1059 961 1197 1000 quidem
1230 961 1283 999 vi,
1308 966 1347 991 ut
1370 962 1465 993 brevi
1490 972 1561 993 mo-

932 1005 1083 1042 destiae,
1107 1007 1336 1037 verecundiae
1366 1017 1406 1038 ac
1437 1007 1562 1048 pudori

933 1051 991 1080 vix
1021 1050 1134 1081 adhuc
1165 1051 1261 1083 locus
1298 1052 1575 1093 relinqueretur.-

930 1094 1168 1127 Memorabilis
1203 1096 1359 1137 profecto
1384 1098 1440 1129 hic
1465 1098 1562 1129 locus

931 1144 983 1171 est
1005 1140 1200 1181 dignusque
1225 1142 1382 1182 diligenti
1407 1143 1561 1174 animad-

932 1185 1108 1226 versione,
1156 1196 1199 1218 ex
1246 1196 1313 1227 quo
1361 1188 1564 1228 intelligitur

931 1231 1138 1270 clarissime,
1176 1231 1278 1263 Plato
1315 1233 1442 1274 aliique
1480 1234 1562 1265 scri-

931 1280 1049 1316 ptores
1082 1280 1214 1308 veteres
1244 1287 1304 1308 cur
1333 1279 1483 1310 musicae
1507 1279 1562 1310 ‹le-

931 1321 1168 1361 pravationcm
1227 1323 1436 1363 reipublicae
1493 1327 1562 1355 tam

932 1367 1129 1406 pestiferam
1150 1367 1391 1400 iudicaverint.
1427 1367 1563 1409 Quippe

931 1415 1032 1443 aucta
1055 1422 1117 1452 per
1142 1421 1216 1443 eam
1241 1423 1308 1444 non
1331 1415 1434 1446 modo
1449 1414 1562 1446 molli-

931 1457 996 1488 ties
1041 1462 1092 1487 est
1130 1462 1164 1487 et
1194 1457 1390 1491 effeminata
1429 1459 1561 1499 lubido,
1610 1496 1612 1499 y

932 1512 1050 1533 verum
1074 1503 1204 1534 nutrita
1227 1503 1329 1535 etiam
1349 1496 1467 1545 p'opuli
1482 1514 1562 1545 pro-

930 1547 1071 1583 cacitas,
1094 1547 1321 1590 impudcntia,
1347 1554 1381 1580 et
1405 1550 1562 1588 audacia,

930 1602 1017 1632 quae
1041 1593 1190 1633 denique
1221 1593 1334 1633 legum
1356 1596 1486 1635 pariter
1509 1599 1560 1625 at-

931 1646 997 1677 que
1032 1637 1294 1676 magistratuum
1331 1640 1561 1671 reverentiam

932 1691 1067 1712 omnem
1092 1683 1340 1722 pessumdedit.
1388 1685 1472 1717 Alio
1497 1694 1560 1716 no-

931 1727 1032 1765 mine,
1048 1731 1159 1767 ‚atque
1184 1728 1251 1767 hic,
1276 1729 1425 1761 musicae
1448 1734 1559 1761 muta-

929 1772 992 1810 tio,
1039 1776 1203 1812 tanquam
1253 1774 1414 1812 periculis
1459 1775 1561 1817 plena

933 1817 1139 1847 describitur
1162 1817 1216 1848 De
1233 1817 1320 1858 Rep.
1343 1818 1398 1850 lV.
1423 1829 1457 1859 p.
1482 1819 1561 1853 424.

933 1861 971 1892 C.
991 1861 1036 1892 D.
1063 1872 1162 1902 quem
1187 1862 1299 1893 locum
1324 1865 1382 1904 qui
1408 1875 1482 1896 cum
1507 1865 1561 1897 his

933 1907 1157 1946 contulerint,
1183 1907 1207 1937 ii
1233 1913 1324 1939 certe
1347 1909 1562 1942 mirabuntur

930 1953 1151 1983 Zellerum
1185 1951 1283 1984 Stud.
1323 1953 1484 1987 Platonn.
1526 1966 1560 1996 p.

930 1997 1006 2031 103.
1039 1997 1302 2029 contendentem
1334 1999 1419 2032 haec
1441 2004 1563 2032 nostra

930 2043 1082 2074 indidem
1106 2043 1251 2083 repetita
1285 2054 1371 2075 esse.
1419 2045 1559 2077 Etenim

930 2098 993 2120 nec
1017 2088 1096 2119 vola
1127 2098 1191 2119 nec
1227 2090 1409 2129 vestigium
1447 2091 1559 2122 imita-

931 2134 1036 2164 tionis
1060 2133 1115 2164 hic
1139 2133 1419 2173 deprehenditur.

977 2175 1048 2219 τὴν
1079 2177 1154 2209 τοῦ
1192 2175 1429 2220 ἐλευθέρου
1465 2180 1560 2211 λίαν

930 2221 1129 2256 ἐπίδοσιν
1153 2222 1276 2264 βίου]
1296 2225 1412 2257 vitae
1438 2225 1559 2257 iusto

929 2268 1162 2300 liberioris
1231 2269 1558 2302 incrementum.

930 2314 1021 2345 conf.
1052 2323 1132 2344 ann.
1165 2313 1207 2344 ad
1241 2324 1273 2354 p.
1306 2315 1383 2350 694.
1423 2315 1463 2346 B.
1500 2316 1559 2348 ubi

931 2359 972 2391 de
988 2359 1095 2390 verbo
1104 2355 1557 2401 ἐπιδιδόιναιεκρΙίοανὶωιιε.

927 2405 1085 2482 {andem
1100 2404 1282 2435 verborum
1295 2406 1560 2445 collocationem

955 2449 1035 2480 abes
1071 2449 1176 2490 Hipp.
1210 2451 1289 2483 mai.
1327 2460 1358 2490 p.
1400 2450 1480 2485 300.
1514 2450 1558 2482 C:

931 2495 989 2536 τῆς
1014 2494 1079 2525 τοῦν
1104 2491 1283 2534 παρόντων
1299 2495 1420 2535 λέξεως
1436 2493 1558 2538 λόγων.

930 2540 1020 2572 Tim.
1053 2550 1086 2580 p.
1117 2539 1173 2574 39.
1205 2539 1256 2571 D:
1287 2538 1375 2582 notis·
1411 2539 1471 2583 τὴν
1501 2541 1560 2581 τῆς

930 2584 1104 2616 διαιωνιάς
1126 2586 1271 2625 μίμησιν,
1286 2583 1434 2625 φύσεως.
1467 2586 1557 2617 Ibid.

929 2641 962 2672 p.
991 2630 1048 2664 50.
1083 2630 1131 2662 B:
1168 2630 1242 2671 περὶ
1279 2631 1347 2671 τῆς,
1377 2629 1416 2662 ιὰ
1453 2628 1560 2662 πάντα

931 2674 1109 2717 δεχομένης
1127 2673 1264 2714 σώματα
1279 2674 1426 2718 φύσεως.
1450 2675 1559 2717 Gorg.

1597 2568 1608 2601 ἦ
1601 2553 1612 2557 Ι
1599 2477 1612 2542 ΕΓ
1600 2456 1612 2472 s,
1602 2444 1612 2451 .
1601 2422 1612 2436 ‹..‹
1602 2377 1612 2413 ἢ
1603 2204 1612 2377 ,ᾼ-,ᾼῃψ
1610 2185 1612 2199 a

1604 2635 1612 2665 l

1604 2671 1607 2680 ι

1598 2686 1609 2767 J}

1596 2814 1607 2842 :l

1595 2839 1606 2872 «Ι
