1612 2872
465 99 638 142 LIBRI
679 98 887 144 SEOUN
899 97 976 140 DI.
1322 97 1400 139 135)

41 213 309 270 compositus
340 213 413 256 ille
444 228 497 255 ex
526 213 604 268 iis,
649 213 725 268 qui
755 209 1207 256 tricesimumaetatis
1238 221 1399 251 annum

39 269 305 327 transgressi
343 278 388 312 et
424 270 744 327 sexagesimum
782 267 978 312 nondum
1016 266 1181 324 egressi
1221 265 1397 319 fuerint,

37 327 134 371 istis
163 327 321 370 similia
350 333 511 370 cantet.
574 326 781 372 Seniores
808 341 937 379 vero,
977 325 1054 380 qui
1086 330 1243 366 cantus
1277 323 1401 366 labo-

38 398 131 427 rem
158 384 350 439 perferre
380 399 471 427 non
500 391 711 441 possunt,
751 383 805 426 de
834 382 903 424 his
932 382 1042 438 ipsis
1071 380 1203 424 rebus
1233 380 1404 423 iuvabit

38 440 208 483 fabulas
238 441 506 495 narravisse,
549 456 660 496 quae
688 441 932 483 habeantur
961 454 1040 495 pro
1068 437 1212 481 effatis
1243 437 1402 480 divinis

41 498 104 554 (p.
136 499 233 540 664.
265 497 317 543 C.
347 506 410 529 —'
435 500 530 541 665.
561 498 649 553 ss.).
709 498 770 540 Et
799 498 976 539 tertium
1017 494 1192 551 quidem
1221 494 1403 538 chorum

40 554 162 609 quod
201 554 418 598 voluimus
457 561 659 597 constare
700 570 755 596 ex
793 554 899 600 viris
940 558 1085 595 aetate
1115 551 1401 609 provectiori-

41 612 149 665 bus,
193 611 239 653 id
270 611 399 654 facile
429 611 560 655 alicui
591 612 748 654 mirum
777 609 962 654 accidat.
1024 608 1172 663 Quare
1202 623 1403 652 necessa·

40 668 151 711 rium
180 674 384 723 putamus
415 683 467 710 ea
497 668 551 711 de
581 683 628 711 re
658 667 823 723 aliquid
873 666 1120 709 admonere.
1183 665 1232 708 Si
1269 666 1405 723 igitur

41 725 167 768 nobis
199 731 319 768 certo
348 740 606 781 persuasum
638 731 730 776 est,
762 738 911 767 omnes
941 724 1061 766 cives
1088 722 1186 776 illa,
1220 722 1274 765 de
1306 722 1401 778 qui-

41 783 123 824 bus
153 781 363 835 diximus,
397 797 554 825 canere
582 783 770 824 maxima
801 797 898 824 cum
930 780 1156 836 voluptate
1184 791 1403 835 oportere,

41 854 312 894 consequens
351 846 443 892 est,
487 849 536 882 ut
566 839 718 882 eadem
750 839 879 881 etiam
910 838 963 892 ii,
1009 838 1082 893 qui
1118 844 1223 879 sunt
1263 844 1404 879 aetate

42 897 316 949 maturiores,
347 904 522 939 cantare
552 896 757 950 debeant,
791 896 952 952 quippe
977 908 1111 951 penes
1146 907 1256 948 quos
1286 900 1405 936 aeta-

41 953 99 995 tis
133 959 177 995 et
206 952 462 1008 prudentiae
492 954 666 996 nomine
693 954 879 995 maxima
922 959 990 994 est
1016 952 1082 993 vis
1112 949 1405 1006 persuadendi

41 1015 172 1064 atque
212 1010 464 1053 auctoritas.
535 1013 599 1052 At
639 1011 859 1052 enimvero
892 1009 968 1064 qui
995 1014 1098 1050 sunt
1127 1015 1271 1050 aetate
1302 1023 1403 1064 pro-

41 1067 257 1109 vectiores
306 1082 440 1121 quum
489 1067 546 1108 ad
584 1066 833 1110 saltandum
881 1075 925 1108 et
976 1064 1221 1108 can-endum
1261 1066 1403 1107 minus

41 1122 188 1165 idonei
219 1124 331 1178 sint,
370 1124 626 1180 plerumque
657 1124 769 1167 solet
798 1123 1021 1176 accidere,
1063 1128 1114 1165 ut
1152 1121 1253 1164 inde
1283 1136 1403 1164 vere-

43 1180 203 1223 cundia
240 1186 285 1222 et
325 1180 490 1237 pudore
530 1181 721 1236 quodam
761 1180 1088 1237 prohibeantur.
1164 1179 1230 1222 Ut
1267 1180 1405 1236 igitur

42 1236 174 1279 iidem
214 1237 279 1279 illi
316 1238 625 1280 nanciscantur
660 1238 952 1281 necessariam
993 1236 1049 1278 ad
1079 1236 1236 1279 choros
1269 1251 1402 1303 agen-

44 1293 123 1336 dos
156 1294 426 1337 alacritatem
455 1301 499 1336 et
524 1294 746 1349 fiduciam,
779 1294 1091 1349 deponantque
1111 1293 1268 1336 aetatis
1298 1308 1403 1335 suae

42 1351 263 1393 tristitiam
293 1357 339 1393 et
365 1352 666 1406 severitatem,
696 1353 750 1394 iis
782 1350 983 1407 quidem,
1026 1351 1100 1406 qui
1141 1366 1301 1393 annum
1331 1365 1403 1392 ae·-

42 1408 148 1450 tatis
178 1407 560 1464 quadragesimum
587 1410 876 1463 excesserint,
918 1408 1007 1450 vini
1045 1423 1152 1453 usus
1192 1408 1276 1450 erit
1304 1422 1402 1462 per-

43 1465 310 1518 mittendus,
348 1465 590 1508 iunioribus
632 1465 893 1508 interdictus
934 1465 1031 1516 ille3
1072 1480 1159 1520 quo
1197 1465 1403 1508 instituto

44 1523 106 1564 ita
140 1522 336 1577 eveniet,
376 1529 425 1564 ut
461 1538 514 1565 ne
554 1523 750 1566 seniores
793 1522 969 1578 quidem
1013 1522 1128 1564 inter
1168 1522 1403 1564 familiares

45 1593 197 1622 canere
227 1579 579 1622 verecundentur
612 1581 674 1636 (p.
706 1582 803 1622 665.
835 1579 885 1621 C.
907 1605 962 1610 -
994 1580 1090 1621 666.
1110 1579 1199 1634 C.).
1225 1604 1278 1610 -
1308 1578 1432 1633 Iam·

45 1651 147 1679 vero
189 1636 226 1678 si
265 1637 490 1691 quaeritur
530 1636 584 1679 de
624 1652 783 1694 genere
826 1636 1088 1690 carminum,
1129 1635 1248 1691 quod
1287 1636 1404 1678 viros

46 1692 220 1747 deceat,
261 1699 360 1735 ante
401 1693 546 1736 omnia
594 1693 900 1750 explicandum
948 1693 1146 1746 videtur,
1195 1693 1404 1748 quidnam

44 1749 155 1791 illud
193 1750 280 1804 sit,
319 1749 438 1804 quod
480 1750 709 1793 universae
748 1751 940 1794 musicae
982 1756 1115 1805 atque
1153 1750 1275 1807 poesi
1302 1765 1403 1806 pro·

45 1806 237 1862 positum
266 1821 362 1849 esse
394 1807 638 1851 conveniat.
695 1807 766 1849 De
797 1823 884 1863 qua
921 1822 967 1848 re
996 1807 1057 1849 ita
1086 1810 1192 1850 tere,
1207 1813 1405 1849 statuen-

48 1861 150 1904 dum
180 1867 259 1904 est.
321 1861 622 1917 Quaecunque
661 1864 808 1918 aliqua
837 1879 890 1906 ex
919 1870 1043 1919 parte
1063 1863 1255 1905 iucunda
1272 1870 1402 1916 sunt,

48 1933 101 1960 ea
129 1918 200 1960 vel
229 1918 285 1960 ob
316 1918 632 1961 iucunditatem
662 1935 800 1972 suam,
830 1919 901 1962 vel
922 1920 977 1961 ob
997 1920 1239 1972 veritatem,
1273 1935 1404 1974 quam

46 1975 267 2028 referunt,
297 1974 366 2018 vel
397 1974 585 2030 denique
615 1983 794 2032 propter
824 1976 1084 2030 utilitatem,
1117 1991 1247 2031 quam
1277 1991 1404 2032 prae-

48 2032 176 2085 bent,
217 2032 390 2087 placere
428 2032 581 2076 solent.
647 2032 799 2074 Veluti
836 2032 922 2074 cibi
963 2047 1096 2086 quum
1137 2048 1214 2088 per
1253 2047 1298 2075 se
1338 2033 1404 2074 iu-

48 2088 180 2130 cundi
210 2089 311 2142 sint,
341 2094 433 2130 tum
466 2089 596 2131 etiam
624 2095 806 2145 propter
829 2088 1130 2131 salubritatem
1162 2096 1293 2145 atque
1321 2090 1406 2132 uti-

48 2145 228 2197 litatem,
261 2161 391 2200 quam
422 2146 597 2201 corpori
629 2145 829 2198 afferunt,
862 2145 1034 2202 placere
1060 2153 1258 2202 possunt.
1322 2147 1404 2189 Pa-

49 2201 154 2243 riter
192 2202 324 2244 etiam
364 2217 476 2257 quae
517 2202 724 2244 discimus
767 2209 811 2244 et
850 2203 1180 2257 cognoscimus,
1220 2203 1258 2245 si
1298 2219 1403 2246 con-

48 2259 195 2300 iuncta
223 2264 325 2300 sunt
354 2273 450 2301 cum
481 2258 773 2312 iucunditate,
820 2274 870 2301 eo
910 2260 1008 2313 ipso
1048 2259 1237 2302 iucunde
1274 2261 1402 2315 fiunt,

6 2344 9 2347 ι
50 2320 95 2356 et
133 2320 362 2368 quatenus-
385 2315 579 2358 nituntur
618 2316 831 2369 veritate,
873 2316 1017 2358 §tiam
1054 2331 1155 2359 vera
1194 2323 1237 2359 et
1279 2318 1404 2360 utilia

51 2371 361 2413 existimantur.
424 2372 586 2413 Eadem
617 2373 705 2414 fere
737 2373 846 2414 rat-io
878 2378 944 2414 est
975 2373 1103 2414 etiam
1122 2374 1276 2416 artium
1306 2375 1402 2416 imi·-

51 2427 281 2469 tati-icium.
342 2427 412 2469 Ad
444 2444 551 2483 quas
583 2429 620 2471 si
651 2428 836 2482 accedit,
865 2444 975 2483 quae
1004 2429 1048 2471 in
1079 2430 1132 2473 iis
1163 2438 1401 2488 spectatur,

53 2483 278 2538 voluptas,
311 2483 471 2527 habent
499 2501 575 2527 eae
606 2500 713 2527 saue
740 2485 1055 2528 iucunditatem
1095 2493 1227 2541 atque
1257 2488 1401 2530 suavi—

52 2545 206 2589 tatem3
238 2540 464 2584 veritatem
493 2549 638 2584 autem
666 2541 764 2583 ideo
796 2541 979 2596 habent,
1022 2544 1124 2598 quia
1154 2544 1198 2586 in
1230 2558 1281 2586 eo
1313 2544 1400 2586 ela—

52 2594 205 2637 borare
236 2595 420 2650 debent,
459 2605 506 2639 ut
536 2614 643 2653 quas
675 2613 742 2639 res
775 2598 981 2643 imitando
1013 2601 1284 2656 exprimunt,
1327 2616 1400 2643 eas

51 2666 180 2704 quam
221 2652 435 2695 simillime
472 2660 799 2711 repraesentent
827 2661 958 2710 atque
990 2656 1215 2713 effingant.
1278 2657 1400 2710 Quo-
