1612 2872
232 91 312 131 370
676 69 1124 126 ARGUMENTUM

230 199 386 241 nullam
418 199 565 239 urbem
595 197 638 237 in
670 196 761 236 eius
791 195 949 236 vicinia
978 208 1158 248 usquam
1187 195 1386 250 reperiri,
1427 199 1559 235 totam

230 255 416 309 denique
446 253 662 307 regionem
692 265 785 292 esse
815 255 1099 303 montuosam,
1131 250 1389 304 silvestrem,
1431 255 1560 303 atque

230 311 419 363 reliquae
477 308 634 348 Cretae
691 305 958 347 simillimam.
1046 304 1169 358 Quae
1226 306 1366 346 omnia
1423 304 1559 346 Athe-

231 365 391 407 niensis
440 363 672 404 arbitratur
710 375 915 415 perquam
955 360 1099 402 fausta
1150 366 1278 415 atque
1318 366 1562 416 opportuna

231 435 323 462 esse
367 418 422 459 ad
451 416 713 459 fundandam
744 431 879 458 novae
910 416 1097 457 civitatis
1128 416 1387 458 felicitatem.
1449 416 1563 457 Nam

231 475 413 531 primum
451 474 495 514 in
535 473 663 515 bonis
702 471 1009 513 numerandum
1038 486 1155 524 esse,
1197 471 1314 526 quod
1343 472 1450 513 situs
1478 470 1562 512 loci

233 546 257 571 a
285 529 393 571 mari
423 529 480 570 sit
508 528 737 582 remotior,
778 541 863 582 qua
891 542 977 568 una
1006 542 1051 568 re
1080 527 1259 568 maxime
1288 527 1564 581 prohibeatur

233 591 496 627 mercaturae
536 583 858 639 opportunitas,
896 582 981 625 hoc
1012 593 1100 636 est,
1138 583 1199 623 rei
1229 598 1393 624 morum
1431 582 1562 622 hone·-

234 641 336 682 stati
377 646 506 695 atque
555 639 793 695 integritati
842 639 968 694 longe
1007 630 1321 682 infestissimae.
1392 636 1563 679 Deinde

234 695 350 750 quod
389 711 438 737 ea
467 695 617 737 fertilis
655 694 713 736 sit
752 708 831 735 nec
869 701 1012 735 tamen
1050 694 1175 735 nimis
1206 694 1377 749 frugum
1428 694 1560 745 ferax,

233 752 279 793 id
309 757 424 794 certe
453 765 504 792 eo
538 751 704 803 valere,
734 755 784 791 ut
812 764 891 791 nec
922 756 1160 791 mercatura
1188 748 1396 805 indigeat,
1429 748 1563 802 siqui-

234 807 331 849 dem
369 820 448 848 nec
489 804 779 861 exportandae
818 819 979 846 merces
1011 805 1109 847 Jsint
1136 820 1216 846 nec
1244 803 1562 860 importandae3

233 877 370 917 eoque
408 863 504 917 ipso
536 862 663 903 etiam
692 860 807 913 fieri,
839 866 890 901 ut
918 875 998 902 nec
1027 861 1163 901 maior
1192 860 1563 916 aurilargentique

233 919 298 960 vis
339 933 435 960 cum
472 917 636 973 ingenti
676 916 834 958 civium
879 914 1055 958 damno*
1082 922 1363 970 comparetur.
1436 916 1565 956 Prae-

233 986 352 1016 terea
372 979 517 1014 narrat
537 971 701 1020 Clinias
730 972 775 1013 in
803 971 876 1012 illa
903 972 1077 1027 regione
1106 971 1324 1012 materiam
1355 970 1409 1011 ad
1437 984 1567 1012 naves

235 1028 545 1072 construendas
584 1028 760 1084 reperiri
799 1027 971 1069 omnino
1009 1026 1182 1069 nullam.
1260 1026 1390 1080 Quod
1436 1026 1564 1068 vehe-

234 1092 399 1127 menter
436 1085 581 1140 placet
608 1083 891 1136 Atheniensi,
933 1082 1007 1136 qui
1044 1083 1267 1124 mirantem
1307 1081 1359 1123 de
1389 1082 1471 1124 hoc
1500 1082 1565 1123 iu—

235 1141 348 1184 dicio
393 1139 578 1182 Cliniam
607 1139 850 1181 meminisse
883 1139 1025 1190 iubet,
1066 1138 1119 1179 de
1150 1153 1234 1193 quo
1264 1144 1389 1179 antea
1418 1137 1565 1193 dispu-

234 1204 371 1239 tatum
401 1197 469 1250 sit,
501 1210 668 1238 omnem
699 1194 885 1237 civitatis
915 1194 1123 1235 rationem
1154 1193 1209 1235 ad
1228 1194 1452 1235 universae
1481 1193 1566 1235 vir-

234 1254 342 1295 tutis
382 1251 699 1308 possessionem
748 1255 944 1306 spectare
985 1255 1194 1305 oportere.
1261 1249 1426 1291 Virtuti
1464 1264 1566 1291 vero

236 1309 468 1351 arbitratur
506 1307 722 1348 inimicam
763 1321 856 1348 esse
896 1305 1088 1346 militiam
1126 1305 1333 1347 navalem.
1390 1305 1566 1355 {Milites

235 1366 347 1407 enim
377 1363 620 1405 classiarios
650 1361 833 1404 navibus
862 1360 1128 1403 confidentes
1145 1361 1346 1402 virtutem
1374 1361 1570 1403 bellicam

234 1421 360 1463 facile
405 1419 650 1475 negligere,
693 1432 824 1472 quum
852 1431 1022 1472 semper
1060 1424 1254 1473 paratum
1283 1416 1471 1469 habeant
1498 1431 1564 1458 re-

237 1482 387 1532 ceptus
426 1476 494 1517 vel
536 1476 663 1530 fugae
681 1473 925 1514 auxilium.
984 1471 1038 1513 Id
1069 1471 1185 1527 quod
1213 1472 1394 1528 probare
1423 1471 1568 1514 studet

237 1531 433 1585 exemplo
453 1529 800 1581 Atheniensium,
833 1528 906 1581 qui
938 1543 1067 1582 quum
1097 1528 1198 1569 olim
1228 1528 1282 1569 ob
1314 1528 1464 1570 classis
1493 1527 1566 1569 de-

236 1589 395 1629 fectum
414 1586 591 1627 hostiles
607 1585 768 1627 Minois
790 1585 976 1638 impetus
999 1582 1227 1624 defendere
1247 1597 1297 1624 ac
1312 1584 1565 1639 propulsare

236 1641 352 1684 haud
381 1642 622 1697 potuerint,
665 1646 808 1681 tamen
847 1638 1041 1680 meliores
1071 1639 1252 1680 fuissent
1280 1639 1563 1692 permansuri,

238 1699 274 1740 si
323 1698 492 1752 saepius
533 1696 682 1737 adhuc
724 1694 968 1735 amisissent
1005 1700 1206 1749 septenos
1251 1693 1348 1735 illos
1389 1709 1562 1749 pueros,

239 1754 312 1808 qui
345 1752 519 1794 Cretam
547 1751 697 1792 tributi
726 1751 862 1792 instar
882 1750 1081 1790 mittendi
1110 1755 1269 1802 essent,
1302 1764 1429 1803 quam
1459 1764 1564 1804 qua-

237 1810 300 1851 les
331 1808 564 1859 extiterint,
597 1815 765 1861 ex'quo
796 1811 989 1860 tempore
1016 1821 1093 1860 pro
1121 1804 1392 1859 pedestribus
1422 1806 1564 1862 gravis

239 1869 477 1906 armaturae
506 1862 710 1904 militibus
742 1861 857 1903 hosti
895 1861 1064 1902 fortiter
1098 1860 1396 1903 resistentibus
1434 1876 1566 1903 nava-

237 1922 299 1963 les
326 1919 483 1961 milites
512 1919 615 1960 facti
644 1918 742 1970 sint,
775 1917 850 1971 qui
879 1922 1210 1958 consuescerent
1236 1916 1387 1958 leviter
1414 1916 1498 1958 hnc
1525 1923 1569 1959 et

236 1977 339 2017 illuc
384 1975 661 2016 discursitare
702 1973 913 2027 celerique
951 1978 1128 2027 receptu
1157 1971 1212 2013 ad
1258 1987 1388 2014 naves
1425 1987 1570 2014 recur-

238 2046 357 2085 rere,
397 2030 505 2072 nihil
546 2035 672 2085 turpe
711 2043 757 2070 se
786 2029 927 2069 tacere
957 2034 1174 2084 putantes,
1205 2027 1242 2068 si
1269 2034 1449 2069 mortem
1477 2043 1564 2069 non

240 2087 540 2143 opperirentur
580 2085 769 2126 hostium
793 2084 1000 2138 impetum
1021 2083 1298 2136 sustinentes,
1329 2082 1408 2124 sed
1437 2098 1564 2137 quas-

238 2144 346 2185 libet
370 2156 545 2184 caussas
575 2146 874 2197 praetexentes
905 2145 1034 2194 atque
1056 2138 1440 2193 comminiscentes,
1472 2140 1566 2194 qui-

239 2200 320 2241 bus
366 2198 435 2240 usi
481 2212 598 2238 arma
643 2196 828 2238 abiicere
874 2200 1107 2250 turpesque
1166 2194 1292 2248 fugas
1339 2209 1565 2250 capessere

243 2259 444 2308 possent:
475 2252 592 2306 quod
623 2251 794 2306 quidem
816 2249 1021 2291 iudicium
1051 2249 1178 2291 etiam
1208 2249 1386 2291 Homeri
1416 2257 1565 2292 aucto·-

239 2309 366 2350 ritate
406 2308 650 2355 confirmari
688 2321 816 2363 posse
852 2306 925 2347 ait.
992 2306 1092 2347 Huc
1132 2319 1233 2346 vero
1275 2305 1403 2346 etiam
1442 2320 1565 2348 acce-

242 2364 342 2406 dere
377 2364 631 2417 arbitratur,
671 2362 788 2417 quod
824 2362 868 2402 in
899 2375 949 2403 ea
976 2361 1171 2414 civitate,
1213 2375 1323 2415 quae
1350 2361 1446 2402 unis
1476 2375 1564 2402 ma-

239 2420 352 2461 xime
381 2419 603 2460 navalibus
634 2419 768 2474 copiis
798 2417 984 2472 polleat,
1016 2431 1104 2472 >nec:
1132 2416 1317 2458 honores
1346 2422 1566 2470 praestan-

240 2475 432 2517 tissimae
482 2474 638 2516 civium
693 2472 805 2529 parti
843 2472 1013 2527 possint
1054 2471 1242 2513 attribui.
1313 2471 1426 2513 Nam
1470 2486 1566 2515 cum

240 2531 355 2574 salus
385 2530 476 2572 eius
504 2530 676 2571 navium
704 2527 1078 2584 gubernatoribus,
1108 2527 1340 2568 triremium
1369 2526 1565 2579 ducibus,

213 2599 215 2603 ’
241 2585 382 2628 nautis
423 2600 473 2627 ac
516 2585 772 2640 remigibus,
808 2583 889 2626 hoe
920 2588 1007 2636 est,
1039 2582 1243 2626 vilissimo
1274 2596 1402 2637 saepe
1430 2581 1565 2624 homi-
