1612 2872
473 83 555 127 DE
588 81 868 127 memus
899 90 979 124 eta.
1194 69 1401 126 chm

0 188 1 201 ¹
43 199 228 255 emergit
286 198 382 240 loco
431 197 528 238 897.
581 200 637 240 A.
690 198 798 239 νοῦν
840 199 922 252 μὲν
956 193 1284 252 “προςλαβοῦσα
1330 197 1400 240 ἀεὶ

43 257 215 298 θεῖον
246 255 405 311 ὀρθῶς
435 252 576 303 θεὸς
605 254 664 303 ὣς
693 252 820 310 ὀρθὰ
861 257 936 297 καὶ
973 254 1217 309 εὐδαίμονα
1246 255 1386 296 παιδα

42 319 197 366 ymni,
238 326 366 366 quem
408 311 494 353 iam
546 310 593 352 in
639 310 943 367 ‘superioribus
988 310 1052 354 sic
1098 309 1401 368 retingendum

42 367 343 411 iudicavimus.
404 368 489 410 His
518 368 631 410 enim
662 367 878 410 restitutis
897 368 1218 424 argumentatio
1242 367 1402 411 dehinc

15 425 283 468 'rectissime
323 440 373 467 ac
415 426 511 467 sine
552 425 643 466 ulla
680 423 922 466 offensione
952 424 1245 482 progreditur.
1305 426 1402 468 lam

41 498 144 524 vero
175 482 244 526 his
273 483 336 524 ita
367 482 578 538 expositis
619 481 718 536 quis
748 479 926 523 tandem
958 488 1026 524 est
1056 483 1162 537 quin
1190 482 1306 524 ultro
1337 483 1399 525 fa-

42 546 211 593 teatur,
259 538 478 595 duplicem
516 539 647 580 istam
678 538 877 580 >animam
929 538 1218 593 mundanam,
1272 555 1401 595 quam

42 596 166 638 multi
203 596 275 638 hic
305 594 644 651 deprehendisse
674 595 759 637 sibi
788 595 870 637 visi
901 602 1028 649 sunt,
1060 610 1213 638 revera
1240 597 1402 639 nullam

41 652 166 696 esse?
225 653 442 695 Nimirum
481 653 646 694 factum
684 651 756 694 hic
792 667 969 707 quoque
1015 661 1083 695 est
1126 652 1244 707 quod
1274 654 1402 695 innu-

41 710 169 752 meris
207 709 317 752 locis
355 709 551 752 Platonis
589 709 755 751 factum
794 723 894 751 esse
923 709 1216 764 meminimus,
1261 718 1311 751 ut
1345 711 1401 753 si—

41 767 141 810 cubi
180 766 469 823 philosophus
507 765 676 821 aliquid
706 765 890 809 dixisset
918 767 1147 808 obscurius
1178 771 1255 808 aut
1283 768 1403 809 inso—

41 824 226 878 lentius,
267 831 478 880 protenus
517 823 620 866 inde
650 824 799 866 nescio
833 838 945 879 quae
977 838 1137 865 arcana
1166 824 1305 880 ipsius
1335 838 1402 866 sa-

42 881 208 938 pientia
245 881 498 935 eliceretur,
539 880 737 935 adeoque
776 895 828 922 ea
867 880 1248 937 contingerentur,
1290 896 1403 936 quae

43 939 98 980 ab
140 938 234 980 eius
274 944 419 980 mente
461 944 506 980 et
535 938 754 980 sententia
782 937 914 994 longe
946 945 1094 980 essent
1122 938 1402 981 alienissima.

42 995 209 1037 Verum
248 996 462 1037 mittimus
501 995 602 1038 ista.
669 996 834 1036 Actum
870 994 984 1037 enim
1024 995 1110 1037 iam
1141 1002 1208 1037 est
1238 993 1293 1037 de
1324 995 1404 1037 (1η-Δ

41 1052 146 1108 plici
185 1052 270 1095 ista
309 1053 454 1094 anima
493 1051 738 1105 mundana,
780 1066 910 1106 quam
951 1052 1127 1094 Platoni
1165 1051 1404 1094 obtrudere

41 1109 189 1152 conati
227 1116 356 1164 sunt,
391 1124 611 1165 quamque
653 1108 840 1152 vidimus
880 1124 969 1152 non
1000 1109 1177 1151 aliunde
1207 1116 1404 1152 exortam

43 1181 142 1209 esse
171 1166 256 1208 nisi
286 1181 339 1208 ex
370 1182 438 1221 eo,
473 1165 593 1222 quod
623 1165 867 1209 disserendi
898 1166 1009 1208 ratio
1047 1166 1103 1207 ad
1147 1166 1403 1222 popularem

41 1223 365 1280 simplicitatem
406 1226 677 1266 conformata
713 1238 795 1265 nec
833 1223 942 1265 satis
979 1222 1285 1265 animadversa
1323 1238 1403 1265 nec

0 1288 5 1295 “
41 1279 98 1322 ad
130 1295 311 1323 caussas
342 1294 458 1333 suas,
489 1280 617 1323 sicuti
651 1280 745 1322 fieri
777 1281 988 1335 oportuit,
1021 1286 1226 1322 revocata
1257 1286 1335 1322 est.

588 1699 713 1776 cap.
759 1699 864 1759 xn.

95 1843 170 1880 De
202 1846 597 1885 mathematicae
628 1846 929 1892 disciplinae
963 1845 1030 1880 ml
1066 1844 1363 1890 religionem

324 1904 478 1948 atque
506 1904 866 1949 rempublicam
889 1903 1128 1939 utilitate.

163 2036 376 2095 Progredi
415 2053 519 2082 vero
557 2037 680 2082 lubet
721 2038 777 2081 ad
807 2037 928 2080 aliud
957 2036 1088 2093 quid,
1120 2037 1240 2093 quod
1268 2039 1412 2096 ipsum

51 2106 224 2150 quoqne
264 2095 491 2138 arctissme
533 2110 631 2138 cum
670 2095 725 2139 iis
756 2095 985 2148 cohaeret,
1029 2109 1141 2150 quae
1183 2094 1239 2138 de
1279 2097 1410 2140 rebus

50 2149 106 2192 ad
149 2151 405 2208 religionem
451 2153 772 2208 pertinentibus
823 2151 1160 2208 disputavimus.
1236 2152 1410 2197 Etenim

49 2207 333 2267 reprehendit
370 2209 636 2253 Zellerus
676 2210 805 2255 stud.
837 2209 951 2252 Plat.
982 2224 1024 2265 p.
1056 2210 1126 2267 47.
1157 2223 1223 2265 sq.
1253 2217 1299 2253 et
1325 2210 1409 2254 ite-

0 2262 146 2321 ]:Vrum
176 2265 344 2309 Histor,
374 2265 487 2308 Phil.
518 2265 678 2310 Graec.
709 2267 811 2310 Vol.
842 2266 903 2308 ΙΙ.
936 2281 980 2321 p.
1014 2266 1111 2308 321.
1143 2280 1207 2323 sq.
1237 2266 1410 2325 Legum

16 2326 272 2377 ¹&tinctorem
312 2322 510 2379 adeoque
541 2325 586 2366 in
617 2324 774 2366 malam
804 2323 1099 2378 suspicionem
1130 2338 1288 2367 vocare
1319 2331 1410 2368 stu-

55 2375 150 2421 ,duit
184 2384 445 2435 propterea,
488 2380 607 2435 quod
650 2381 774 2424 Libr.
815 2379 926 2425 XII.
968 2396 1010 2437 p.
1050 2381 1146 2422 966.
1188 2381 1245 2423 D.
1293 2389 1337 2424 et
1369 2399 1408 2439 p.

51 2434 148 2476 967.
190 2435 247 2477 D.
287 2450 382 2492 sqq.
426 2442 470 2478 et
500 2437 608 2480 VII.
637 2454 679 2495 p.
721 2440 817 2481 821.
851 2442 906 2480 A.
936 2452 1033 2493 sqq.
1071 2453 1217 2481 rerum
1245 2438 1412 2481 mathe-

53 2490 308 2534 mazicarum
344 2493 643 2550 imprimisque
688 2495 981 2538 astronomiae
1019 2496 1318 2553 cognitionem
1356 2495 1413 2539 ad

53 2546 278 2605 religionis
310 2549 518 2604 pietatem
549 2552 679 2595 unice
710 2552 1000 2596 necessariam
1030 2567 1129 2595 esse
1158 2552 1410 2595 arbitratur.

54 2601 156 2658 Qua
173 2619 271 2647 cum
293 2606 625 2663 reprehensione
661 2610 792 2652 etiam
811 2610 1038 2653 coniunxit
1066 2610 1262 2664 alteram,
1294 2609 1414 2665 quod

56 2666 209 2703 auctor
250 2661 403 2706 horum
440 2662 649 2708 librorum
692 2666 998 2710 mathematica
1034 2667 1164 2710 etiam
1203 2665 1259 2708 ad
1298 2666 1414 2708 vitae

1056 2743 1146 2783 L..
