1612 2872
196 97 388 141 CLXVI
614 93 1085 139 PROLfflGOMENA

200 210 285 250 tiae
315 210 435 250 libris
486 208 736 259 neutiquam
768 219 862 246 esse
891 206 1135 259 oppositum
1156 212 1241 246 -aut
1269 204 1542 256 contrarium,

200 265 277 307 sed
342 265 455 305 otius
499 278 595 304 cum
624 261 689 301 his
728 261 788 301 ita
826 260 1128 324 coniunctum,
1169 266 1218 302 ut
1244 259 1297 301 iis
1327 265 1543 312 tamquam
1583 269 1589 272 ’

203 281 550 375 supplementum
592 315 812 370 quoddam
863 314 1059 357 additum
1088 315 1297 357 Videatur.
1358 315 1469 356 Nam
1500 315 1544 355 in

203 376 361 418 Politia
403 372 575 428 quidem
610 372 732 412 Plato
772 371 943 412 civibus
985 372 1074 413 suis
1107 372 1337 426 perfectum
1370 369 1543 423 aliquod

202 430 421 484 exemplar
453 429 640 482 optimae
670 427 858 469 civitatis
896 428 1138 483 proposuit,
1169 426 1282 468 unde
1313 439 1546 481 cognosce-

202 493 319 527 retur
358 497 583 539 supremus
628 482 750 536 finis,
795 482 850 523 ad
880 497 1004 536 quem
1037 483 1222 537 denique
1252 483 1296 523 in
1327 481 1548 536 republica

207 539 447 583 ordinanda
475 546 604 594 atque
640 538 920 593 gubernanda
957 545 1073 580 esset
1110 536 1437 594 respectandum
1483 543 1546 577 at-

204 612 288 651 que
330 595 604 646 enitendum3
641 595 684 635 in
727 595 919 650 Legibus
960 602 1102 636 antem
1139 594 1333 649 depinxit
1363 607 1455 634 eam
1488 592 1547 633 ci-

206 653 408 705 vitatem,
451 666 561 706 quae
592 665 723 705 quum
755 650 950 692 humanis
982 649 1205 692 desideriis
1237 664 1287 691 ac
1315 648 1546 690 necessita-

206 709 322 750 tibus
353 714 467 750 esset
495 705 880 759 accommodatior,
920 713 1064 748 tamen
1093 707 1193 747 item
1224 705 1388 760 optima
1417 703 1547 744 habe-

207 771 349 816 retur,
396 770 441 804 et
481 763 604 804 cuius
644 762 841 816 exemplo
880 769 1237 818 cognosceretur,
1279 775 1366 814 qua
1402 760 1473 800 via
1505 766 1549 800 et

206 820 371 862 ratione
414 833 564 860 revera
605 817 660 859 ad
699 818 886 873 optimae
923 819 1039 860 illius
1082 817 1347 873 reipublicae
1378 815 1548 855 laudem

205 891 256 916 ac
300 876 503 916 virtutem
552 888 680 928 quam
730 874 922 928 proxime
966 874 1112 915 accedi
1161 878 1323 928 posset.
1395 871 1548 924 Itaque

208 930 490 986 Reipublicae
530 936 659 983 atque
699 929 868 984 Legum
909 944 1020 985 opus
1059 929 1246 983 denique
1277 928 1402 983 plane
1435 926 1549 967 idem

208 992 377 1042 spectat
405 986 673 1039 referturque
711 983 768 1024 ad
810 999 943 1026 unum
969 986 1256 1040 propositum,
1297 982 1549 1038 praesertim

209 1057 340 1098 quum
389 1047 621 1095 utrumque
669 1039 792 1080 ideae
837 1041 1012 1092 virtutis
1066 1056 1163 1082 cum
1200 1040 1406 1081 felicitate
1448 1047 1548 1079 con-

207 1099 380 1140 iunctae
411 1097 574 1152 pariter
604 1101 950 1149 superstructum
968 1097 1038 1138 sit.
1097 1096 1210 1138 Nam
1234 1095 1413 1136 alterum
1442 1100 1549 1134 tam-

214 1168 341 1208 quam
381 1152 535 1209 grandi
577 1151 763 1206 quadam
805 1153 1058 1207 excelsaque
1097 1151 1283 1206 imagine
1326 1149 1552 1204 proposita

211 1224 421 1252 summum
465 1208 586 1249 illum
627 1207 757 1249 finem
792 1207 838 1248 in
876 1208 1108 1250 illustriore
1139 1207 1235 1248 luce
1266 1205 1465 1257 collocat,
1497 1203 1550 1244 ad

211 1279 338 1320 quem
386 1264 524 1306 omnis
571 1264 794 1306 civitatum
845 1263 1098 1306 constitutio
1144 1269 1188 1304 et
1235 1260 1550 1304 administratio

212 1320 473 1362 contendere
525 1326 568 1361 et
610 1320 715 1361 eniti
766 1318 944 1371 debeat3
985 1319 1164 1361 alterum
1202 1333 1305 1359 vero
1341 1316 1553 1359 succurrit

213 1377 335 1431 quasi
366 1384 408 1418 et
439 1376 669 1417 auxiliatur
696 1376 866 1431 generis
886 1376 1060 1417 humani
1079 1373 1375 1426 imbecillitati,
1407 1378 1551 1413 osten-

214 1432 364 1486 ditque
394 1433 522 1484 viam,
555 1447 641 1486 qua
670 1430 958 1473 incedendum
988 1432 1061 1483 sit,
1093 1437 1142 1471 ut
1170 1429 1371 1471 mortales
1403 1428 1552 1470 saltem

215 1504 265 1530 eo
309 1489 532 1542 potiantur
568 1488 709 1539 bono,
759 1489 881 1530 cuius
922 1502 1000 1543 pro
1043 1501 1182 1528 rerum
1229 1500 1401 1528 suarum
1450 1498 1552 1524 con-

213 1544 377 1586 ditione
414 1544 647 1599 participes
686 1541 779 1583 fieri
822 1548 1002 1598 queant,
1042 1543 1125 1584 hoc
1165 1548 1255 1594 est,
1295 1539 1348 1582 ad
1389 1546 1553 1581 tantam

212 1600 466 1655 perveniant
495 1614 635 1642 rerum
666 1599 853 1641 civilium
885 1598 1057 1640 laudem
1089 1607 1132 1639 et
1160 1598 1384 1649 virtutem,
1418 1610 1553 1648 quan-

212 1663 299 1697 tam
341 1670 420 1710 pro
474 1654 783 1697 desideriorum
828 1661 872 1697 et
917 1655 1224 1696 necessitatum
1272 1652 1553 1693 humanarum

213 1712 379 1752 ratione
438 1711 647 1765 consequi
707 1725 836 1764 posse
886 1709 1125 1752 videantur.
1214 1707 1340 1760 Quae
1379 1705 1554 1760 quidem

214 1767 438 1820 utriusque
461 1767 602 1822 operis
634 1766 746 1807 ratio
771 1771 815 1806 et
842 1766 1088 1808 coniunctio
1105 1777 1310 1819 quorsum
1339 1762 1555 1817 pertineat

215 1828 258 1864 et
288 1837 414 1877 quam
451 1823 536 1863 vim
574 1823 745 1873 habeat,
785 1820 832 1862 id
870 1837 974 1863 vero
1021 1822 1082 1862 ita
1111 1820 1280 1861 demum
1312 1824 1429 1859 recte
1459 1831 1554 1873 per-

214 1878 432 1933 spexeris,
465 1879 539 1920 ubi
567 1878 811 1920 memineris
844 1892 1015 1930 eorum,
1063 1891 1172 1931 quae
1215 1876 1260 1916 in
1290 1874 1473 1916 Philebo
1513 1888 1552 1928 p.

215 1936 281 1974 (56.
324 1935 379 1975 Α.
413 1948 509 1989 sqq.
551 1934 604 1975 de
636 1933 788 1974 summi
820 1933 944 1985 boni,
991 1932 1107 1986 quod
1138 1930 1384 1972 hominibus
1414 1930 1556 1983 possit

215 1989 456 2045 obtingere,
492 1990 697 2046 gradibus
727 2003 778 2031 ac
808 1989 1037 2044 generibus
1068 1987 1349 2038 disseruntur,
1382 1985 1435 2025 de
1466 1999 1554 2037 quo

213 2045 308 2086 loco
348 2061 485 2100 nuper
524 2045 723 2100 Prolegg.
763 2043 822 2091 ad
856 2044 1019 2085 Phileb.
1061 2059 1102 2099 p.
1143 2044 1209 2083 70.
1241 2056 1336 2095 sqq.
1367 2040 1553 2095 explica·-

213 2102 299 2142 tius
342 2100 542 2144 diximus.
610 2101 781 2142 Etenim
818 2100 1052 2155 primum
1093 2097 1267 2153 quidem
1308 2097 1463 2138 bonum
1495 2096 1553 2137 ibi

212 2156 426 2198 iudicatur
463 2172 580 2210 esse,
631 2156 681 2198 τὸ
721 2159 817 2211 περὶ
855 2158 1019 2212 μέτρον
1060 2159 1132 2196 καὶ
1172 2151 1220 2195 τὸ
1259 2157 1440 2206 μέτριον
1480 2154 1551 2193 καὶ

214 2215 382 2266 καίριον
423 2217 494 2257 καὶ
546 2211 681 2255 πάνθ’
719 2209 870 2254 ’ὁπόσα
911 2212 1094 2252 τοιαῦτα
1129 2207 1211 2264 χρὴ
1249 2210 1439 2261 νομίζειν
1476 2206 1555 2257 τὴν

220 2267 367 2310 ἀΐδιον
396 2267 534 2322 φύσιν
565 2267 944 2327 ᾑρῆσιῖαι,ᾳιιὶῑ)υ-8
973 2266 1115 2309 verbis
1144 2265 1269 2320 plane
1303 2264 1428 2305 nobis
1459 2278 1553 2317 per-

215 2322 426 2365 suasimus
451 2325 563 2366 nihil
596 2323 713 2365 aliud
741 2323 992 2379 significari,
1025 2336 1151 2376 quam
1182 2320 1429 2362 absoluti
1460 2320 1552 2360 bo-

201 2379 264 2419 ·ni
298 2378 500 2433 ideam,
543 2380 761 2434 qualem
801 2381 944 2420 mens
986 2378 1220 2419 humana
1261 2390 1462 2430 capere
1500 2381 1553 2415 et

214 2434 278 2474 ad
336 2435 503 2477 vitam
563 2435 850 2490 sapienter
919 2432 1216 2489 regendam
1277 2439 1550 2484 tamquam

214 2489 403 2531 ducem
452 2506 512 2533 ac
560 2490 986 2531 moderatricem
1036 2488 1305 2530 adhibere
1356 2492 1551 2542 potest.

225 2545 290 2585 Dc»,
332 2561 418 2599 qua
456 2562 498 2588 re
540 2563 577 2587 v.
609 2546 807 2601 Prolegg.
839 2544 893 2586 ad
928 2544 1089 2585 Phileb.
1123 2559 1161 2598 p.
1198 2546 1263 2584 75.
1294 2557 1387 2597 sqq.
1437 2541 1552 2582 Huic

214 2607 355 2642 autem
376 2608 580 2655 tanquam
612 2600 918 2643 secundum
948 2600 1142 2641 bonum
1174 2599 1345 2640 additur
1372 2596 1418 2638 τὸ
1449 2595 1553 2648 ξύμ-
