1612 2872
502 71 588 116 DE
621 67 899 118 LEGIBUS
930 77 1013 113 etc.
1213 64 1420 110 CLXIX

52 201 152 230 men
196 186 302 229 item
381 184 685 229 rudentissime
737 185 801 227 ita
846 189 1077 228 servantur
1123 197 1174 226 ae
1223 182 1419 224 retinen-

52 250 140 298 tur,
182 249 232 286 ut
272 244 359 286 faci
377 257 400 285 e
441 249 678 300 appareat,
718 241 1028 300 philosophum
1055 241 1101 283 in
1141 238 1208 282 his
1241 253 1418 295 quoque

52 301 242 357 optimae
286 300 478 343 civitatis
528 300 722 356 speciem
769 306 983 356 perpetuo
1031 298 1089 341 ob
1135 296 1288 340 oculos
1338 295 1420 337 ha·

51 358 213 400 buisse.
274 357 390 400 Nam
421 357 581 400 similia
609 363 726 399 certe
746 356 962 406 instituta,
993 354 1143 411 prouti
1171 354 1290 396 vitae
1312 367 1418 395 eon-

52 413 240 457 suetudo
278 415 389 456 ferre
419 413 664 468 videretur,
715 412 788 455 hic
837 428 1013 468 quoque
1063 411 1246 454 retinuit
1285 416 1420 465 atque

50 477 220 514 tutatus
261 476 350 526 est,
392 470 691 527 imprimisque
729 471 859 512 etiam
897 469 1008 512 illud
1044 468 1259 522 servavit,
1300 466 1420 523 quod

50 529 95 570 in
139 527 298 570 Politia
334 527 404 570 vel
443 527 630 569 maxime
668 527 912 582 spectavit,
953 533 1003 568 ut
1031 526 1138 567 nihil
1170 530 1265 568 esse
1294 523 1419 566 vide-

51 592 171 627 retur
190 583 471 627 excellentius
502 590 546 625 et
563 584 657 626 viro
676 584 817 640 probo
839 590 972 638 atque
1004 583 1191 625 honesto
1223 581 1418 639 dignius,

52 657 182 698 quam
228 640 430 698 publicae
478 641 609 682 saluti
654 641 921 695 utilitatique
985 640 1128 682 omnia
1188 638 1422 681 commoda
1469 690 1473 693 η

51 699 223 756 privata
263 698 538 755 posthabere.
610 698 767 754 Itaque
807 697 914 739 nihil
953 704 1160 753 putamus
1200 710 1298 738 esse
1329 696 1420 738 evi-

51 756 252 808 dentius,
295 770 425 809 quam
455 756 501 796 in
531 755 729 812 Legibus
761 770 814 796 ex
848 769 1015 797 ressum
1044 754 1162 796 cerni
1195 753 1322 808 quasi
1353 753 1419 794 vi-

51 828 153 856 vum
189 813 468 855 simulacrum
510 811 731 867 quoddam
781 812 793 853 i
830 825 905 854 eae
945 811 1138 854 civitatis
1178 810 1420 866 perfectae,

53 869 222 926 qualem
254 868 543 926 philosophus
574 870 618 911 in
648 869 769 911 libris
789 869 860 910 De
890 868 1115 926 republica
1145 866 1422 910 adumbravit

54 934 186 983 atque
220 926 469 980 illustravit,
493 924 711 982 planeque
743 923 924 968 eandem
954 924 1323 968 necessitudinem
1354 924 1421 966 in-

51 983 274 1027 tercedere
321 983 438 1025 inter
485 984 799 1039 rempublicam
859 983 905 1025 in
954 983 1117 1026 Politia
1155 981 1420 1039 descriptam

53 1047 98 1084 et
123 1041 238 1083 inter
270 1040 441 1098 Legum
473 1040 723 1095 civitatem,
757 1052 869 1095 quae
899 1039 943 1081 in
974 1040 1159 1082 Philebo
1186 1039 1300 1081 inter
1329 1039 1421 1095 pri-

52 1107 169 1140 mum
207 1099 371 1140 bonum
409 1097 646 1140 humanum
688 1106 820 1152 atque
861 1097 1104 1140 secundum
1145 1096 1420 1139 intercedere

53 1155 282 1208 statuitur,
322 1161 372 1196 ut
403 1154 582 1196 dubium
613 1154 751 1196 videri
793 1154 913 1196 nullo
944 1154 1075 1197 modo
1106 1154 1270 1210 possit,
1314 1153 1421 1208 quin

51 1212 237 1255 Politiae
269 1217 314 1253 et
347 1213 516 1268 Legum
549 1212 797 1254 coniunctio
828 1212 1004 1254 omnino
1035 1218 1333 1254 consentanea
1363 1210 1422 1252 sit

52 1269 211 1311 rationi
241 1274 286 1310 et
314 1268 539 1311 doctrinae
568 1269 838 1311 Platonicae.
878 1271 960 1311 >At
993 1284 1111 1323 vero,
1154 1268 1302 1324 inquit
1341 1267 1421 1309 ali-

54 1327 167 1382 quis,
208 1325 313 1382 quid
351 1325 469 1368 istud
509 1326 684 1368 tandem
735 1325 791 1368 ad
834 1341 925 1368 rem
953 1325 1259 1382 praesentem?
1298 1331 1421 1367 estne

0 1393 5 1396 ”
53 1382 154 1426 inde
193 1383 282 1425 ullo
318 1382 449 1426 modo
481 1383 645 1425 clarum
677 1390 721 1425 et
749 1383 1054 1440 perspicuum,
1088 1382 1208 1439 quod
1239 1382 1422 1425 demon-

53 1440 180 1483 sti-ari
210 1440 436 1496 cupimus,
479 1441 652 1498 Legum
682 1456 792 1497 opus
824 1453 977 1482 revera
1007 1456 1106 1482 cum
1137 1439 1338 1483 doctrina
1367 1438 1421 1481 de

54 1497 165 1540 ideis
198 1497 481 1540 coniunctum
512 1512 607 1541 esse
628 1510 772 1553 neque
802 1497 933 1540 huius
965 1498 1105 1553 ipsius
1135 1495 1423 1538 fundamento

55 1554 264 1598 destitui?
323 1554 398 1596 Ad
439 1570 551 1610 quae
590 1556 675 1597 iam
717 1570 822 1597 sane
866 1555 1077 1597 habemus
1119 1554 1240 1609 quod
1281 1553 1423 1596 conti—

54 1626 142 1654 nuo
190 1611 548 1667 respondeamus.
633 1612 811 1654 Etenim
867 1613 1011 1668 ipsum
1066 1611 1244 1666 quidem
1283 1619 1421 1666 opus,

56 1667 175 1724 quod
212 1669 472 1724 inscriptum
503 1675 572 1712 est
603 1669 658 1711 de
691 1669 909 1726 Legibus,
942 1670 1024 1712 etsi
1065 1668 1174 1711 nihil
1215 1668 1270 1710 de
1301 1667 1435 1710 idea-.

55 1741 149 1768 rum
199 1725 444 1769 rationibus
492 1726 651 1781 tradit,
719 1726 1077 1782 quandoquidem
1128 1726 1283 1767 civitas
1331 1725 1421 1779 illa,

57 1797 187 1838 quam
225 1783 440 1837 instituit,
481 1786 611 1826 unice
650 1790 850 1826 versatur
878 1784 923 1825 in
955 1783 1072 1826 vitae
1103 1782 1319 1825 humanae
1348 1790 1423 1824 ve'-

55 1840 202 1891 ritate,
254 1854 397 1895 neque
432 1839 549 1882 ultra
597 1840 728 1883 huius
776 1841 887 1883 fines
934 1856 986 1883 ac
1031 1840 1240 1882 terminos
1289 1839 1424 1881 altius

58 1894 308 1952 egreditur,
353 1903 495 1938 tamen
537 1897 816 1939 necessitudo
858 1898 951 1940 eius
990 1903 1034 1939 et
1073 1897 1290 1939 connexio
1321 1911 1422 1938 cum

55 1952 217 1994 Politia
248 1959 316 1994 est
355 1952 584 2007 eiusmodi,
626 1960 676 1994 ut
705 1969 784 1995 nec
817 1954 964 2008 ipsum
997 1952 1333 1996 existimandum
1364 1950 1424 1995 sit

16 2011 18 2014 ”
56 2009 342 2052 fundamento
362 2009 587 2052 doctrinae
605 2010 740 2063 illius,
761 2025 875 2064 quae
897 2017 965 2052 est
983 2009 1038 2051 de
1058 2010 1186 2064 ideis,
1218 2009 1421 2052 orbatum

59 2080 110 2108 ae
139 2065 400 2108 destitutum
447 2081 558 2109 esse.
630 2066 806 2123 Quippe
846 2068 1036 2123 optimae
1077 2067 1422 2109 civitatisrratio

58 2129 103 2164 et
144 2124 403 2180 gubernatio
447 2130 542 2166 tota
579 2124 778 2180 profecto
811 2139 865 2166 ex
895 2123 1092 2166 idearum
1120 2123 1422 2189 imprimisque

57 2179 180 2222 ideae
212 2180 315 2223 boni
344 2181 714 2237 contemplatione
764 2180 964 2235 ducitur,
1016 2180 1145 2223 sicuti
1183 2187 1300 2223 mter
1336 2181 1423 2222 alia

59 2236 293 2279 edocemur
331 2238 401 2279 De
444 2237 554 2293 Rep.
594 2236 651 2279 V.
691 2254 733 2293 p.
772 2238 870 2281 471.
916 2238 970 2279 D.
1010 2253 1105 2294 sqq.
1137 2236 1219 2280 VI.
1249 2254 1291 2295 p.
1321 2239 1419 2280 502.

59 2292 237 2349 Cssqq.
270 2300 314 2335 et
348 2294 466 2337 Libr.
496 2294 602 2336 VII.
665 2295 737 2336 Ad
770 2294 898 2336 huius
929 2295 1066 2351 ipsius
1098 2301 1242 2337 autem
1273 2310 1419 2337 exem·-

58 2350 177 2405 plum
207 2351 329 2408 leges
372 2358 417 2393 et
446 2352 650 2394 instituta
681 2351 859 2393 alterius
890 2352 1041 2405 istius,
1074 2351 1129 2394 de
1160 2367 1248 2407 qua
1275 2352 1420 2407 loqui·-

59 2422 175 2461 mur,
215 2408 483 2464 reipublicae
530 2414 786 2464 comparata
826 2415 940 2451 sunt.
997 2409 1066 2451 Ex
1097 2424 1187 2464 quo
1219 2415 1420 2466 apertum

60 2477 154 2506 esse
183 2464 315 2507 debet
343 2466 562 2519 omnibus,
589 2465 788 2523 Legibus
822 2479 995 2522 quoque
1017 2465 1288 2508 fundamenti
1319 2466 1419 2508 loco

60 2518 246 2575 denique
279 2521 518 2568 subiectam
553 2537 650 2564 esse
689 2519 884 2564 idearum
926 2522 1185 2576 doctrinam,
1227 2523 1332 2565 licet
1363 2521 1419 2564 ad

60 2583 201 2620 rectae
220 2577 438 2634 opinionis
471 2579 695 2621 modulum
728 2594 774 2622 se
815 2578 1059 2622 demittant.
1119 2580 1237 2622 Nam
1269 2595 1419 2635 quem-

61 2631 291 2676 admodum
339 2634 383 2676 in
436 2635 598 2678 Politia
646 2635 746 2678 idea
798 2637 1014 2692 perfectae
1069 2637 1263 2680 civitatis
1318 2650 1419 2691 spe—
