1612 2872
249 99 439 141 CXLIV
670 100 1147 145 PRO-LEGOMENA

251 212 376 254 vibus
427 218 557 265 atque
607 210 920 264 formidolosis,
977 219 1126 265 estque
1176 213 1355 254 maxime
1406 212 1572 267 bellica,

249 267 388 321 qualis
420 267 593 322 vigebat
620 267 851 321 praecipue
879 267 995 321 apud
1033 266 1185 309 Cretes
1215 274 1258 310 et
1285 268 1575 312 Lacedaemo-

249 323 358 364 nios.
387 338 426 362 v.
466 322 586 363 Libr.
625 322 660 362 Ι.
691 322 782 362 init.
846 321 1064 374 Quocirca
1101 337 1153 363 ea
1191 324 1310 364 Libr.
1339 324 1377 365 1.
1406 340 1447 380 p.
1482 327 1575 367 630.

249 378 301 419 E.
333 383 375 418 et
405 379 499 419 631.
530 378 584 417 A.
614 376 820 419 vilissima
849 392 947 432 pars
971 379 1104 419 totius
1134 378 1305 420 virtutis
1335 380 1576 443 appellatur

249 440 378 486 atque
417 433 535 472 Libr.
576 431 684 474 XII.
726 448 766 488 p.
806 435 901 475 963.
933 433 986 474 E.
1017 434 1180 476 animus
1209 434 1329 475 fortis
1361 434 1576 477 iudicatur

249 489 378 530 etiam
417 487 508 527 sine
548 488 714 530 ratione
752 494 882 542 atque
918 489 1011 531 solo
1042 497 1216 531 naturae
1246 490 1455 532 instinctu
1486 491 1574 532 exi-

249 550 359 584 stere
391 557 532 596 posse.
564 542 956 598 Temperantia
984 551 1125 586 autem
1176 546 1352 599 ponitur
1391 546 1434 588 in
1474 562 1575 602 pru-

249 598 367 639 denti
381 597 609 640 aflectuum
626 607 668 640 et
686 599 968 654 cupiditatum
989 600 1302 651 moderatione3
1319 617 1575 656 quamquam

247 653 340 695 fieri
368 653 471 694 item
503 661 659 708 potest,
690 661 740 696 ut
769 670 819 696 ea
847 656 989 696 nativa
1018 655 1201 710 quadam
1232 657 1395 711 ingenii
1424 658 1589 705 animi-7

248 724 332 763 que
375 709 519 750 indole
558 709 800 752 hominibus
843 712 1062 766 obtingat,
1103 711 1155 752 de
1194 726 1278 766 qua
1307 727 1351 753 re
1382 728 1419 755 V.
1448 713 1571 754 Libr.

247 765 327 805 IV.
366 780 408 819 p.
447 767 542 806 710.
588 768 640 808 A.
680 766 776 807 eoll-
817 767 872 808 V.
921 782 963 821 p.
1016 768 1110 810 733.
1149 767 1200 807 E.
1241 782 1292 808 ac
1329 766 1381 808 de
1422 776 1575 810 natm-a

246 821 554 873 temperantiae
582 821 787 877 imprimis
811 837 920 876 quae
949 822 1048 863 inde
1087 837 1125 862 a.
1163 837 1204 876 p.
1237 823 1332 864 635.
1367 823 1415 865 E.
1452 824 1573 866 Libr.

247 876 284 917 Ι.
323 875 603 918 disseruntur.
671 877 885 919 Nimirum
927 877 1034 919 banc
1071 877 1204 919 fuisse
1234 877 1454 934 vulgarem
1485 880 1573 921 fere

234 931 302 972 2de
332 931 397 973 his
427 932 659 974 virtutibus
690 947 919 987 earumque
959 932 1102 974 indole
1140 948 1190 974 ac
1220 941 1372 974 natura
1401 947 1574 977 senten-

192 994 197 997 *
247 987 377 1041 tiam,
414 986 579 1042 liquido
620 995 800 1043 apparet
828 1004 881 1030 ex
912 988 1132 1030 Phaedon.
1162 1005 1204 1044 p.
1234 990 1301 1031 82.
1332 988 1382 1031 C.
1414 996 1457 1031 et
1486 991 1572 1032 cla-

247 1042 336 1084 rius
375 1043 504 1084 etiam
541 1058 583 1098 p.
626 1045 693 1084 68.
734 1043 784 1085 C.
825 1044 986 1086 οὐκοῦν
1027 1047 1100 1086 καὶ
1138 1044 1164 1095 ἡ
1208 1043 1489 1102 σωφροσύνη,
1518 1043 1574 1097 ἢν

249 1101 319 1141 καὶ
361 1102 409 1140 οἱ
449 1101 648 1140 πολλοὶ
691 1099 956 1153 ὀνομάζουσι.
1005 1098 1323 1155 σωφροσύνην,
1375 1103 1426 1143 τὸ
1474 1103 1573 1158 περὶ

247 1152 326 1203 τὰς
361 1158 605 1207 ἐπιθυμίας
622 1155 700 1222 Ίμὴ
743 1157 1016 1207 ἐπτοῆσθαι,
1063 1154 1157 1197 ἀλλ’
1199 1154 1419 1211 ὀλιγώρως
1465 1159 1574 1212 ἔχειν

248 1213 318 1254 καὶ
362 1216 575 1264 κοσμίως,
611 1210 676 1264 αρ’
718 1210 769 1253 οὐ
810 1210 984 1260 τούτοις
1031 1210 1190 1265 μόνοις
1235 1210 1442 1267 προςήκει
1480 1221 1573 1262 τοῖς

244 1263 434 1321 μάλιστα
472 1267 553 1307 τοῦ
590 1268 791 1320 σώματος
831 1266 1093 1320 ὀλιγωροῦσι
1133 1283 1176 1309 τε
1215 1271 1287 1309 καὶ
1316 1272 1361 1309 ὲν
1394 1270 1571 1325 φιλοσο-

247 1325 333 1391 φίᾳ
371 1323 522 1373 {dmm
553 1347 606 1352 —
642 1324 691 1364 Εἰ
733 1320 815 1376 γὰρ
853 1325 1026 1371 ἐθέλεις
1063 1324 1261 1374 ἐννοῆσαι
1293 1323 1372 1374 τήν
1411 1341 1456 1377 γε
1489 1325 1574 1373 τῶν

245 1376 387 1420 ἄλλων
425 1378 631 1433 ἀνδρείαν
682 1394 724 1420 τε
765 1381 837 1420 καὶ
867 1377 1184 1435 σωφροσύνην,
1216 1378 1332 1430 δόξει
1362 1394 1434 1421 σοι
1460 1378 1573 1430 εἶναι

244 1432 411 1483 ἄτοπος
439 1458 494 1464 —-
523 1432 591 1475 ὅτι
621 1431 698 1475 τὸν
730 1432 934 1476 θάνατον
953 1434 1166 1487 ἡγοῦνται
1186 1432 1344 1484 πάντες
1374 1438 1415 1476 οἱ
1447 1433 1573 1478 ἄλλοι

244 1490 332 1531 τῶν
370 1487 569 1543 μεγάλων
599 1490 744 1531 κακῶν
773 1489 898 1532 εἶναι.
974 1488 1146 1531 Οὐκοῦν
1186 1488 1314 1546 φόβω
1346 1489 1574 1543 μειζόνων

245 1547 389 1587 κακῶν
426 1545 722 1598 ὑπομένουσιν
755 1545 905 1588 αὐτῶν
945 1548 986 1587 οἱ
1015 1544 1210 1599 ἀνδρεῖοι
1239 1544 1570 1600 τὸν-θάνατον,

245 1600 352 1642 ὅταν
381 1599 681 1654 ύπομένωσιν,
721 1607 764 1642 et
803 1616 913 1655 quae
953 1606 1054 1643 sunt
1084 1600 1272 1655 reliqua3
1313 1615 1408 1643 nam
1443 1602 1578 1658 perth*

244 1661 321 1698 net
361 1656 445 1698 huc
485 1655 708 1699 universus
746 1657 866 1698 locus
906 1671 1043 1709 usque
1083 1656 1137 1698 ad
1176 1672 1216 1711 p.
1257 1659 1324 1699 69».
1364 1658 1413 1699 G.
1445 1673 1571 1712 quem

242 1712 440 1753 nolumus
458 1718 597 1753 totum
632 1712 716 1753 huc
744 1712 1064 1754 transscribere.
1122 1712 1186 1753 Le
1220 1727 1262 1768 g.
1293 1712 1372 1754 IV.
1403 1729 1446 1768 p.
1476 1715 1570 1754 710.

179 1774 182 1777 ’
242 1769 301 1809 Α.
342 1766 649 1823 σωφροσύνην·
670 1784 748 1821 μοι
786 1769 907 1810 δοκεῖ
946 1767 1150 1824 φράζειν,
1183 1784 1214 1808 ω
1245 1770 1449 1822 Μέγιλλε,
1480 1771 1571 1812 δεῖν

244 1823 356 1865 εἶναι
384 1821 463 1874 τὴν
493 1823 788 1876 ξυνεπομένην
818 1822 841 1865 ὁ
873 1824 1019 1876 ξένος·
1050 1819 1078 1874 ἦ
1107 1821 1215 1878 γάρ;
1236 1825 1341 1865 ΑΘ.
1380 1825 1469 1875 Τὴν
1499 1826 1569 1875 δη-

242 1877 367 1932 μώδη
419 1895 492 1933 γε,
531 1874 564 1920 ὦ
603 1880 924 1932 Κλεινία,,καὶ
964 1878 1043 1932 οὐχ
1082 1878 1134 1929 ἥν
1164 1896 1231 1928 τις
1262 1877 1485 1932 σεμνύνων
1514 1877 1570 1921 ἄν

242 1936 377 1988 λέγοι,
414 1931 691 1988 φρόνησιν
738 1935 1105 1988 προςαναγκάζων
1157 1934 1268 1976 εἶναι
1306 1931 1355 1976 τὸ
1396 1950 1568 1992 σωφρο-

242 1999 346 2032 νεῖν.
405 1991 507 2032 Nec
538 2005 648 2043 vero>
686 1990 921 2032 obscurum
954 2000 1042 2043 est,
1083 2005 1159 2032 cur
1188 1989 1470 2046 philosophus
1499 1991 1569 2033 hic

241 2046 460 2102 vulgarem
499 2046 630 2094 istam
665 2046 992 2101 temperantiam
1034 2060 1083 2086 ac
1112 2045 1408 2087 fortitudinem
1436 2047 1568 2088 infor-

241 2102 422 2143 maverit
452 2116 502 2143 ac
524 2101 815 2156 descripserit.
836 2103 997 2158 Agitur
1016 2101 1127 2143 enim
1146 2101 1190 2142 in
1213 2101 1423 2156 Legibus,
1450 2101 1565 2155 quod

241 2156 311 2199 hio
342 2172 515 2211 quoque
547 2157 787 2199 meminisse
825 2157 1012 2211 iuvabit,
1055 2155 1107 2198 de
1146 2156 1259 2198 veris
1305 2156 1565 2210 civitatibus,

242 2212 599 2267 quandoquidem·
631 2213 684 2254 ab
714 2214 838 2255 initio
876 2213 974 2255 libri
1005 2213 1184 2267 primum
1215 2212 1449 2267 suscipitur
1480 2212 1566 2255 dis-

239 2269 408 2322 putatio
449 2268 502 2309 de
538 2268 707 2323 legibus
747 2274 791 2310 et
821 2267 1031 2311 institutis
1073 2266 1247 2308 Cretum
1275 2273 1319 2308 et
1347 2268 1565 2310 Lacedae·

238 2324 494 2377 moniorum,
527 2323 879 2380 ostenditurque,
922 2338 994 2366 eas
1025 2322 1237 2368 adunam
1267 2323 1449 2364 maxime
1479 2324 1575 2365 for->

237 2378 465 2421 titudinem
509 2386 776 2434 comparatas
814 2394 924 2432 esse,
985 2393 1066 2419 uae
1105 2384 1219 2420 certe
1263 2393 1350 2420 non
1386 2378 1469 2420 alia
1498 2386 1567 2421 est

240 2450 369 2489 quam
410 2433 577 2476 bellica.
645 2434 763 2478 Huic
809 2436 960 2479 fortitu
993 2433 1054 2476 ini
1093 2448 1196 2475 vero
1254 2441 1438 2476 exeunte
1476 2434 1563 2476 fere

235 2490 345 2532 libro
387 2490 525 2544 primo
557 2491 790 2544 opponitur
815 2488 1122 2546 temperantia,
1153 2503 1262 2543 quae
1290 2489 1404 2532 effici
1434 2504 1564 2545 posse

175 2598 177 2600 Ι
236 2543 436 2599 videatur
473 2545 684 2590 institutis
724 2545 983 2600 quibusdam
1022 2544 1368 2598 Atheniensium,
1399 2552 1448 2587 ut
1476 2560 1563 2586 ma·
1594 2562 1612 2617 ¹

236 2601 439 2645 nifestum
468 2601 546 2654 sit,
588 2599 658 2643 hic
688 2616 859 2656 quoque
892 2601 945 2644 de
973 2599 1140 2656 vuigari
1167 2601 1255 2642 fere
1278 2600 1564 2656 ‘tempera-ntia
1596 2606 1612 2637 Ἀ
