1612 2872
222 54 303 96 DE
339 52 613 96 LEGIBUS
645 51 764 94 LIB.
799 49 878 92 lv».
909 47 956 90 P.
996 49 1088 91 722.
1122 47 1185 91 St.
1340 48 1416 88 461

68 177 215 228 τρίτον
257 178 321 215 ἔτι
366 175 462 226 περὶ
522 170 626 221 τοὺς
674 170 838 225 νόμους
886 166 997 223 ὁρῶ
1028 168 1266 221 γίγνεσθαι
1311 168 1423 220 δέον,

67 239 241 301 οὐδαμῇ
277 238 331 281 τὰ
370 240 452 282 νῦν
484 236 758 294 γιγνόμενον.

170 309 270 351 ΚΛ.
311 305 371 349 Τὸ
410 312 540 350 ποῖον
574 304 628 355 δὴ
665 308 826 361 λέγεις,-

170 377 268 419 Ae).
303 373 373 426 Ἐξ
406 373 555 417 αὐτῶν
599 366 661 415 ὧν
707 374 790 415 νῦν
833 370 1112 424 διειλέγμεθα
1150 364 1273 422 ἡμεῖς
1308 363 1422 407 κατὰ

66 443 181 487 :tedae
216 459 316 485 τινα
351 439 546 494 γεγονός.
578 438 732 496 σχεδὸν
766 438 854 495 γὰρ
886 439 931 490 ἐξ
965 436 1073 481 ὅσου
1110 437 1207 489 περὶ
1229 435 1317 476 τῶν
1348 431 1420 476 vd-

65 529 159 567 μων
204 508 414 565 ἤργμεθα
460 511 596 563 λέγειν
643 508 686 559 ἐξ
730 509 928 550 ἑωθινοῦ
974 505 1221 559 μεσημβρία
1273 518 1315 544 τε
1358 504 1424 553 γέ-

66 595 166 634 γονε
201 580 272 621 καὶ
304 581 350 620 ἐν
385 575 524 637 ταύτῃ
558 575 764 636 παγκάλῃ
783 572 1024 633 ἀναπαύλῃ
1055 575 1137 614 τινὶ
1170 568 1425 624 γεγόναμεν,

65 646 197 689 οὐδὲν
234 642 335 687 ἀλλ’
385 641 410 696 ἢ
452 646 549 699 περὶ
595 644 743 696 νόμων
798 640 1120 695 διαλεγόμενοι,
1164 637 1329 691 νόμους
1374 638 1420 680 δὲ

64 713 169 770 ἄρτι
202 730 278 767 μοι
314 712 530 766 δοκοῦμεν
567 713 703 765 λέγειν
738 707 976 766 ἄρχεσθαι,
1012 706 1066 750 τὰ
1092 705 1124 749 δ’
1167 706 1427 760 ἔμπροσθεν

64 869 162 902 ximis
196 868 251 899 καὶ
283 866 388 909 vulgo
410 862 602 899 ante-nan?
635 862 723 897 ὅσον
747 864 993 906 interpositum
1033 861 1261 905 expunximus
1299 863 1424 894 aucto-

66 917 169 948 ritate.
196 915 358 946 librorum
391 917 427 944 Α.
444 909 802 946 52.v.s.h.r.a.c-.3.0.

156 959 195 991 C.
223 954 249 991 ὠ
274 956 504 1000 μακάριοι,
532 959 601 990 καὶ
627 957 712 999 τᾳ]
762 958 804 989 V.
830 952 983 996 μακάριε.
1034 953 1207 987 Pluralem
1242 962 1423 986 numerum

64 1007 227 1040 exhibent
255 1006 352 1038 Α.·Ω.
379 1005 480 1037 sicuti
506 1008 654 1037 testatur
682 1004 880 1043 nokkerus,
906 1006 942 1033 et
971 1001 1048 1033 Par.
1076 1000 1104 1031 B
1143 998 1422 1034 v.li.r.a.3.o,x.

156 1048 326 1092 οὐδαμῇ
352 1050 397 1083 τὰ
423 1052 498 1083 νῦν
529 1050 663 1093 yma]
697 1050 756 1083 Sic
782 1060 845 1092 pro
878 1049 966 1090 vulg.
1005 1043 1047 1079 οὐ
1074 1050 1179 1080 τανῦν
1205 1044 1425 1079 A.9.v.f.h.

67 1111 92 1132 r.
109 1110 139 1131 a.
158 1098 187 1131 δ.
205 1110 234 1132 ο.
250 1109 281 1131 x.

65 1235 712 1278 attinet,videtui-nullasdum

67 1284 315 1326 legislator
372 1283 715 1325 cogitavisse,

64 1340 190 1372 quum
227 1331 267 1362 in
307 1329 483 1371 legibus
520 1330 713 1362 scriben—

66 1377 134 1408 dis
181 1375 350 1408 duabus
395 1376 526 1408 rebus
576 1376 715 1408 liceat

68 1423 148 1463 uti,
179 1422 475 1464 persuasione
501 1426 638 1464 atque
665 1421 713 1460 vi,

66 1469 168 1501 fieri
194 1469 484 1500 nihilominus
509 1468 570 1501 ita
596 1468 715 1501 sole-

68 1525 131 1553 re,
158 1518 222 1552 ut,
254 1518 459 1556 quantum
486 1513 588 1547 fieri
616 1524 711 1556 pos-

68 1562 144 1600 sit,
182 1560 298 1603 apud
334 1570 538 1601 magnam
571 1560 710 1593 multi-

68 1605 260 1639 tudinem
319 1606 586 1638 eruditionis
643 1615 710 1636 ex-

67 1657 256 1695 pertem,
290 1653 435 1684 altero
460 1655 630 1684 tantum
659 1650 709 1693 (vi

67 1703 105 1731 et
129 1699 354 1738 necessitate)
381 1702 538 1730 utantu
549 1707 575 1730 r.
604 1697 708 1730 Cete-

68 1754 142 1776 rum
169 1744 404 1776 memorabilis
433 1742 485 1776 hic
513 1744 612 1776 locus
645 1748 710 1787 est,

68 1795 106 1822 ut
131 1791 164 1822 in
192 1800 262 1832 quo
288 1791 386 1823 Plato
410 1791 588 1822 luculente
601 1794 708 1823 testa-

70 1843 138 1874 tur‚
164 1836 362 1878 superiores
387 1836 635 1878 legumlatores
660 1841 712 1868 ta-

71 1883 160 1915 libus
186 1884 298 1922 legum
328 1882 514 1924 prooemiis
539 1893 606 1916 non
634 1893 713 1916 esse.

70 1939 165 1960 usos.
210 1928 444 1962 Conseruntur
468 1929 569 1962 etiam
597 1929 652 1962 illa
679 1939 711 1972 p.

71 1975 149 2010 722.
177 1973 218 2007 C.

115 2021 281 2066 :neqfi'oc‘
314 2018 609 2063 κεραννύντες
641 2019 714 2063 τήν

70 2079 91 2107 μ
102 2065 176 2109 ἄχη
185 2067 226 2110 ν]
242 2068 397 2109 Pugnam
416 2070 611 2109 temperare
631 2078 711 2110 per-

71 2115 234 2147 suasione
242 2113 322 2156 quid
332 2114 390 2153 sit,
402 2123 467 2146 non
475 2114 709 2157 intelligimus.

70 2159 192 2201 Neque
206 2160 258 2192 hic
271 2160 412 2193 omnino
426 2160 526 2192 locus
542 2165 596 2193 est
614 2171 712 2194 men-

71 2205 157 2238 tioni
183 2215 205 2248 p
217 2216 236 2238 u
248 2216 299 2248 gn
309 2216 328 2238 a
338 2217 368 2239 e.
407 2205 605 2248 Legendum
617 2233 627 2248 ‚
660 2208 711 2240 ni·

71 2252 99 2284 si
118 2252 235 2291 fallor,
252 2257 311 2284 aut
336 2249 398 2295 τὴν
417 2248 536 2296 ἀρχήν,
556 2254 588 2286 in
609 2264 710 2296 quam

70 2298 239 2331 rationem
277 2299 445 2331 lactamur
474 2309 586 2341 nuper
629 2300 714 2332 inci-

71 2344 165 2377 disse
196 2344 302 2377 etiam
338 2343 378 2379 C.
411 2344 475 2377 Fr.
505 2346 535 2379 H
548 2356 660 2379 erma
673 2356 709 2378 n—

71 2400 186 2430 num,
218 2391 277 2433 qui
314 2390 360 2423 ita
397 2390 523 2434 edidit,
557 2393 712 2435 itemque
740 2415 744 2418 -

71 2436 334 2470 Badhamum
368 2436 484 2470 Praef.
526 2438 569 2471 ad
604 2439 714 2472 Phae·

72 2482 170 2515 drum
195 2494 229 2525 p.
258 2482 344 2525 XL,
374 2489 443 2523 aut,
466 2484 559 2526 quod
589 2487 714 2517 Astio

71 2529 103 2560 in
131 2535 280 2561 mentem
309 2531 420 2570 venit,
454 2529 513 2573 τὴν
548 2526 712 2574 ἀνάγκην.

71 2574 287 2617 Quamquam
313 2577 487 2618 posterius
508 2589 527 2610 a
551 2578 710 2611 codicum

11 2647 13 2651 ,
71 2621 240 2663 scripturn
266 2622 399 2664 longius
423 2623 564 2658 recedit.
606 2624 711 2658 Quod

68 2671 183 2701 autem
236 2666 615 2703 winckelmannus
667 2670 709 2704 ad

787 1233 958 1267 Plutarchi
982 1236 1135 1266 Amator.
1154 1243 1186 1273 p.
1207 1231 1286 1266 223.
1307 1231 1428 1273 legen-

787 1280 867 1313 dum
887 1281 1096 1323 proposuit:
1126 1276 1186 1322 τὴν
1213 1275 1370 1319 διδαχήν,
1394 1276 1427 1310 id

785 1338 802 1360 a
830 1337 867 1358 re,
893 1331 947 1359 est
972 1327 1231 1359 alienissimum.

832 1373 871 1404 C.
906 1369 972 1413 Ἐξ
995 1368 1157 1412 αὐτῶν,
1188 1365 1243 1403 ὧν
1267 1374 1346 1403 νῦν
1372 1368 1426 1401 δι-

784 1419 879 1461 ML]
930 1419 1062 1453 Quod
1102 1429 1150 1452 ex
1197 1419 1274 1458 iis,
1320 1427 1428 1459 quae

769 1476 895 1498 ·uuuc
929 1466 1242 1504 disseruimus,
1275 1462 1428 1496 nescio

782 1511 1001 1555 quomodo
1034 1512 1199 1544 extitit.
1247 1509 1430 1552 Significat

782 1570 862 1592 sese
895 1560 962 1590 inm
998 1558 1210 1599 intelligere,
1242 1566 1303 1598 ea,
1338 1565 1428 1598 quae

781 1604 1011 1638 cohortationi
1049 1608 1083 1635 et
1122 1603 1337 1646 persuasioni
1376 1602 1429 1634 in-

781 1651 950 1689 serviant,
983 1651 1098 1690 legum
1132 1649 1311 1691 prooemia
1349 1658 1430 1680 esse

781 1700 958 1739 oportere,
983 1696 1084 1727 sicuti
1110 1696 1187 1737 ipse
1212 1694 1338 1727 deinde
1361 1694 1427 1727 de-

781 1745 899 1776 clarat.
927 1742 1090 1774 Formula
1122 1740 1204 1774 καιὰ
1228 1739 1318 1773 θεόν
1341 1751 1427 1781 τινα,

782 1788 1000 1822 divinitus
1032 1788 1117 1831 θείᾳ
1148 1789 1210 1820 τινὶ
1241 1785 1338 1829 τύχῃ,
1379 1789 1428 1820 le-

782 1836 874 1877 gitur
899 1836 1002 1868 etiam
1034 1834 1241 1875 Euthydem.
1278 1846 1312 1877 p.
1346 1833 1425 1869 272.

784 1882 834 1915 E:
869 1879 951 1913 κατὰ
986 1878 1078 1913 θεὸν
1103 1879 1168 1923 γάρ
1203 1892 1277 1913 τινα
1308 1881 1428 1923 ἔτυχον

784 1926 984 1971 καθήμενος
1025 1926 1191 1960 ἐνταῦθα.
1248 1927 1299 1960 De
1335 1927 1428 1970 Rep.

782 1975 844 2008 1v.
878 1986 911 2018 p.
943 1973 1024 2009 443.
1055 1975 1097 2006 E.
1133 1974 1286 2015 Eurip.-
1312 1973 1424 2016 Iplnig.

784 2022 860 2055 Aul.
887 2032 918 2054 v.
945 2020 1031 2056 411:
1065 2017 1183 2053 Ἑλλὰς
1218 2018 1254 2052 δὲ
1280 2019 1346 2053 σὺν
1370 2020 1428 2052 σοὶ

782 2065 865 2100 κατὰ
888 2067 980 2100 θεὸν
1004 2071 1104 2100 νοσεῖ
1126 2079 1209 2099 τινα.
1237 2067 1321 2100 Mox
1345 2069 1429 2109 post

781 2114 819 2156 ἐξ
858 2112 947 2147 ὅσου
986 2124 1048 2155 per
1089 2114 1301 2156 epexegesin
1343 2113 1428 2146 sub-

780 2161 932 2204 iungitur
962 2159 1000 2200 ἐξ
1031 2160 1208 2203 ἑωθινοῦ;
1247 2159 1340 2203 quod
1383 2169 1427 2193 ne

779 2208 855 2249 quis
871 2218 936 2250 pro
954 2210 1164 2250 glossemate
1182 2206 1319 2246 habeat,
1345 2216 1426 2248 pro-

782 2253 965 2297 hibebunt,
1004 2255 1144 2296 opinor,
1178 2254 1304 2287 similia
1337 2262 1428 2295 quae

781 2302 1022 2343 congessimus
1047 2300 1089 2332 ad
1119 2298 1264 2332 Phaedr.
1288 2310 1321 2342 p.
1344 2299 1424 2334 229.

780 2347 822 2379 B.
851 2350 886 2378 et
911 2346 1020 2389 Legg.
1049 2346 1107 2379 ΙΙΙ
1143 2357 1176 2388 p.
1200 2346 1278 2382 693.
1316 2345 1355 2378 C.
1382 2365 1425 2369 —

781 2391 824 2424 ἐν
849 2392 990 2434 ταύτῃ
1022 2393 1070 2434 τῇ
1101 2391 1296 2435 παγκάλῃ
1331 2388 1425 2424 ἀνα-

784 2436 941 2481 παύλῃ,
974 2440 1012 2472 ἰη
1044 2440 1145 2472 loco
1178 2440 1228 2472 ad
1255 2438 1424 2479 requie-

782 2486 993 2519 scendum
1012 2485 1240 2518 admodum
1269 2484 1424 2526 pulcro

782 2537 824 2564 et
848 2536 1112 2575 opportuno.
1136 2532 1184 2564 De
1207 2531 1319 2563 forma
1337 2540 1424 2573 παγ-

782 2576 866 2621 κάλῃ
896 2587 927 2611 v.
950 2578 993 2611 ad
1019 2577 1167 2611 Pluaedr.
1203 2588 1234 2617 p.
1268 2576 1346 2611 277.
1379 2576 1418 2609 E.

806 2625 866 2658 ΧΙ).
895 2623 940 2656 τὰ
964 2621 998 2656 δ’
1024 2622 1276 2664 ἔμπροσθεν
1301 2616 1420 2665 ἦν-]

778 2681 904 2712 quum
940 2676 1082 2704 tamen
1114 2670 1347 2710 superiora
1382 2679 1420 2701 o-

1468 643 1508 685 [)
