1612 2872
231 117 314 158 CX
543 126 547 130 “
638 117 1109 162 PROLEGOMENA

233 229 433 281 instituit,
464 243 539 284 per
569 242 695 281 quam
727 241 873 269 omnes
903 243 952 270 ao
982 230 1139 284 singuli
1167 245 1217 272 eo
1239 231 1548 287 ⁴perducantur,

233 292 280 325 ut
319 291 433 326 recte
469 287 664 337 iusteque
704 283 845 324 facere
886 291 930 325 et
966 285 1101 326 velint
1137 293 1180 327 et
1217 288 1395 341 possint.
1453 288 1552 330 Hoc

232 340 362 396 igitur
389 339 495 380 illud
524 346 590 380 est
618 353 754 394 genus
783 339 1061 394 reipublicae,
1093 341 1211 395 quod
1238 341 1361 385 Plato
1390 343 1434 384 in
1464 344 1551 385 Le'-

232 397 358 453 gibus
397 395 521 436 nobis
558 394 836 450 spectandum
872 397 1111 450 proposuit.
1183 397 1283 450 Quo
1311 400 1552 442 accuratius

233 451 501 493 considerato
547 451 670 491 fateri
707 457 821 492 certe
858 452 1107 494 debebimus
1136 468 1281 495 verum
1312 469 1404 496 esse
1435 455 1552 510 quod

234 522 362 562 supra
395 506 594 558 diximus,
634 506 852 548 studuisse
889 507 1110 550 Platonem
1141 509 1182 550 in
1212 510 1295 551 hoc
1325 525 1451 566 opere
1481 526 1553 552 ve-

234 578 321 604 ram
352 562 589 612 civitatem,
631 578 715 617 qua
743 563 934 606 homines
967 579 1112 606 revera
1141 566 1204 606 uti
1235 573 1427 621 possent,
1458 581 1553 608 eve-

235 619 334 659 here
372 618 526 670 altius,
576 633 660 672 quo
691 619 780 660 vita
816 620 1056 661 mortalium
1086 621 1326 674 *aliquando
1373 623 1551 678 propius

235 680 381 729 posset
409 674 612 715 accedere
643 674 697 716 ad
726 675 950 717 maximam
978 676 1092 717 illam
1119 677 1303 719 civitatis
1334 685 1551 733 praestan-

233 731 336 771 tiam
366 736 493 784 atque
531 731 755 783 virtutem,
786 732 906 773 cuius
934 732 1168 787 potiundae
1198 734 1410 788 planeque
1438 749 1552 776 asse—

235 785 429 841 quendae
458 786 501 827 in
528 786 607 828 hac
637 787 752 828 vitae
782 788 1016 829 communis
1036 788 1282 831 conditione
1313 796 1355 830 et
1382 790 1557 833 fortuna

234 842 388 898 exigua
419 857 469 883 ac
494 857 626 897 prope
663 843 780 884 nulla
818 858 916 898 spes
953 844 1102 886 relicta
1139 851 1267 886 esset.
1322 845 1435 887 Nam
1466 846 1553 900 pri-

236 913 347 939 mum
387 897 556 951 quidem
598 898 722 940 etiam
750 899 795 939 in
833 899 1027 955 Legibus
1064 901 1317 953 arbitratur,
1359 901 1474 956 quod
1509 901 1554 943 in

235 954 354 995 libris
394 953 446 994 de
485 955 646 1009 optima
685 955 867 996 civitate
897 956 1068 1010 statuit,
1110 956 1268 998 nullam
1297 957 1555 1013 reipublicae

234 1011 426 1063 formam,
446 1025 555 1063 quae
573 1024 689 1052 nuno
718 1010 878 1051 usitata
908 1012 978 1065 sit,
1010 1012 1259 1068 simpliciter
1287 1013 1554 1069 comprobari

236 1080 386 1121 posse3
425 1066 509 1107 imo
549 1066 591 1107 in
623 1073 804 1120 utroque
835 1082 962 1122 opere
993 1067 1195 1121 ostendit,
1222 1069 1421 1124 vulgares
1449 1070 1555 1111 istas

236 1121 502 1176 respublicas
540 1122 692 1163 misere
732 1137 825 1164 esse
863 1123 1119 1178 depravatas
1150 1124 1420 1179 optimaeque
1451 1125 1554 1167 civi-

237 1179 313 1219 tati
345 1178 470 1233 plane
509 1179 747 1220 contrarias
788 1184 831 1220 et
867 1180 1103 1234 oppositas.
1162 1180 1324 1222 Verum
1356 1181 1484 1222 sicuti
1511 1181 1556 1222 in

237 1234 356 1276 libris
395 1234 673 1290 Reipublicae
711 1235 776 1276 his
822 1237 1026 1291 opposuit
1074 1236 1290 1277 civitatem
1339 1237 1556 1292 optimam,

238 1305 365 1344 quam
405 1291 493 1332 fere
533 1291 623 1333 sola
652 1297 792 1332 mente
821 1291 1085 1345 intueamur,
1126 1293 1186 1333 ita
1212 1292 1255 1333 in
1285 1292 1478 1349 Legibus
1507 1293 1559 1333 il-

236 1347 288 1388 lis
318 1361 340 1387 e
369 1347 544 1402 regione
573 1347 719 1401 posuit
748 1348 1157 1403 praestantissimam
1188 1348 1419 1400 civitatem,
1452 1363 1560 1404 quae

239 1402 367 1444 sicuti
406 1417 459 1443 ex
489 1401 751 1444 Graecorum
780 1404 1036 1458 populorum
1066 1404 1276 1457 moribus,
1316 1404 1485 1460 legibus
1516 1411 1559 1446 et

238 1459 447 1500 institutis
479 1458 690 1512 effloruit,
731 1459 791 1500 ita
829 1460 956 1500 etiam
985 1460 1029 1501 in
1058 1460 1153 1516 ipsa
1182 1461 1373 1516 gentium
1404 1475 1454 1502 ao
1482 1475 1560 1516 po-

239 1515 437 1569 pulorum
476 1515 565 1556 vita
601 1515 831 1570 aliquando
860 1530 1074 1572 emergere
1104 1522 1257 1572 potest.
1318 1516 1487 1557 Deinde
1515 1516 1560 1557 in

239 1571 401 1626 optima
459 1570 631 1613 civitate
679 1571 733 1612 ad
788 1585 976 1613 summae
1039 1572 1317 1626 perfectionis
1373 1573 1559 1628 speciem

239 1627 493 1668 adumbrata
529 1641 659 1680 quum
706 1628 984 1683 magistratus
1032 1627 1302 1684 philosophi,
1353 1629 1425 1683 qui
1474 1629 1561 1670 sint

239 1683 417 1738 perfecti
465 1684 681 1738 sapientes
734 1690 777 1724 et
821 1683 957 1725 instar
1014 1691 1332 1725 consummatae
1388 1685 1560 1726 virtutis

237 1745 464 1793 rectaeque
503 1739 703 1792 rationis,
744 1738 957 1781 civitatem
987 1740 1250 1796 gubernent,
1282 1746 1371 1781 tum
1401 1740 1444 1781 in
1476 1741 1560 1782 Le·

270 1795 364 1837 ibus
401 1796 487 1836 non
524 1795 696 1849 quidem
725 1795 915 1850 perfecta
942 1795 1048 1836 ratio
1078 1802 1252 1851 regnat,
1299 1795 1375 1837 sed
1403 1795 1563 1838 adsunt

237 1811 357 1908 {ges
396 1851 617 1906 publicae,
670 1866 782 1906 quae
820 1851 1037 1906 sapienter
1073 1853 1257 1907 scriptae
1299 1851 1407 1892 nihil
1446 1851 1561 1893 aliud

238 1907 439 1949 videntur
476 1921 570 1949 esse
598 1907 680 1949 nisi
710 1910 789 1949 τοῦ
820 1910 899 1949 νοῦ
929 1909 1132 1962 διανομὴ,
1163 1907 1370 1962 ideoque,
1411 1907 1446 1950 si
1476 1923 1561 1949 non

237 1964 321 2019 ipsi
360 1963 513 2004 rationi
551 1963 775 2017 aequales,
813 1969 956 2005 tamen
994 1978 1047 2004 ex
1077 1979 1127 2005 ea
1155 1963 1332 2005 haustae
1370 1972 1414 2005 et
1441 1978 1562 2019 repe-

239 2021 357 2062 titae.
416 2020 528 2061 Nam
557 2019 812 2061 hauriuntur
833 2020 951 2075 leges
971 2020 1164 2074 profecto
1195 2035 1247 2061 ex
1264 2026 1405 2061 rectae
1432 2019 1562 2061 ratio-

240 2077 307 2117 nis
355 2076 495 2129 fonte,
545 2082 755 2129 quatenus
803 2075 1034 2131 prudentes
1078 2091 1220 2117 earum
1268 2083 1463 2117 auctores
1509 2090 1561 2116 ex

242 2132 478 2187 sapientiae
532 2131 774 2187 praeceptis
833 2132 1079 2174 coniectura
1136 2131 1260 2186 quasi
1314 2146 1364 2172 ac
1428 2130 1560 2173 ratio*

241 2188 456 2229 oinatione
495 2194 802 2243 assequuntur,
849 2187 952 2243 quid
998 2187 1154 2229 iustum
1193 2187 1248 2229 sit
1286 2186 1561 2243 dignumque,

243 2242 358 2298 quod
406 2243 576 2298 publice
624 2244 853 2287 sanciatur.
920 2243 1033 2286 Nam
1078 2243 1216 2300 Legg.
1247 2243 1282 2284 Ι.
1312 2259 1352 2299 p.
1383 2245 1475 2284 644.
1503 2243 1561 2284 D.

244 2303 312 2342 ἐπὶ
344 2316 518 2348 τουτοις
546 2304 591 2342 ὸὲ
622 2303 728 2343 πᾶσι
756 2300 956 2355 (ἡδοναῖς
984 2302 1053 2341 καὶ
1083 2303 1238 2349 λύπαις
1282 2317 1353 2341 και
1394 2299 1569 2353 δόξαις)

242 2353 538 2410 λογισμός,
585 2355 610 2398 ὅ
658 2360 701 2399 τί
740 2372 845 2398 ποτε
882 2355 1024 2398 αὐτῶν
1050 2352 1227 2410 ἄμεινον
1255 2352 1464 2411 ἢχεῖρον·
1503 2352 1563 2404 ὃς

245 2409 496 2467 (λογισμὸς)
547 2410 864 2466 γενόμενος
907 2411 1083 2466 δόγμα
1123 2409 1334 2460 πόλεως
1366 2409 1564 2452 κοινόν
1611 2453 1612 2457 ,

243 2466 425 2516 νόιιης
466 2466 793 2519 ἐπωνόμασταιε
841 2468 916 2510 ubi
950 2467 1082 2510 habes
1118 2468 1228 2524 legis
1259 2467 1563 2509 definitionem.
1609 2514 1610 2518 Ἰ

245 2523 414 2565 Politic.
452 2539 493 2578 p.
527 2525 621 2565 300.
659 2523 730 2566 C.:
761 2527 834 2566 διὰ
882 2526 1018 2567 ταῦτα
1058 2522 1111 2574 (Ji)
1149 2533 1239 2574 τοῖς
1281 2527 1376 2577 περὶ
1415 2522 1564 2565 ὁτιοῦν

243 2579 409 2633 νόμους
445 2583 516 2622 καὶ
556 2579 870 2635 ξυγγράμματα
917 2582 1154 2634 τιθέμενος
1193 2578 1389 2634 δεύτερος
1431 2579 1565 2626 πλοῦς
1606 2599 1608 2626 3

244 2635 293 2678 τὸ
336 2632 452 2691 παρὰ
491 2637 627 2678 ταῦτα
670 2635 776 2690 μήτε
822 2641 896 2678 ἕνα
923 2634 1028 2691 μήτε
1072 2637 1248 2686 πλῆθος
1275 2636 1409 2690 μηδὲν
1437 2637 1565 2687 μηδὲ·
1608 2666 1609 2694 ζ
