1612 2872
470 103 553 147 DE
587 98 868 145 LEGIBUS
900 106 980 143 etc.
1074 102 1078 107 “
1278 95 1388 139 CIX

5 223 7 238 ³
40 221 156 263 vium
195 226 323 274 atque
364 218 599 271 securitas,
644 213 860 271 siquidem
900 211 1007 255 nihil
1043 216 1266 269 spectatur
1305 211 1389 252 nisi

0 265 6 343 l
39 277 90 321 ro*
123 278 203 321 τοῦ
234 280 482 342 κρείττρνος
511 275 756 331 ξυμφέρον,
788 269 907 342 quod
937 269 1175 326 potentiori
1197 266 1388 325 expedit,

0 353 4 379 a
39 343 88 377 ut
128 348 353 377 monemur
393 332 534 389 Legg.
575 330 659 372 III.
699 346 743 386 p.
787 330 885 372 692.
936 327 987 370 C.
1031 341 1125 382 sqq.
1166 325 1248 368 IV.
1291 327 1386 369 714.

0 392 4 437 ἶ
39 392 96 435 D.
139 407 235 446 sqq.
277 390 401 446 Reip.
439 389 475 431 Ι.
516 404 558 444 p.
588 389 686 430 338.
722 387 776 429 D.
810 400 906 450 sqq.
950 385 1162 427 evertitur
1199 382 1388 438 denique

0 439 3 587 Ξ

39 449 167 491 etiam
199 448 380 501 iustitia,
410 446 608 501 adeoque
635 443 1008 501 perniciosissima
1035 441 1108 484 illa
1148 441 1385 483 communi-

38 514 109 548 tur
153 521 203 548 ac
243 510 511 561 propagatur
557 501 730 557 opinio,
780 515 866 555 qua
913 499 1087 556 plurimi
1138 498 1389 541 existimant

0 589 1 594 =
37 564 200 605 iustum
238 577 326 604 non
369 575 465 602 esse
505 567 662 601 natura
701 556 778 600 sed
816 572 934 598 more
975 563 1019 598 ct
1051 555 1387 609 consuetudine,

37 619 224 674 ideoque
256 618 476 660 fortiorem
508 622 551 658 et
582 615 870 658 robustiorem
911 613 1138 655 infirmiori
1177 614 1390 669 imperare

38 677 225 730 debere,
264 675 318 717 de
358 689 444 730 qua
481 690 522 716 v.
567 673 634 715 De
674 672 781 729 Rep.
823 671 876 712 L
900 686 943 726 p.
976 673 1074 713 338.
1107 671 1167 731 Ι).-
1196 685 1293 725 sqq.
1326 670 1389 712 ΙΙ.

36 750 78 791 p.
124 734 220 776 358.
261 733 313 777 E.
353 747 449 787 sqq.
494 729 632 787 Gorg.
671 745 710 785 p.
752 731 849 772 48‘2.
893 730 944 770 E.
987 743 1082 784 sqq.
1123 729 1220 770 483.
1251 727 1302 768 Β.
1336 727 1387 769 C.

38 793 178 848 Legg.
222 789 302 833 IV.
343 804 385 844 p.
427 789 523 830 714.
566 790 620 830 Α.
663 802 760 842 sqq.
843 786 998 840 Itaque
1040 785 1266 828 civitatum
1313 800 1389 841 ge-

37 849 214 891 neribus
263 846 464 890 omnibus
511 844 798 902 philosophus
856 842 963 885 illud
1010 843 1138 899 longe
1187 844 1389 898 superius

37 905 248 948 iudicavit
277 919 394 957 esse,
424 904 469 945 in
501 918 604 958 quo,
635 901 780 944 missis
811 901 999 958 partium
1031 900 1189 942 studiis
1219 900 1388 956 pravis-

38 978 122 1019 que
159 961 471 1018 cupiditatibus
521 960 710 1017 optimae
751 958 870 1015 leges
919 958 1093 999 valeant
1139 957 1387 1014 plurimum,

38 1034 148 1075 quae
179 1018 354 1075 quidem
383 1024 547 1060 rectam
578 1017 790 1059 rationem
819 1015 1010 1058 habeant
1040 1015 1203 1057 fontem
1234 1021 1389 1071 utpote

38 1076 237 1119 diffusam
275 1077 321 1118 in
359 1089 520 1117 omnes,
580 1075 651 1116 De
693 1088 779 1130 qua
809 1073 1027 1115 sententia
1065 1090 1105 1115 v.
1137 1072 1265 1114 etiam
1297 1071 1389 1114 Ci-

37 1149 136 1176 cer.
169 1134 310 1190 Legg.
350 1132 387 1173 I.
418 1134 458 1185 5,
490 1134 528 1173 6.
557 1132 705 1185 ibique
735 1131 1044 1172 Davisium.
1081 1136 1126 1172 et
1162 1130 1301 1185 intpp.
1334 1128 1390 1171 ad

38 1189 294 1233 Grotium
333 1190 404 1231 De
435 1189 535 1230 Iure
564 1189 678 1230 Belli
707 1203 759 1230 ac
787 1187 915 1229 Pacis
946 1187 982 1229 Ι.
1014 1203 1051 1229 c.
1090 1188 1152 1228 10.
1213 1187 1389 1229 Etenim

38 1247 147 1290 illud
187 1246 400 1304 regnandi
439 1261 576 1304 genus
632 1245 707 1287 ubi
761 1245 929 1301 vigeat,
976 1245 1036 1286 ibi
1075 1245 1129 1286 ab
1169 1244 1386 1298 omnibus,

39 1321 172 1360 quum
209 1304 522 1361 imperantibus
561 1309 654 1344 tum
692 1303 970 1359 parentibus,
1022 1308 1237 1359 perpetuo
1277 1301 1388 1343 illud

37 1378 169 1404 unum
209 1361 396 1418 spectari
436 1360 692 1414 arbitratur,
734 1359 852 1414 quod
890 1360 1053 1402 iustum
1085 1360 1158 1413 sit,
1191 1358 1390 1415 quando-

40 1418 212 1476 quidem
258 1419 537 1475 magistratus
577 1416 752 1472 quidem
791 1417 1067 1459 meminerint
1107 1431 1303 1474 semper,
1341 1431 1388 1459 se

38 1477 158 1533 ipsos
194 1491 368 1531 quoque
417 1490 504 1518 non
545 1475 691 1532 legum
740 1473 941 1517 dominos
982 1489 1078 1517 esse
1117 1473 1194 1517 sed
1241 1474 1390 1531 potius

41 1549 186 1576 earum
224 1533 443 1575 ministros
474 1538 606 1587 atque
638 1547 812 1587 servos,
852 1532 983 1574 sicuti
1022 1538 1089 1575 est
1117 1532 1260 1589 Legg.
1301 1531 1387 1574 ΙΙΙ.

40 1607 80 1647 p.
100 1592 194 1633 700.
219 1594 272 1631 A.
293 1590 374 1632 IV.
399 1590 495 1634 715.
520 1589 571 1630 Β.
594 1594 638 1631 et
666 1589 750 1631 IX.
770 1606 811 1646 p.
843 1591 938 1631 874.
970 1590 1023 1631 E.
1057 1591 1152 1631 876.
1185 1590 1238 1631 Ε.
1271 1590 1390 1632 cives

41 1653 183 1690 autem
213 1648 282 1704 pie
310 1646 644 1702 verecundeque
665 1647 718 1689 iis
739 1647 961 1701 obediant,
995 1647 1048 1688 de
1080 1662 1166 1702 quo
1200 1664 1240 1689 v.
1277 1648 1386 1704 Leg.

41 1705 120 1748 IV.
159 1721 200 1762 p.
242 1706 337 1746 715.
377 1705 434 1746 D.
480 1706 561 1746 700
594 1708 649 1746 Α.
679 1703 764 1748 ΙΧ.
794 1721 834 1761 p.
879 1706 974 1747 874.
1007 1707 1062 1747 A.
1094 1719 1190 1760 sqq.
1222 1704 1309 1746 ΙΙΙ.
1342 1720 1385 1760 p.

43 1763 136 1806 689.
180 1763 227 1804 Β.
260 1762 314 1804 al.
384 1764 530 1816 Atque
571 1761 682 1804 hanc
719 1762 861 1817 ipsam
902 1762 1167 1818 reipublicae
1205 1762 1388 1804 formam

40 1820 256 1875 propriam
289 1834 383 1861 esse
423 1819 561 1860 voluit
591 1819 756 1860 civitati
800 1819 845 1860 in
885 1820 1082 1876 Legibus
1124 1819 1388 1875 descriptae,

41 1882 91 1917 ut
129 1876 323 1931 profecto
363 1876 544 1916 multum
585 1891 609 1917 a
647 1882 767 1918 recto
808 1877 1128 1929 aberraverint,
1171 1877 1244 1932 qui
1276 1877 1389 1918 hanc

44 1938 290 1975 statuerunt
320 1946 371 1973 ex
392 1932 655 1986 monarchia,
689 1947 800 1986 quae
822 1933 982 1975 dicitur
1010 1933 1158 1990 vulgo,
1189 1933 1258 1975 vel
1278 1933 1389 1975 adeo

41 1988 273 2046 tyrannide
302 1995 432 2043 atque
485 1987 751 2030 democratia
803 2005 896 2032 esse
943 1990 1251 2046 compositam,
1302 2005 1389 2045 quo

42 2053 285 2099 commento
325 2045 430 2087 nihil
468 2045 606 2102 magis
648 2061 673 2087 a
714 2055 859 2088 mente
903 2053 946 2088 et
985 2047 1203 2089 sententia
1247 2047 1390 2104 philo-

43 2102 168 2159 sophi
209 2103 393 2144 alienum
434 2109 511 2145 est.
582 2102 815 2146 Enimvero
862 2103 935 2146 ille
981 2104 1156 2159 quidem
1203 2106 1389 2162 primum

43 2175 248 2202 summam
286 2159 454 2216 imperii
493 2159 585 2201 vult
615 2175 710 2203 esse
740 2175 874 2217 penes
913 2161 1097 2218 optimas
1134 2162 1253 2219 leges
1291 2177 1388 2220 per-

44 2217 182 2259 fectae
229 2217 409 2259 rationis
448 2222 655 2272 tanquam
714 2218 924 2271 vicarias,
977 2217 1132 2262 deinde
1170 2219 1239 2262 his
1278 2220 1388 2277 ipsis

44 2273 96 2316 ab
126 2274 324 2316 omnibus
355 2281 485 2329 atque
515 2275 684 2317 cunctis
721 2274 844 2318 iubet
872 2276 1100 2323 maximam
1139 2277 1275 2320 tribui
1313 2293 1388 2320 ve—

44 2330 318 2383 recundiam,
358 2332 645 2374 reverentiam
686 2339 729 2374 et
770 2333 1001 2389 pietatem,
1041 2345 1090 2376 ut
1127 2349 1180 2377 ne
1220 2335 1309 2377 ulla
1341 2335 1387 2377 in

46 2394 168 2443 parte
213 2388 476 2443 reipublicae
523 2405 659 2445 prava
706 2390 849 2432 studia
887 2391 1080 2433 oriantur
1128 2398 1203 2434 aut
1250 2391 1387 2434 malae

47 2444 308 2500 cupiditates
339 2460 388 2487 ae
416 2445 634 2489 lubidines
665 2447 848 2503 gliscere
878 2448 1113 2505 incipiant3
1151 2465 1283 2506 porro
1325 2449 1388 2492 le.-

47 2516 165 2557 gum1
186 2501 439 2544 tuendarum
478 2510 607 2559 atque
645 2505 981 2548 exercendarum
1019 2512 1280 2563 potestatem
1313 2506 1389 2550 de-

49 2557 113 2599 dit
151 2558 473 2614 magistratibus
504 2561 556 2603 ab
587 2561 684 2617 ipso
718 2562 881 2618 populo
908 2564 1090 2616 creatis,
1133 2564 1208 2619 qui
1237 2564 1388 2607 hacte-

48 2629 130 2656 nus
162 2615 287 2670 quasi
317 2615 501 2665 divisum
521 2633 616 2660 cum
644 2619 967 2676 magistratibus
986 2621 1118 2664 habet
1136 2622 1386 2678 imperium3

50 2670 260 2726 denique·
277 2671 574 2717 educationem
617 2682 746 2732 atque
785 2676 1058 2734 disciplinam
1091 2678 1260 2722 civilem
1293 2693 1387 2720 eam
