1612 2872
221 86 258 127 1,
639 79 1116 124 PROLEGOMENA

221 198 373 251 Itaque
401 196 608 236 hactenus
639 192 811 245 quidem
838 196 986 232 nostro
1008 197 1124 232 certe
1145 190 1306 233 iudicio
1333 205 1401 234 res
1431 191 1552 234 salva

221 261 287 294 est
322 251 512 304 nihilque
568 248 669 288 dum
705 252 945 302 repertum,
988 246 1105 300 quod
1145 246 1393 289 Aristotelis
1421 246 1552 289 fidem

221 315 264 349 et
302 307 604 348 auctoritatem
643 302 904 344 labefactare
945 309 1018 343 aut
1057 302 1295 343 convellere
1325 302 1549 353 videatur3

221 370 350 417 atque
388 362 480 416 ipse
525 358 782 400 Zellerus
823 365 975 413 postea
1012 358 1057 398 in
1095 357 1261 399 Histon
1301 358 1551 413 Philosoph.

222 418 377 459 Graec.
421 415 517 457 Vol.
556 414 616 454 11.
660 429 688 469 p
730 414 828 455 329.
867 414 1054 469 ingenue
1091 413 1314 467 professus
1344 420 1424 466 est,
1455 428 1551 455 sese

221 479 398 527 propter
436 470 564 510 huius
603 469 824 524 scriptoris
862 470 1117 524 gravitatem
1157 469 1328 510 omnino
1368 468 1422 510 de
1465 469 1550 510 Le-

220 543 320 583 gum
352 540 480 581 opere
510 525 633 566 aliter
662 531 791 579 atque
822 525 921 566 olim
943 525 1101 566 sentire
1132 524 1342 579 coepisse,
1373 530 1422 565 ut
1451 539 1551 578 pro-

219 584 333 624 tecto
363 582 517 622 mirum
547 579 739 634 accidat,
782 579 900 633 quod
937 595 1076 634 nuper
1105 578 1283 622 Succo
1300 581 1425 621 vius
1455 580 1482 621 l.
1514 594 1550 621 c.

219 653 248 692 p
292 638 385 680 118.
415 651 480 690 sq.
512 636 735 690 pristinam
777 636 869 678 eius
908 635 1163 677 sententiam
1203 641 1420 689 tamquam
1460 649 1550 676 cer-

220 693 454 735 tissimam*
480 697 524 732 et
569 691 855 733 indubitatam
902 691 1123 746 amplexus
1175 696 1254 732 est.
1331 693 1395 732 At
1440 691 1552 732 enim

219 763 338 801 vero,
369 747 591 801 inquiunt,
620 753 722 788 sunt
749 753 890 788 tamen
920 746 1168 788 Aristotelis
1201 745 1254 787 de
1291 747 1456 801 Legum
1484 746 1551 786 in—

220 804 382 847 stitutis
419 802 579 844 iudicia
616 817 814 858 magnam
860 808 1025 858 partem
1076 807 1165 842 tam
1214 802 1321 842 mira
1358 812 1402 842 et
1449 816 1551 843 vero

221 861 350 902 etiam
377 864 464 899 tam
493 858 644 911 iniqua
672 863 906 913 aperteque
931 857 1055 911 falsa,
1087 863 1138 898 ut
1165 857 1231 898 vir
1272 857 1547 899 acutissimus

220 915 418 959 Platonis
447 914 704 955 sententiam
747 920 822 954 aut
850 927 936 955 non
965 919 1226 966 assequutus
1261 927 1355 954 esse
1382 920 1458 954 aut
1486 918 1551 954 te-

221 985 334 1012 mere
362 970 619 1024 pervertisse
643 968 882 1011 censendus
908 970 979 1011 sit.
1039 969 1136 1010 Nec
1165 983 1266 1010 vero
1287 968 1436 1025 negari
1464 968 1552 1009 ullo

182 1036 185 1041 ’
219 1025 347 1068 modo
385 1030 530 1079 potest
567 1023 818 1080 Stagiritam
861 1039 948 1066 non
985 1038 1072 1065 uno
1101 1024 1197 1065 loco
1228 1039 1279 1065 ea
1302 1024 1550 1079 protulisse,

221 1096 331 1135 quae
361 1080 557 1122 Platonis
586 1086 770 1121 mentem
801 1094 852 1121 ac
883 1079 1140 1122 sententiam
1169 1079 1238 1120 vel
1266 1080 1404 1121 minus
1433 1084 1551 1121 recte

220 1137 416 1192 aperiant
452 1136 521 1177 vel
562 1135 691 1176 etiam
729 1135 929 1177 moleste·
949 1140 1196 1190 pervertant
1225 1140 1270 1176 et
1299 1134 1549 1177 deforment.

222 1191 355 1245 Quod
395 1205 539 1233 tamen
586 1191 690 1245 quid
741 1191 883 1233 valeat
935 1190 989 1232 ad
1030 1189 1330 1231 infirmandam
1358 1191 1550 1232 testimo-

219 1248 282 1290 nii
326 1247 381 1289 ab
412 1262 463 1288 eo
503 1246 556 1287 de
587 1246 783 1302 Legibus
823 1246 984 1302 proditi
1030 1246 1114 1287 vim
1154 1251 1198 1287 et
1237 1246 1551 1299 auctoritatem,

220 1302 552 1357 haudquaquam
599 1302 909 1358 intelligimus,
962 1300 1311 1356 quandoquidem
1358 1315 1551 1355 caussae,

222 1374 299 1401 cur
335 1358 573 1413 discipulus
613 1358 804 1413 magistri
839 1358 1095 1399 sententiam
1125 1356 1449 1411 reprehenderit
1476 1371 1552 1398 ne-

223 1429 307 1469 que
344 1429 513 1468 semper
551 1419 750 1455 accurate
791 1412 1067 1466 indicaverit,
1099 1414 1205 1454 satis
1235 1413 1478 1468 probabiles
1507 1413 1552 1453 in

221 1469 410 1512 medium
448 1468 591 1510 afferri
620 1477 820 1523 possunt.
877 1469 990 1511 Nam
1019 1469 1201 1523 primum
1231 1467 1402 1522 quidem
1432 1468 1553 1510 novi-

220 1540 315 1567 mus
353 1531 580 1578 utrumque
623 1524 860 1578 sapientem
899 1524 1080 1566 diversis
1122 1524 1345 1565 itineribus
1375 1523 1429 1565 ad
1457 1523 1552 1579 phi-

219 1580 444 1636 losophiae
482 1579 651 1621 laudem
682 1579 978 1633 contendisse,
1025 1579 1375 1635 quandoquidem
1405 1580 1550 1632 Plato,

221 1637 351 1679 sicuti
387 1636 433 1677 in
462 1635 606 1677 studio
646 1636 883 1690 sapientiae
913 1641 1013 1676 ante
1044 1635 1186 1677 omnia
1215 1634 1334 1676 ideas
1365 1635 1456 1676 sive
1486 1650 1550 1687 ea,

222 1706 331 1746 quae
359 1706 446 1733 una
478 1691 634 1732 mentis
665 1690 1023 1747 contemplatione
1049 1690 1352 1744 continentur,
1384 1697 1551 1746 specta-

220 1747 304 1800 vit,
348 1747 408 1788 ita
446 1747 574 1787 etiam
613 1747 657 1787 in
686 1746 928 1789 iudicandis
968 1746 1096 1788 rebus
1128 1746 1324 1788 humanis
1355 1747 1552 1787 omnibus

219 1801 409 1844 indidem
447 1803 665 1857 profectus
711 1808 798 1853 est3
847 1802 1103 1844 Aristoteles
1140 1811 1307 1855 autem,
1348 1802 1546 1855 quamvis

221 1864 266 1900 et
293 1859 387 1912 ipse
416 1857 570 1899 mentis
601 1858 736 1899 aciem
766 1857 821 1898 ad
841 1872 1005 1899 summa
1035 1863 1078 1898 et
1096 1857 1306 1898 altissima
1354 1872 1551 1912 quaeque

220 1913 450 1969 dirigeret,
487 1919 632 1954 tamen
671 1913 726 1954 ad
767 1913 1079 1968 diligentiorem
1119 1927 1259 1954 rerum
1289 1913 1552 1969 singularum

218 1969 564 2011 observationem
604 1974 648 2010 et
695 1970 1081 2024 perscrutationem
1125 1967 1373 2021 descendit,
1421 1974 1552 2022 atque

220 2024 542 2079 principiorum,
585 2038 694 2077 quae
725 2039 811 2066 una
841 2030 983 2067 mente
1012 2023 1330 2078 intelliguntur,
1361 2025 1550 2066 rationes

222 2080 363 2121 sobrie
383 2079 519 2135 magis
539 2079 796 2121 diiudicatas
818 2095 914 2122 cum
932 2079 1103 2120 infinita
1122 2093 1262 2120 rerum
1285 2079 1551 2135 singularum

223 2135 351 2189 copia
381 2149 435 2175 ex
464 2135 577 2176 vitae
603 2149 653 2176 ac
683 2141 861 2177 naturae
891 2135 1135 2191 cognitione
1166 2134 1345 2176 collecta
1374 2137 1551 2190 conjun-

222 2204 324 2245 gere
364 2196 492 2242 atque
531 2190 759 2232 conciliare
799 2197 978 2232 conatus
1022 2196 1099 2232 est.
1170 2190 1239 2231 Ex
1279 2204 1364 2244 quo
1395 2203 1550 2246 sponte

222 2245 500 2300 intelligitur,
544 2245 672 2286 etiam
710 2246 762 2287 de
801 2247 930 2289 rebus
976 2245 1173 2287 civilibus
1213 2245 1307 2287 fieri
1346 2261 1433 2287 non
1470 2262 1549 2302 po-

222 2300 358 2342 tuisse
408 2301 510 2354 quin
550 2300 785 2355 discipulus
828 2301 1042 2343 interdum
1087 2316 1185 2343 cum
1215 2302 1421 2357 magistro
1451 2317 1548 2358 ga-

222 2356 317 2409 vius
356 2354 604 2397 dissentiret
644 2363 772 2410 atque
810 2357 918 2399 adeo
957 2357 1019 2398 ita
1048 2356 1315 2410 dissentiret,
1342 2363 1391 2398 ut
1419 2371 1549 2412 saepe

222 2426 303 2453 nec
333 2425 488 2466 operae
519 2411 703 2465 pretium
735 2410 935 2465 duceret,
970 2411 1252 2453 dissentiendi
1283 2427 1457 2454 caussas
1488 2413 1549 2454 al-

222 2467 310 2509 tius
345 2472 538 2521 repetere
570 2472 613 2507 et
645 2467 838 2510 Platonis
877 2468 1084 2510 rationem
1113 2473 1248 2509 totam
1279 2475 1410 2522 atque
1439 2469 1548 2510 inte-

222 2537 342 2579 gram
384 2535 608 2578 exponere.
669 2521 756 2564 Sed
795 2530 967 2578 praeter
1002 2523 1109 2564 haec
1141 2523 1268 2564 etiam
1298 2524 1414 2565 aliud
1445 2523 1548 2578 quid

223 2584 305 2632 est,
334 2577 448 2620 unde
477 2576 659 2633 intelligi
683 2577 824 2632 liceat,
855 2595 932 2621 cur
950 2577 1207 2622 Aristoteles
1238 2578 1431 2622 Platonis
1451 2593 1547 2622 sen-
