1612 2872
258 100 332 139 192
772 97 1151 142 PLATONIS

253 228 329 268 χει.
368 214 616 266 νομοθέτης
651 210 690 254 δ’
732 210 834 266 ἡμῖν
869 212 1003 263 δόξαν
1038 218 1097 264 εὶς
1131 214 1392 259 τούναντίον
1422 214 1582 259 τούτου

263 276 499 328 καταςήσει
546 274 596 318 τὸ
643 274 798 326 σκότος
842 276 1043 335 ἀφελών,
1094 281 1166 322 καὶ
1215 284 1347 324 πείσει
1398 278 1582 335 ἁμωςγὲ-

254 360 344 391 πως
379 345 504 383 ἔθεσι
537 343 608 382 καὶ
645 345 836 392 ἐπαίνοις
871 345 941 385 καὶ
977 343 1144 399 λόγοις,
1190 343 1248 395 ὡς
1294 350 1583 404 ἐσκιαγραφη-

254 411 361 463 μένα
407 405 458 447 τά
506 405 650 447 δίκαιά
700 410 762 454 ὲςι
799 411 872 451 καὶ
907 405 1059 460 ἄδικα,
1108 409 1159 452 τὰ
1203 413 1282 465 μὲν
1324 408 1478 461 ἄδικα,
1525 413 1582 466 τῷ

254 474 332 515 τοῦ
372 473 542 513 δικαίου
573 475 777 521 ἐναντίως
809 471 1079 530 φαινόμενα,
1125 481 1170 518 ἐκ
1214 479 1293 531 μὲν
1326 476 1480 520 ἀδίκου
1514 479 1583 520 καὶ

254 538 389 579 κακοῦ
427 539 587 579 ἑαυτοῦ
625 539 910 594 θεωρούμενα
949 538 1066 592 ἡδέα,
1099 539 1153 583 τὰ
1192 544 1235 584 δὲ
1273 545 1416 585 δίκαια
1451 541 1583 594 ἀηδὲ-

255 619 393 652 ςατα,
443 608 487 644 ὲκ
532 605 576 645 δὲ
622 605 793 646 δικαίου
837 604 985 647 πάντα
1031 606 1246 650 τάναντία
1302 610 1434 651 παντὶ
1477 606 1587 666 πρὸς

254 667 504 726 ἀμφότερα.

356 734 459 776 KA.
530 735 757 776 Φαίνεται.

354 798 453 842 ΑΘ.
526 798 618 851 Τὴν
653 799 690 842 δ’
735 798 959 852 ἀλήθειαν
995 804 1073 856 τῆς
1100 807 1272 859 κρίσεως
1294 808 1484 860 ποτέραν
1515 820 1586 846 κυ-

254 868 464 919 ριωτέραν
497 864 607 907 εἶναι
640 867 812 922 φῶμεν;
850 865 1014 921 πότερα
1050 867 1131 920 τὴν
1167 870 1242 920 τῆς
1273 872 1468 924 χείρονος
1501 882 1590 928 ψυ-’

252 931 332 986 χῆς
366 926 392 981 ἢ
428 929 508 981 τὴν
544 932 621 982 τῆς
654 932 905 986 (statimne,-

360 996 461 1037 KA.
527 995 790 1050 Ἀναγκαῖόν
824 1012 911 1039 που
949 997 1032 1050 τὴν
1067 1001 1144 1051 τῆς
1177 997 1421 1054 ἀμείνονος.

357 1061 454 1103 ΑΘ.
521 1060 781 1116 Ἀναγκαῖον
816 1059 904 1118 ἄρα
941 1063 1020 1107 τὸν
1055 1063 1208 1108 ἄδικον
1226 1067 1324 1120 βίον
1360 1064 1411 1109 οὐ
1447 1063 1587 1121 μόνον

351 1212 558 1253 cap.v111.
610 1213 648 1244 Β.
698 1215 945 1256 νομοθέτης
974 1212 1008 1247 δ’
1041 1213 1136 1258 ἡμῖν
1172 1215 1321 1259 δόξαν]
1356 1219 1421 1251 Pro
1455 1215 1487 1250 δ’
1513 1215 1589 1261 ἡμῖν

256 1257 303 1288 Α.
333 1255 372 1288 Β.
403 1254 441 1288 Ω.
468 1256 525 1294 Ξ.,
551 1267 582 1289 ν.
608 1257 630 1289 f.
657 1268 703 1298 r.‚
730 1255 765 1289 δ’
789 1259 821 1291 εἰ
841 1258 897 1303 μή.
924 1279 965 1284 -
1003 1260 1037 1292 εἰ
1061 1259 1104 1302 μὴ
1137 1266 1171 1293 et
1195 1262 1227 1293 in
1252 1272 1356 1304 marg.
1385 1262 1421 1295 δὲ
1445 1262 1505 1306 τὴν
1529 1262 1587 1296 δυ’-

257 1301 335 1340 gau,
362 1301 437 1333 cod.
464 1301 494 1333 h.
543 1301 654 1334 Etiam
681 1313 786 1345 marg.
810 1305 902 1337 Flor.
931 1316 960 1337 a.
986 1317 1013 1338 e.
1041 1316 1072 1338 ο.
1099 1305 1135 1337 δὲ
1161 1304 1220 1348 τὴν
1243 1305 1358 1348 δόξαν.
1389 1308 1476 1341 Num
1501 1309 1589 1343 forte

257 1346 438 1388 legendum
464 1343 498 1377 δ’
524 1344 601 1388 ἡμῖν
624 1345 683 1388 τήν
708 1347 843 1388 δόξανζέ
871 1350 1097 1383 Hermann.
1122 1362 1208 1383 corr.
1237 1348 1326 1391 οἶμαι
1351 1363 1411 1394 pro
1438 1351 1524 1395 ἡμῖν.

349 1391 387 1423 C.
446 1387 719 1435 ἆμωςγὲπωε]
761 1394 821 1427 Sic
857 1395 982 1436 ubique
1020 1406 1097 1428 cum
1132 1397 1176 1428 A.
1215 1395 1253 1429 Ω.
1292 1399 1487 1440 scripsimus
1526 1409 1587 1441 pro

258 1432 475 1476 ἂμωςγὲπως.
502 1437 567 1468 vid.
594 1437 637 1468 ad
664 1448 695 1478 p.
722 1438 799 1473 641.
827 1439 867 1472 Ε.

349 1479 494 1512 ἄδικα·
527 1481 573 1513 τὰ
603 1482 676 1521 μὲν
706 1481 835 1516 ἄδικα
859 1484 921 1526 -J
947 1485 1060 1526 Vulgo
1094 1486 1147 1516 καὶ
1179 1490 1258 1518 ante
1283 1484 1321 1517 ιὰ
1345 1488 1401 1526 μὲν
1426 1488 1588 1521 insertum

258 1526 446 1567 legebatur.
506 1527 690 1560 Omisimus
725 1531 877 1562 voculam
914 1540 989 1562 cum
1024 1533 1062 1561 A.
1098 1527 1136 1561 Ω.
1164 1530 1201 1563 Ξ.
1234 1541 1263 1562 v.
1292 1531 1312 1562 f.
1338 1542 1363 1564 r.
1389 1544 1419 1564 a.
1444 1543 1473 1565 c.
1499 1544 1532 1565 o.
1558 1531 1587 1565 δ.

256 1570 459 1604 Proximum
485 1571 532 1612 τῷ
554 1572 673 1613 Steph.
699 1572 822 1607 abesse
847 1574 1014 1614 malebat3
1038 1574 1099 1606 sed
1125 1585 1154 1607 v.
1181 1577 1340 1617 explicat.

258 1683 324 1720 est,
349 1678 514 1712 discussis
538 1681 702 1721 tenebris,
728 1681 887 1714 iudicium

259 1734 300 1756 ea
331 1723 375 1756 de
405 1733 442 1756 re
472 1734 594 1766 regere
625 1730 659 1758 et
684 1726 728 1758 ad
753 1732 886 1759 contra-

257 1768 345 1805 rium
392 1774 613 1808 convertere,
668 1770 738 1803 imo
787 1773 888 1804 etiam

258 1813 570 1854 consuefaciendo,
595 1814 784 1857 laudando,
817 1826 889 1849 ser—

258 1858 463 1891 mocinando
490 1858 744 1901 demonstrare,
770 1861 890 1903 pleris-

956 1691 1019 1714 nec
1048 1683 1094 1725 τῷ
1117 1693 1192 1716 cum
1219 1684 1440 1726 Stephano
1471 1686 1587 1719 deien-

957 1725 1058 1766 dum,
1089 1737 1152 1760 nec
1175 1739 1252 1761 cum
1281 1731 1404 1762 Astio
1431 1740 1587 1773 σκιαγρα-

958 1768 1083 1812 φήμαιι
1121 1774 1347 1814 supplendum
1394 1786 1587 1808 censemus.

960 1816 1069 1849 Porro
1096 1816 1132 1849 ἐκ
1156 1817 1215 1857 μὲν
1238 1815 1359 1851 α’δίκου
1393 1821 1447 1852 καὶ
1480 1821 1590 1854 κακοῦ

958 1860 1183 1904 interpretor:
1208 1874 1300 1896 vom
1318 1865 1590 1908 Standpunk-

258 1913 325 1944 que
361 1903 520 1935 omnibus
561 1914 627 1936 non
667 1905 732 1937 nisi
772 1906 892 1938 adum—

257 1947 389 1980 bratam
422 1948 517 1988 quasi
551 1950 720 1990 quandam
754 1951 831 1983 iusti
859 1954 893 1983 et

259 1992 375 2025 iniusti
401 1993 583 2035 imaginem
610 1994 654 2026 ob
681 1996 800 2031 oculos
817 2006 892 2028 ver-

260 2038 342 2070 sari.
390 2037 447 2070 De
472 2039 577 2070 verbo
608 2041 896 2081 σκιαγραφεῐσθαι

260 2092 292 2114 v.
326 2082 368 2114 ad
401 2082 502 2124 Reip.
528 2083 588 2115 lx.
625 2095 658 2126 p.
682 2085 761 2120 583.
791 2086 829 2118 Β.
861 2089 894 2118 et

261 2127 441 2160 Phaedon.
476 2137 509 2170 p.
540 2128 596 2162 69.
634 2129 671 2161 Β.
705 2131 760 2163 ubi
785 2130 893 2172 Wyt-

260 2171 522 2205 tenbacbius
553 2173 656 2206 docte
693 2174 735 2207 de
767 2185 809 2207 eo
835 2185 893 2208 ex—

261 2217 420 2269 plicavit,
454 2226 517 2250 nec
548 2217 613 2250 boc
638 2219 713 2251 loco
740 2224 893 2262 praeter-

261 2271 380 2293 misso.

307 2305 347 2337 C.
391 2303 436 2337 ιά
461 2304 534 2345 μὲν
559 2304 685 2339 ἄδικα
708 2309 767 2351 -]
796 2309 894 2342 Quo-

261 2350 353 2382 niam
380 2349 548 2392 buecvper
582 2354 788 2395 epexegesin
813 2354 894 2386 sub-

261 2395 435 2434 iiciuntur,
483 2405 550 2428 non
597 2407 683 2438 opus
740 2402 796 2431 est
842 2398 895 2430 καὶ

262 2439 441 2480 particula,
467 2449 566 2480 quam
590 2442 692 2475 etiam
718 2447 894 2485 praestan-

263 2483 386 2516 tissimi
418 2483 559 2516 codices
590 2487 755 2528 ignorant.
811 2487 894 2519 Dein

265 2529 312 2571 τῷ
338 2527 401 2560 τοῦ
425 2526 560 2560 δικαίου
592 2536 662 2566 est:
695 2532 800 2564 iusti
833 2542 894 2564 ra-

264 2573 475 2613 tionibus,
501 2572 692 2617 diciturque
708 2581 747 2608 ut
771 2575 809 2608 τὸ
834 2578 893 2619 τῆς

264 2615 418 2660 εἰρήνης,
458 2622 494 2650 et
534 2620 667 2652 similia.
722 2621 892 2655 Quocirca

959 1910 1001 1938 te
1026 1907 1099 1940 des
1125 1908 1432 1948 Ungerechten
1457 1921 1489 1945 u.
1510 1911 1589 1953 36-

961 1961 1036 1983 sen
1061 1962 1150 1984 aus.
1200 1955 1294 1989 Quae
1308 1955 1543 1996 interpretatio
1562 1957 1589 1989 si

960 2006 1041 2028 vera
1074 2001 1142 2036 est,
1177 2000 1415 2039 consequitur,
1451 2004 1487 2032 ut
1510 2001 1588 2033 ἑαυ·

962 2041 1040 2079 τοῦ,
1074 2041 1163 2082 quod
1198 2042 1445 2084 Stephanus
1473 2045 1504 2077 in
1530 2043 1588 2078 ἆν-

960 2083 1110 2125 θραὶπου
1139 2090 1303 2120 mutatum
1344 2089 1520 2130 cupiebat,
1556 2092 1588 2124 in

961 2128 1070 2162 αὐτοῦ
1092 2131 1214 2163 mutari
1238 2137 1407 2174 oporteat.
1433 2133 1587 2176 Sophist.

962 2186 993 2216 p.
1026 2175 1104 2210 236.
1139 2175 1184 2207 3:
1224 2174 1260 2207 τὸ
1293 2176 1501 2217 φαινόμενον
1529 2179 1589 2220 μὲν

962 2218 1019 2252 διὰ
1049 2218 1109 2261 τὴν
1138 2218 1181 2251 ἐκ
1214 2223 1344 2254 καλοῦ
1367 2223 1456 2256 θ’έαν
1481 2225 1588 2258 ἐοικέ-

962 2276 1016 2297 ναι
1046 2266 1092 2308 τῷ
1126 2266 1225 2308 καλῷ.
1264 2268 1320 2299 ubi
1352 2267 1439 2301 bunc
1474 2271 1586 2303 iocum

961 2320 1160 2351 comparare
1224 2311 1441 2345 debebamus.
1518 2315 1587 2348 Pro

963 2355 1058 2386 παντὶ
1082 2364 1185 2396 marg.
1213 2355 1290 2388 Par.
1316 2357 1361 2389 A.
1388 2355 1510 2399 πάντῃ,
1540 2360 1586 2391 si·

962 2400 1029 2432 cuti
1061 2399 1283 2440 Stephano
1315 2402 1494 2442 legendum
1534 2404 1586 2436 vi·

961 2444 1114 2476 debatur.
1177 2443 1246 2477 Sed
1285 2446 1381 2477 παντὶ
1414 2452 1468 2481 est
1505 2449 1588 2481 uni-

961 2489 1128 2530 cuique.

1003 2533 1049 2565 D.
1098 2532 1363 2576 Νομοθέτης
1392 2535 1452 2575 δέ,
1477 2529 1527 2568 οὗ
1551 2548 1586 2567 τι

960 2578 1028 2610 καὶ
1072 2587 1129 2618 ομ.
1172 2576 1326 2619 ὄφελος
1363 2583 1427 2620 ψ]
1473 2581 1588 2613 Affert

960 2621 1041 2656 haec
1079 2622 1235 2656 Euseb.
1274 2624 1395 2666 Praep.
1424 2625 1484 2657 Er.
1509 2625 1584 2659 ΧΗ.
