1612 2872
206 115 292 159 DE
327 110 604 156 LEGIBUS
637 110 755 153 121ss.
788 109 823 153 I.
853 109 901 150 P.
934 108 1029 153 638.
1062 110 1158 154 635).
1191 108 1256 153 St.
1354 109 1407 151 85

53 238 262 295 φαίνεται
298 235 405 282 δεῖν,
444 232 586 273 ἐθέλω
624 231 760 283 λέγειν
798 243 894 282 περι
933 224 1074 271 αὐτοῦ
1108 223 1292 276 τούτου,
1331 224 1411 276 τῆς

53 306 212 358 μέθης,
248 314 526 370 πειρωμενος,
554 293 613 339 ἀν
647 293 738 350 ἄρα
777 293 977 349 δύνωμαι
1011 292 1095 346 τὴν
1129 309 1227 350 περι
1261 290 1410 335 ἁπάν-

56 386 141 412 των
193 369 281 409 τῶν
328 364 546 409 τοιούτων
592 360 747 419 ὀρθὴν
803 364 1010 416 μέθοδον
1071 359 1177 417 ἡμῖν
1226 363 1410 418 δηλοῦν,

55 434 202 486 ἐπειδὴ
248 451 319 476 και
364 434 499 487 μυρία
533 432 604 474 ἐπὶ
641 432 814 485 μυρίοις
848 432 967 483 ἕθιη
1002 430 1099 485 περὶ
1134 427 1285 473 αὐτῶν
1326 428 1413 484 ἀμ-

54 502 359 564 ᾳιςβητοῦντα
382 497 485 554 ἡμῖν
490 498 658 540 πόλεσι
680 499 798 539 δυεῖν
819 498 877 538 τῶ
913 499 1013 551 λογι
997 514 1031 538 ω
1071 495 1314 553 διαμάχοιτ’
1338 495 1412 542 ἄν.

156 570 262 612 ME.
316 568 402 609 Και
429 582 519 621 μην
542 564 582 607 εἴ
614 580 713 606 tna
751 567 904 620 ἔχομεν
938 562 1095 620 ὀρθὴν
1131 570 1289 624 σκέψιν
1325 566 1415 608 τῶν

58 634 284 685 τοιούτων,
318 633 400 678 οὐκ
439 631 719 683 ἀποκνητέον
752 630 950 674 ἀκούειν.

160 703 241 746 ΑΘ
328 697 626 759 Σκεψώμεθα
663 696 716 749 δή
755 714 815 758 πῃ
854 700 976 758 τῇδε·
1012 702 1130 756 φέρε,
1165 698 1206 742 εἴ
1242 716 1308 750 τις
1344 703 1410 743 αὶ·
1443 701 1527 744 639

57 773 145 826 γῶν
180 768 355 826 τρυφὴν
391 770 464 810 καὶ
502 763 550 810 τὸ
588 767 700 817 ζῶον
740 765 867 815 αὑτό,
887 767 1031 820 κτῆμα
1068 764 1126 816 ὡς
1146 769 1237 810 ἔστι
1260 766 1415 818 καλόν,

56 844 246 887 ἐπαινοῖ,
267 831 400 885 οὖλος
430 837 474 877 δὲ
497 851 562 883 τις
595 832 799 887 έωοακώς
833 851 907 885 αι’
910 851 964 882 ας
996 850 1129 890 χωρις
1169 837 1417 889 νειιομὲνας

59 904 245 949 αἰπόλου
282 908 328 946 ὲν
365 905 619 959 ἐωασίμοις
650 903 829 956 χωρίοις
866 899 1038 979 δρώσας
1056 899 1170 944 κακὰ
1195 903 1416 960 διαψέμι,

58 975 131 1017 καὶ
167 973 258 1015 πᾶν
278 973 461 1026 θρέμμα
498 965 699 1023 ἄναρχον
736 964 762 1020 ἢ
797 964 908 1023 μετὰ
946 969 1036 1011 τῶν
1071 970 1219 1012 κακῶν
1253 967 1416 1027 αρχόν-

150 1113 194 1146 Ε.
242 1110 338 1155 ἡμῖν
362 1109 516 1144 πόλεσι
541 1109 685 1151 δυεῖν]
714 1110 821 1142 Recte
847 1109 970 1152 steph.
996 1122 1073 1144 cum
1090 1111 1193 1144 Bass.
1221 1108 1310 1154 ἡμῖν.
1347 1111 1420 1146 Sed

61 1157 139 1200 ὑμῖν
162 1170 240 1193 cum
269 1159 357 1190 Aido
385 1158 467 1190 Par.
493 1157 540 1188 A.
555 1157 598 1189 B.
620 1154 659 1188 Ω.
684 1155 723 1190 Ξ.
750 1167 782 1188 v.
799 1157 824 1188 f.
850 1157 885 1189 h.
911 1167 938 1189 r.
966 1167 999 1190 ο.
1023 1168 1057 1189 x.
1085 1156 1125 1195 8.,
1153 1159 1249 1200 quod
1265 1158 1421 1192 Bekker.

61 1207 180 1240 Herm.
207 1210 242 1238 et
259 1204 465 1238 Schneider.
489 1207 708 1245 receperunt.
759 1203 846 1235 Dein
873 1201 968 1236 δυεῖν
991 1214 1057 1246 pro
1087 1205 1184 1247 vulg.
1210 1203 1312 1237 δυοῖν
1340 1206 1424 1239 Par.

64 1255 108 1286 A.
140 1250 185 1330 Ωύ
206 1252 241 1283 h.
269 1261 296 1282 r.
321 1261 353 1283 a.
380 1249 410 1282 δ.
439 1261 472 1282 o.
498 1260 533 1282 x.
559 1260 588 1281 z.

191 1297 304 1332 ..639
352 1295 452 1336 μετὰ
488 1298 570 1327 τῶν
606 1294 767 1337 κακῶν]
810 1295 851 1327 In
882 1294 1004 1338 Steph.
1046 1296 1113 1327 τῶν
1153 1305 1274 1328 errore
1309 1296 1420 1329 deest.

65 1345 186 1387 ltaque
216 1353 399 1386 perperam
430 1342 470 1375 C.
506 1342 564 1374 Fr.
591 1342 711 1373 Herm.
743 1341 787 1373 de
816 1351 880 1374 suo
913 1342 1011 1374 dedit
1045 1340 1128 1383 μετά
1158 1352 1262 1374 τινων
1293 1343 1422 1377 κακῶν

65 1392 155 1425 Dein
182 1391 286 1423 Voss.
314 1387 375 1421 τὸν
401 1388 562 1420 τοιοῦτον
585 1385 710 1430 ψόγοι.

65 1514 246 1557 μένους]
278 1513 376 1548 Infra
409 1523 442 1569 p.
476 1512 556 1548 641.
582 1511 627 1543 C:
654 1523 703 1543 νι-

67 1562 155 1605 κῷεν
186 1559 269 1592 τοὺς
301 1560 485 1598 πολεμίους
508 1555 704 1599 μαχόμειοι.

186 1606 267 1642 647.
302 1605 345 1638 C:
382 1605 480 1637 nativ
516 1603 570 1637 δεῖ
596 1608 706 1636 ποιεῖν

67 1653 325 1694 διαμαχόμενον.
353 1651 445 1684 Ibid.
466 1652 518 1684 D:
547 1649 704 1691 διαμεμα-

67 1713 106 1743 χη
87 1699 211 1742 ημὲιοε
257 1699 311 1731 καὶ
353 1694 548 1739 νενικηκώς.
606 1698 705 1730 Libr.

67 1747 136 1780 ΙΠ-
169 1757 204 1788 p.
234 1745 314 1780 699.
343 1744 399 1776 Β.
425 1740 473 1776 ωε·
497 1741 534 1784 ἐξ
564 1740 706 1798 ἀπόρων

69 1791 228 1834 ἐφαίνετο
278 1789 443 1833 γενέσθαι
489 1787 527 1821 τὸ
574 1791 711 1832 νικῆσαι

68 1837 293 1879 μαχομένους.
351 1836 559 1868 Andocid.
590 1835 651 1868 Or.
685 1836 710 1868 1.

71 1886 102 1926 ξ.
114 1884 201 1918 106·
193 1907 201 1915 .
219 1882 364 1924 νίκῃσατ
367 1890 420 1913 τες
434 1882 616 1922 μαχόμενοι
631 1893 690 1913 του
697 1890 714 1913 s·

74 1927 278 1971 τυράννους.
326 1928 511 1968 Lyeurg.
537 1928 618 1959 adv.
644 1928 712 1959 Le-

73 1986 145 2008 ocr.
173 1974 227 2010 7Ο.
251 1971 434 2015 μαχόμενοι
457 1973 628 2004 νικῶντες.
655 1974 716 2005 ubi

73 2034 106 2054 v.
134 2021 384 2062 Sauppium.

120 2068 163 2100 E.
213 2062 360 2106 ἐπειδὴ
387 2064 452 2096 καὶ
482 2064 618 2106 μυρία
648 2062 716 2095 ἐπὶ

73 2114 251 2156 μυρίοις
273 2110 407 2152 ἔθνη]
441 2111 715 2152 quandoqui-

76 2161 164 2192 dem
202 2157 554 2191 innumerabiles
604 2157 715 2188 nati-

77 2216 181 2238 ones
205 2206 254 2237 de
278 2205 347 2236 his
363 2204 717 2235 controversiam

78 2256 306 2284 moventes
332 2260 421 2281 cum
446 2249 622 2281 duabus
648 2259 718 2280 no-

79 2299 186 2330 stris
227 2295 494 2328 civitatibus
547 2295 717 2327 orando

79 2342 364 2375 contendent.
418 2341 622 2374 Basilius
671 2341 721 2372 M.

81 2389 136 2423 De
160 2388 300 2429 legend.
325 2387 417 2428 prof.
435 2388 596 2429 scriptor.
615 2398 648 2429 p.
666 2387 722 2420 62.

81 2435 137 2467 ed.
172 2434 287 2466 Sturz.
317 2434 420 2474 μυρία
457 2431 633 2465 παθόντες
671 2431 724 2464 ἐπὶ

83 2481 232 2520 μυρίοις.
271 2477 488 2520 Synesius
535 2480 590 2512 De
643 2489 724 2521 pro-

85 2526 219 2558 vident.
257 2535 291 2566 p.
325 2524 381 2558 41.
418 2526 472 2560 ed.
508 2526 725 2567 Krabinger:

87 2571 221 2603 πολλῶν
245 2568 283 2602 δὲ
307 2568 360 2602 ἐπὶ
375 2571 512 2604 πολλοῖς
524 2571 627 2614 μέτρα
652 2582 726 2602 ποι-

88 2615 238 2654 ούντων,
273 2617 332 2648 ubi
368 2627 400 2649 v.
442 2619 589 2650 editoris
627 2627 727 2659 prae-

89 2663 295 2697 stantissimi
319 2665 594 2696 annotationem.

139 2709 165 2742 Ρ
187 2708 269 2745 639.
305 2706 572 2750 Σκεψώμεθα
604 2708 653 2751 δή
681 2720 728 2748 πῃ

775 1510 913 1554 τῇδε·]
949 1511 1111 1544 Astius
1156 1514 1314 1545 correxit
1346 1513 1424 1555 τῇδε

773 1570 836 1599 πῃ,
861 1564 899 1590 ut
928 1562 982 1590 est
1007 1558 1071 1590 VI.
1105 1569 1137 1601 p.
1172 1559 1253 1594 767.
1279 1558 1319 1591 C.
1344 1560 1427 1593 Rei-

772 1606 854 1648 pub.
884 1605 914 1636 1.
946 1615 980 1646 p.
1011 1604 1094 1639 351.
1130 1606 1187 1638 A.
1223 1604 1358 1648 Cratyl.
1389 1618 1424 1649 p.

772 1652 855 1686 410.
887 1651 926 1683 Β.
954 1649 1112 1692 Sophist.
1137 1663 1172 1694 p.
1189 1652 1272 1686 229.
1299 1652 1341 1685 Β.
1359 1654 1425 1685 Al-

775 1698 903 1731 cibiad.
930 1696 979 1728 11.
1012 1708 1046 1740 p.
1080 1697 1160 1732 139.
1198 1698 1245 1730 D.
1277 1699 1425 1742 Dialog.

779 1745 828 1777 De
853 1746 949 1775 iusto
975 1753 1010 1784 p.
1035 1744 1115 1778 372.
1140 1745 1183 1776 E.
1213 1744 1269 1777 De
1295 1746 1427 1778 virtute

778 1802 810 1832 p.
837 1789 917 1824 378.
946 1789 986 1821 C.
1017 1790 1062 1826 al.
1120 1789 1196 1823 Nec
1237 1796 1355 1824 tamen
1384 1793 1427 1825 li-

780 1837 924 1869 brorum
933 1836 1143 1878 scripturam
1158 1842 1293 1870 mutare
1303 1839 1428 1870 ausim.

828 1882 951 1923 φέρε,
978 1883 1020 1914 εἴ
1039 1882 1332 1926 τιςαίγιῦν-]
1357 1885 1428 1916 Lo-

783 1938 860 1959 cum
871 1929 1096 1969 exscripsitE
1107 1939 1153 1960 us
1163 1939 1182 1960 e
1190 1929 1211 1959 b
1221 1929 1232 1961 i
1243 1940 1264 1960 ιι
1274 1940 1290 1961 s
1303 1930 1429 1972 Praep.

782 1974 850 2005 Ev.
876 1973 964 2004 XII·
997 1985 1031 2015 p·
1062 1975 1142 2008 609.
1168 1974 1208 2006 C.
1234 1979 1270 2007 et
1293 1976 1430 2008 Theo-

784 2020 970 2051 doretus
995 2019 1149 2062 Therap.
1177 2019 1291 2053 Sei-m.
1315 2021 1365 2054 11.
1396 2033 1429 2064 p.

784 2064 866 2099 688.
886 2065 932 2096 A.
948 2065 989 2096 B.
1014 2065 1071 2097 Ex
1087 2066 1244 2098 Eusebio
1269 2067 1429 2100 Boe-ck-

785 2112 884 2143 hius
908 2112 1047 2143 censuit
1075 2123 1139 2154 pro
1181 2109 1347 2155 ἡγώμεθα
1376 2124 1431 2147 re-

786 2157 1010 2190 scribendum
1034 2168 1112 2191 esse
1137 2155 1332 2201 ἡγούμεθα,
1347 2169 1430 2203 pro-

787 2209 907 2245 pterea
939 2204 1034 2244 quod
1066 2205 1299 2247 praecedente
1330 2211 1430 2249 opta-

787 2250 861 2282 tivo
903 2250 1077 2290 pendente
1114 2261 1137 2283 a
1174 2253 1348 2294 particula
1387 2252 1429 2293 εἰ,

788 2306 858 2328 non
883 2296 1055 2328 inferatur
1079 2298 1323 2332 coniunctivns
1355 2310 1434 2332 cum

793 2342 919 2374 vocula
942 2339 996 2380 ἄν,
1021 2343 1084 2375 sed
1108 2348 1170 2376 aut
1198 2346 1313 2378 nudus
1342 2346 1433 2378 indi-

793 2389 929 2420 cativus
969 2394 1032 2420 aut
1074 2391 1252 2432 optativus
1287 2393 1436 2424 voculae

793 2431 836 2466 ἄν
866 2434 1018 2467 iunctus.
1072 2435 1179 2469 Recte
1212 2448 1311 2470 vero.
1359 2438 1437 2470 Nec

793 2486 910 2512 tamen
933 2481 1015 2513 iude
1040 2485 1291 2524 consequitur,
1316 2489 1356 2516 ut
1378 2484 1437 2516 hic

793 2527 929 2568 aliquid
946 2527 1024 2560 loco
1038 2530 1252 2562 movendum
1266 2531 1324 2562 sit.
1344 2530 1437 2563 Nam

794 2573 963 2626 apodosis
986 2574 1080 2607 inest
1096 2576 1134 2607 in
1148 2575 1249 2617 ψέξαι
1273 2574 1326 2614 ἄν,
1342 2576 1439 2631 quod

797 2620 906 2651 vicem
930 2620 1084 2653 sustinet
1114 2622 1264 2663 optativi
1290 2633 1368 2655 cum
1395 2619 1438 2653 ἄν

797 2665 986 2698 coniuncti.
1032 2667 1086 2700 Ea
1123 2673 1240 2700 autem
1270 2668 1440 2710 apodosis

797 2720 967 2752 suspensa
991 2717 1044 2745 est
1077 2723 1119 2745 ex
1148 2709 1331 2756 ἧγωμεθα
1358 2722 1440 2746 con-
