<?xml version="1.0" encoding="UTF-8"?>
<!DOCTYPE html PUBLIC "-//W3C//DTD XHTML 1.0 Transitional//EN"
    "http://www.w3.org/TR/xhtml1/DTD/xhtml1-transitional.dtd">
<html xmlns="http://www.w3.org/1999/xhtml" xml:lang="en" lang="en">
 <head>
  <title>
</title>
<meta http-equiv="Content-Type" content="text/html;charset=utf-8" />
  <meta name='ocr-system' content='tesseract 3.04.00' />
  <meta name='ocr-capabilities' content='ocr_page ocr_carea ocr_par ocr_line ocrx_word'/>
</head>
<body>
  <div class='ocr_page' id='page_1' title='image "./s1operaomniarece10platuoft_0187.png"; bbox 0 0 1612 2872; ppageno 0'>
   <div class='ocr_carea' id='block_1_1' title="bbox 527 70 1402 119">
    <p class='ocr_par' dir='ltr' id='par_1_1' title="bbox 527 70 1402 119">
     <span class='ocr_line' id='line_1_1' title="bbox 527 70 1402 119; baseline -0.005 -1"><span class='ocrx_word' id='word_1_1' title='bbox 527 74 699 119; x_wconf 80' lang='lat' dir='ltr'>LIBRI</span> <span class='ocrx_word' id='word_1_2' title='bbox 731 70 927 119; x_wconf 86' lang='lat' dir='ltr'><strong>PRIMI.</strong></span> <span class='ocrx_word' id='word_1_3' title='bbox 942 72 944 81; x_wconf 69' lang='lat'>¹</span> <span class='ocrx_word' id='word_1_4' title='bbox 1379 74 1402 114; x_wconf 86' lang='lat'><strong>7</strong></span> 
     </span>
    </p>
   </div>
   <div class='ocr_carea' id='block_1_2' title="bbox 48 186 1467 2599">
    <p class='ocr_par' dir='ltr' id='par_1_2' title="bbox 48 186 1467 1853">
     <span class='ocr_line' id='line_1_2' title="bbox 50 186 1402 261; baseline -0.005 -27"><span class='ocrx_word' id='word_1_5' title='bbox 50 193 186 235; x_wconf 79' lang='lat' dir='ltr'><strong>virtus</strong></span> <span class='ocrx_word' id='word_1_6' title='bbox 227 191 423 261; x_wconf 65' lang='lat' dir='ltr'><strong>perfecta</strong></span> <span class='ocrx_word' id='word_1_7' title='bbox 462 191 653 246; x_wconf 69' lang='lat' dir='ltr'><strong>iustitia,⁴</strong></span> <span class='ocrx_word' id='word_1_8' title='bbox 691 204 821 246; x_wconf 88' lang='lat' dir='ltr'><strong>quam</strong></span> <span class='ocrx_word' id='word_1_9' title='bbox 851 187 1035 249; x_wconf 87' lang='lat' dir='ltr'><strong>eandem</strong></span> <span class='ocrx_word' id='word_1_10' title='bbox 1063 186 1291 243; x_wconf 86' lang='lat' dir='ltr'>Theognis</span> <span class='ocrx_word' id='word_1_11' title='bbox 1323 199 1402 244; x_wconf 46' lang='lat' dir='ltr'><strong>apf</strong></span> 
     </span>
     <span class='ocr_line' id='line_1_3' title="bbox 48 245 1404 306; baseline -0.004 -14"><span class='ocrx_word' id='word_1_12' title='bbox 48 249 183 306; x_wconf 87' lang='lat' dir='ltr'><strong>pellat</strong></span> <span class='ocrx_word' id='word_1_13' title='bbox 219 247 351 291; x_wconf 69' lang='lat' dir='ltr'><strong>fidem</strong></span> <span class='ocrx_word' id='word_1_14' title='bbox 397 249 526 292; x_wconf 85' lang='lat' dir='ltr'><strong>etiam</strong></span> <span class='ocrx_word' id='word_1_15' title='bbox 564 248 610 290; x_wconf 89' lang='lat' dir='ltr'><strong>in</strong></span> <span class='ocrx_word' id='word_1_16' title='bbox 652 247 920 305; x_wconf 84' lang='lat' dir='ltr'><strong>gravissimis</strong></span> <span class='ocrx_word' id='word_1_17' title='bbox 962 245 1138 302; x_wconf 84' lang='lat' dir='ltr'><strong>casibus</strong></span> <span class='ocrx_word' id='word_1_18' title='bbox 1166 249 1404 287; x_wconf 65' lang='lat' dir='ltr'><strong>certamet</strong></span> 
     </span>
     <span class='ocr_line' id='line_1_4' title="bbox 49 301 1401 362; baseline -0.004 -13"><span class='ocrx_word' id='word_1_19' title='bbox 49 312 332 350; x_wconf 77' lang='lat' dir='ltr'><strong>constantem.</strong></span> <span class='ocrx_word' id='word_1_20' title='bbox 408 305 495 349; x_wconf 92' lang='lat' dir='ltr'><strong>Cui</strong></span> <span class='ocrx_word' id='word_1_21' title='bbox 532 304 708 362; x_wconf 85' lang='lat' dir='ltr'><strong>quidem</strong></span> <span class='ocrx_word' id='word_1_22' title='bbox 744 305 944 347; x_wconf 84' lang='lat' dir='ltr'><strong>iustitiae</strong></span> <span class='ocrx_word' id='word_1_23' title='bbox 977 301 1188 346; x_wconf 83' lang='lat' dir='ltr'><strong>fortitudo</strong></span> <span class='ocrx_word' id='word_1_24' title='bbox 1226 301 1401 357; x_wconf 88' lang='lat' dir='ltr'><strong>bellica,</strong></span> 
     </span>
     <span class='ocr_line' id='line_1_5' title="bbox 49 359 1403 421; baseline -0.004 -15"><span class='ocrx_word' id='word_1_25' title='bbox 49 379 74 406; x_wconf 84' lang='lat' dir='ltr'><strong>a</strong></span> <span class='ocrx_word' id='word_1_26' title='bbox 114 363 306 421; x_wconf 86' lang='lat' dir='ltr'><strong>Tyrtaeo</strong></span> <span class='ocrx_word' id='word_1_27' title='bbox 344 363 547 406; x_wconf 83' lang='lat' dir='ltr'>laudibus</span> <span class='ocrx_word' id='word_1_28' title='bbox 585 362 830 416; x_wconf 86' lang='lat' dir='ltr'><strong>celebrata,</strong></span> <span class='ocrx_word' id='word_1_29' title='bbox 861 361 983 404; x_wconf 88' lang='lat' dir='ltr'><strong>nullo</strong></span> <span class='ocrx_word' id='word_1_30' title='bbox 1025 359 1155 403; x_wconf 90' lang='lat' dir='ltr'><strong>modo</strong></span> <span class='ocrx_word' id='word_1_31' title='bbox 1194 359 1403 416; x_wconf 85' lang='lat' dir='ltr'><strong>aequipa-</strong></span> 
     </span>
     <span class='ocr_line' id='line_1_6' title="bbox 48 418 1404 478; baseline -0.004 -14"><span class='ocrx_word' id='word_1_32' title='bbox 48 421 186 463; x_wconf 88' lang='lat' dir='ltr'><strong>randa</strong></span> <span class='ocrx_word' id='word_1_33' title='bbox 217 427 306 476; x_wconf 89' lang='lat' dir='ltr'><strong>est,</strong></span> <span class='ocrx_word' id='word_1_34' title='bbox 338 421 501 478; x_wconf 91' lang='lat' dir='ltr'><strong>quippe</strong></span> <span class='ocrx_word' id='word_1_35' title='bbox 533 434 644 476; x_wconf 86' lang='lat' dir='ltr'><strong>quae</strong></span> <span class='ocrx_word' id='word_1_36' title='bbox 673 419 719 461; x_wconf 88' lang='lat' dir='ltr'><strong>in</strong></span> <span class='ocrx_word' id='word_1_37' title='bbox 749 418 961 461; x_wconf 82' lang='lat' dir='ltr'><strong>virtutum</strong></span> <span class='ocrx_word' id='word_1_38' title='bbox 990 430 1170 460; x_wconf 78' lang='lat' dir='ltr'><strong>numero</strong></span> <span class='ocrx_word' id='word_1_39' title='bbox 1201 423 1404 471; x_wconf 83' lang='lat' dir='ltr'><strong>quartum</strong></span> 
     </span>
     <span class='ocr_line' id='line_1_7' title="bbox 49 474 1408 532; baseline -0.002 -11"><span class='ocrx_word' id='word_1_40' title='bbox 49 478 222 521; x_wconf 89' lang='lat' dir='ltr'><strong>demum</strong></span> <span class='ocrx_word' id='word_1_41' title='bbox 250 478 394 521; x_wconf 90' lang='lat' dir='ltr'><strong>locum</strong></span> <span class='ocrx_word' id='word_1_42' title='bbox 423 477 507 521; x_wconf 86' lang='lat' dir='ltr'>sibi</span> <span class='ocrx_word' id='word_1_43' title='bbox 526 476 746 519; x_wconf 81' lang='lat' dir='ltr'><strong>vindicare</strong></span> <span class='ocrx_word' id='word_1_44' title='bbox 775 481 934 532; x_wconf 87' lang='lat' dir='ltr'><strong>potest.</strong></span> <span class='ocrx_word' id='word_1_45' title='bbox 995 474 1288 529; x_wconf 84' lang='lat' dir='ltr'><strong>Quamobrem</strong></span> <span class='ocrx_word' id='word_1_46' title='bbox 1317 489 1408 518; x_wconf 91' lang='lat' dir='ltr'><strong>non</strong></span> 
     </span>
     <span class='ocr_line' id='line_1_8' title="bbox 51 531 1405 590; baseline -0.003 -11"><span class='ocrx_word' id='word_1_47' title='bbox 51 542 119 579; x_wconf 84' lang='lat' dir='ltr'><strong>est</strong></span> <span class='ocrx_word' id='word_1_48' title='bbox 156 534 363 578; x_wconf 82' lang='lat' dir='ltr'><strong>credibile</strong></span> <span class='ocrx_word' id='word_1_49' title='bbox 407 535 602 577; x_wconf 62' lang='lat' dir='ltr'><strong>Minosm</strong></span> <span class='ocrx_word' id='word_1_50' title='bbox 649 539 726 576; x_wconf 87' lang='lat' dir='ltr'><strong>aut</strong></span> <span class='ocrx_word' id='word_1_51' title='bbox 771 534 1027 590; x_wconf 83' lang='lat' dir='ltr'><strong>Lycurgum</strong></span> <span class='ocrx_word' id='word_1_52' title='bbox 1081 533 1125 574; x_wconf 93' lang='lat' dir='ltr'><strong>in</strong></span> <span class='ocrx_word' id='word_1_53' title='bbox 1162 531 1405 576; x_wconf 80' lang='lat' dir='ltr'><strong>condendis</strong></span> 
     </span>
     <span class='ocr_line' id='line_1_9' title="bbox 48 586 1404 650; baseline -0.001 -15"><span class='ocrx_word' id='word_1_54' title='bbox 48 593 219 650; x_wconf 87' lang='lat' dir='ltr'><strong>legibus</strong></span> <span class='ocrx_word' id='word_1_55' title='bbox 239 592 330 635; x_wconf 89' lang='lat' dir='ltr'><strong>suis</strong></span> <span class='ocrx_word' id='word_1_56' title='bbox 349 592 462 634; x_wconf 86' lang='lat' dir='ltr'><strong>hanc</strong></span> <span class='ocrx_word' id='word_1_57' title='bbox 481 606 612 634; x_wconf 85' lang='lat' dir='ltr'><strong>unam</strong></span> <span class='ocrx_word' id='word_1_58' title='bbox 629 590 903 647; x_wconf 88' lang='lat' dir='ltr'><strong>potissimum</strong></span> <span class='ocrx_word' id='word_1_59' title='bbox 925 586 981 632; x_wconf 91' lang='lat' dir='ltr'><strong>ob</strong></span> <span class='ocrx_word' id='word_1_60' title='bbox 1013 589 1165 632; x_wconf 87' lang='lat' dir='ltr'><strong>oculos</strong></span> <span class='ocrx_word' id='word_1_61' title='bbox 1183 588 1404 633; x_wconf 81' lang='lat' dir='ltr'><strong>habuisse.</strong></span> 
     </span>
     <span class='ocr_line' id='line_1_10' title="bbox 48 647 1406 704; baseline -0.002 -11"><span class='ocrx_word' id='word_1_62' title='bbox 48 650 144 693; x_wconf 89' lang='lat' dir='ltr'><strong>Imo</strong></span> <span class='ocrx_word' id='word_1_63' title='bbox 181 649 245 691; x_wconf 90' lang='lat' dir='ltr'><strong>illi</strong></span> <span class='ocrx_word' id='word_1_64' title='bbox 284 648 491 692; x_wconf 77' lang='lat' dir='ltr'><strong>censendi</strong></span> <span class='ocrx_word' id='word_1_65' title='bbox 532 654 636 691; x_wconf 88' lang='lat' dir='ltr'><strong>sunt</strong></span> <span class='ocrx_word' id='word_1_66' title='bbox 673 663 761 690; x_wconf 90' lang='lat' dir='ltr'><strong>non</strong></span> <span class='ocrx_word' id='word_1_67' title='bbox 799 653 969 704; x_wconf 90' lang='lat' dir='ltr'><strong>partem</strong></span> <span class='ocrx_word' id='word_1_68' title='bbox 1008 647 1197 701; x_wconf 77' lang='lat' dir='ltr'><strong>aliquam</strong></span> <span class='ocrx_word' id='word_1_69' title='bbox 1229 647 1406 690; x_wconf 85' lang='lat' dir='ltr'><strong>virtutis</strong></span> 
     </span>
     <span class='ocr_line' id='line_1_11' title="bbox 49 704 1407 762; baseline -0.001 -13"><span class='ocrx_word' id='word_1_70' title='bbox 49 721 230 762; x_wconf 88' lang='lat' dir='ltr'><strong>eamque</strong></span> <span class='ocrx_word' id='word_1_71' title='bbox 259 707 480 762; x_wconf 88' lang='lat' dir='ltr'><strong>leviorem,</strong></span> <span class='ocrx_word' id='word_1_72' title='bbox 512 705 591 749; x_wconf 90' lang='lat' dir='ltr'><strong>sed</strong></span> <span class='ocrx_word' id='word_1_73' title='bbox 620 712 757 748; x_wconf 83' lang='lat' dir='ltr'><strong>totam</strong></span> <span class='ocrx_word' id='word_1_74' title='bbox 786 710 918 760; x_wconf 90' lang='lat' dir='ltr'><strong>atque</strong></span> <span class='ocrx_word' id='word_1_75' title='bbox 953 704 1170 761; x_wconf 83' lang='lat' dir='ltr'><strong>integram</strong></span> <span class='ocrx_word' id='word_1_76' title='bbox 1199 704 1407 747; x_wconf 87' lang='lat' dir='ltr'><strong>virtutem</strong></span> 
     </span>
     <span class='ocr_line' id='line_1_12' title="bbox 50 761 1406 821; baseline -0.002 -14"><span class='ocrx_word' id='word_1_77' title='bbox 50 764 254 807; x_wconf 84' lang='lat' dir='ltr'><strong>habuisse</strong></span> <span class='ocrx_word' id='word_1_78' title='bbox 281 764 573 821; x_wconf 83' lang='lat' dir='ltr'><strong>propositam,</strong></span> <span class='ocrx_word' id='word_1_79' title='bbox 606 769 737 818; x_wconf 86' lang='lat' dir='ltr'><strong>atque</strong></span> <span class='ocrx_word' id='word_1_80' title='bbox 766 762 888 820; x_wconf 87' lang='lat' dir='ltr'><strong>leges</strong></span> <span class='ocrx_word' id='word_1_81' title='bbox 918 775 1022 805; x_wconf 89' lang='lat' dir='ltr'><strong>suas</strong></span> <span class='ocrx_word' id='word_1_82' title='bbox 1051 775 1139 803; x_wconf 92' lang='lat' dir='ltr'><strong>non</strong></span> <span class='ocrx_word' id='word_1_83' title='bbox 1169 761 1406 818; x_wconf 83' lang='lat' dir='ltr'><strong>particula-</strong></span> 
     </span>
     <span class='ocr_line' id='line_1_13' title="bbox 49 818 1406 876; baseline -0.002 -12"><span class='ocrx_word' id='word_1_84' title='bbox 49 822 151 876; x_wconf 83' lang='lat' dir='ltr'><strong>tim,</strong></span> <span class='ocrx_word' id='word_1_85' title='bbox 194 827 242 864; x_wconf 85' lang='lat' dir='ltr'><strong>ut</strong></span> <span class='ocrx_word' id='word_1_86' title='bbox 268 821 402 864; x_wconf 88' lang='lat' dir='ltr'><strong>hodie</strong></span> <span class='ocrx_word' id='word_1_87' title='bbox 430 821 527 863; x_wconf 87' lang='lat' dir='ltr'><strong>fieri</strong></span> <span class='ocrx_word' id='word_1_88' title='bbox 557 820 735 874; x_wconf 86' lang='lat' dir='ltr'><strong>assolet,</strong></span> <span class='ocrx_word' id='word_1_89' title='bbox 765 818 843 862; x_wconf 89' lang='lat' dir='ltr'><strong>sed</strong></span> <span class='ocrx_word' id='word_1_90' title='bbox 874 819 1023 875; x_wconf 86' lang='lat' dir='ltr'><strong>potius</strong></span> <span class='ocrx_word' id='word_1_91' title='bbox 1053 818 1295 876; x_wconf 74' lang='lat' dir='ltr'><strong>generatim</strong></span> <span class='ocrx_word' id='word_1_92' title='bbox 1328 818 1406 861; x_wconf 90' lang='lat' dir='ltr'><strong>de-</strong></span> 
     </span>
     <span class='ocr_line' id='line_1_14' title="bbox 51 875 1407 936; baseline -0.001 -14"><span class='ocrx_word' id='word_1_93' title='bbox 51 878 283 936; x_wconf 83' lang='lat' dir='ltr'><strong>scripsisse</strong></span> <span class='ocrx_word' id='word_1_94' title='bbox 320 881 384 936; x_wconf 90' lang='lat' dir='ltr'><strong>(p.</strong></span> <span class='ocrx_word' id='word_1_95' title='bbox 423 879 520 920; x_wconf 78' lang='lat'><strong>628.</strong></span> <span class='ocrx_word' id='word_1_96' title='bbox 552 877 695 920; x_wconf 52' lang='lat' dir='ltr'><strong>D.&gt;-</strong></span> <span class='ocrx_word' id='word_1_97' title='bbox 727 878 824 920; x_wconf 84' lang='lat'><strong>630.</strong></span> <span class='ocrx_word' id='word_1_98' title='bbox 864 877 953 933; x_wconf 84' lang='lat' dir='ltr'>E.).</span> <span class='ocrx_word' id='word_1_99' title='bbox 986 899 1038 908; x_wconf 89' lang='lat'><strong>—-</strong></span> <span class='ocrx_word' id='word_1_100' title='bbox 1099 875 1322 930; x_wconf 82' lang='lat' dir='ltr'><strong>Quocirca</strong></span> <span class='ocrx_word' id='word_1_101' title='bbox 1351 876 1407 920; x_wconf 89' lang='lat' dir='ltr'><strong>de</strong></span> 
     </span>
     <span class='ocr_line' id='line_1_15' title="bbox 50 932 1409 979; baseline -0.002 0"><span class='ocrx_word' id='word_1_102' title='bbox 50 937 255 979; x_wconf 83' lang='lat' dir='ltr'><strong>universa</strong></span> <span class='ocrx_word' id='word_1_103' title='bbox 291 950 342 978; x_wconf 82' lang='lat' dir='ltr'><strong>re</strong></span> <span class='ocrx_word' id='word_1_104' title='bbox 377 936 440 979; x_wconf 85' lang='lat' dir='ltr'><strong>sic</strong></span> <span class='ocrx_word' id='word_1_105' title='bbox 479 934 655 978; x_wconf 84' lang='lat' dir='ltr'><strong>videtur</strong></span> <span class='ocrx_word' id='word_1_106' title='bbox 689 949 785 978; x_wconf 90' lang='lat' dir='ltr'><strong>esse</strong></span> <span class='ocrx_word' id='word_1_107' title='bbox 822 933 1117 978; x_wconf 81' lang='lat' dir='ltr'><strong>statuendum.</strong></span> <span class='ocrx_word' id='word_1_108' title='bbox 1199 932 1409 977; x_wconf 86' lang='lat' dir='ltr'><strong>Cernitur</strong></span> 
     </span>
     <span class='ocr_line' id='line_1_16' title="bbox 49 991 1409 1051; baseline -0.002 -15"><span class='ocrx_word' id='word_1_109' title='bbox 49 1009 218 1037; x_wconf 84' lang='lat' dir='ltr'><strong>summa</strong></span> <span class='ocrx_word' id='word_1_110' title='bbox 253 994 399 1051; x_wconf 87' lang='lat' dir='ltr'><strong>legum</strong></span> <span class='ocrx_word' id='word_1_111' title='bbox 439 993 578 1036; x_wconf 83' lang='lat' dir='ltr'><strong>virtus</strong></span> <span class='ocrx_word' id='word_1_112' title='bbox 626 992 900 1046; x_wconf 81' lang='lat' dir='ltr'><strong>maximaque</strong></span> <span class='ocrx_word' id='word_1_113' title='bbox 949 992 1219 1049; x_wconf 83' lang='lat' dir='ltr'><strong>praestantia</strong></span> <span class='ocrx_word' id='word_1_114' title='bbox 1254 991 1409 1048; x_wconf 88' lang='lat' dir='ltr'><strong>procul</strong></span> 
     </span>
     <span class='ocr_line' id='line_1_17' title="bbox 50 1049 1409 1107; baseline -0.001 -14"><span class='ocrx_word' id='word_1_115' title='bbox 50 1051 184 1094; x_wconf 88' lang='lat' dir='ltr'><strong>dubio</strong></span> <span class='ocrx_word' id='word_1_116' title='bbox 223 1051 268 1093; x_wconf 89' lang='lat' dir='ltr'><strong>in</strong></span> <span class='ocrx_word' id='word_1_117' title='bbox 299 1066 374 1105; x_wconf 91' lang='lat' dir='ltr'><strong>eo,</strong></span> <span class='ocrx_word' id='word_1_118' title='bbox 416 1056 466 1093; x_wconf 90' lang='lat' dir='ltr'><strong>ut</strong></span> <span class='ocrx_word' id='word_1_119' title='bbox 504 1065 615 1105; x_wconf 90' lang='lat' dir='ltr'><strong>quae</strong></span> <span class='ocrx_word' id='word_1_120' title='bbox 653 1050 762 1107; x_wconf 90' lang='lat' dir='ltr'><strong>ipsis</strong></span> <span class='ocrx_word' id='word_1_121' title='bbox 792 1056 938 1092; x_wconf 77' lang='lat' dir='ltr'><strong>utatur</strong></span> <span class='ocrx_word' id='word_1_122' title='bbox 967 1049 1147 1102; x_wconf 84' lang='lat' dir='ltr'><strong>civitas,</strong></span> <span class='ocrx_word' id='word_1_123' title='bbox 1187 1064 1281 1091; x_wconf 90' lang='lat' dir='ltr'><strong>eam</strong></span> <span class='ocrx_word' id='word_1_124' title='bbox 1312 1049 1409 1092; x_wconf 87' lang='lat' dir='ltr'><strong>fel-i-</strong></span> 
     </span>
     <span class='ocr_line' id='line_1_18' title="bbox 51 1104 1410 1162; baseline -0.002 -10"><span class='ocrx_word' id='word_1_125' title='bbox 51 1124 146 1152; x_wconf 88' lang='lat' dir='ltr'><strong>cem</strong></span> <span class='ocrx_word' id='word_1_126' title='bbox 185 1114 230 1151; x_wconf 87' lang='lat' dir='ltr'><strong>et</strong></span> <span class='ocrx_word' id='word_1_127' title='bbox 270 1109 443 1151; x_wconf 82' lang='lat' dir='ltr'><strong>beatam</strong></span> <span class='ocrx_word' id='word_1_128' title='bbox 484 1107 703 1162; x_wconf 86' lang='lat' dir='ltr'><strong>efficiant,</strong></span> <span class='ocrx_word' id='word_1_129' title='bbox 764 1104 867 1149; x_wconf 92' lang='lat' dir='ltr'><strong>dum</strong></span> <span class='ocrx_word' id='word_1_130' title='bbox 911 1106 951 1149; x_wconf 90' lang='lat' dir='ltr'><strong>ei</strong></span> <span class='ocrx_word' id='word_1_131' title='bbox 990 1106 1295 1162; x_wconf 86' lang='lat' dir='ltr'><strong>impertiantur</strong></span> <span class='ocrx_word' id='word_1_132' title='bbox 1333 1106 1410 1149; x_wconf 89' lang='lat' dir='ltr'><strong>illa</strong></span> 
     </span>
     <span class='ocr_line' id='line_1_19' title="bbox 53 1163 1408 1221; baseline -0.001 -14"><span class='ocrx_word' id='word_1_133' title='bbox 53 1166 168 1208; x_wconf 86' lang='lat' dir='ltr'><strong>bona</strong></span> <span class='ocrx_word' id='word_1_134' title='bbox 217 1166 383 1220; x_wconf 88' lang='lat' dir='ltr'><strong>omnia,</strong></span> <span class='ocrx_word' id='word_1_135' title='bbox 437 1180 623 1220; x_wconf 90' lang='lat' dir='ltr'><strong>quorum</strong></span> <span class='ocrx_word' id='word_1_136' title='bbox 672 1170 828 1207; x_wconf 86' lang='lat' dir='ltr'><strong>natura</strong></span> <span class='ocrx_word' id='word_1_137' title='bbox 876 1179 956 1206; x_wconf 88' lang='lat' dir='ltr'><strong>sua</strong></span> <span class='ocrx_word' id='word_1_138' title='bbox 995 1178 1134 1221; x_wconf 83' lang='lat' dir='ltr'><strong>capax</strong></span> <span class='ocrx_word' id='word_1_139' title='bbox 1180 1163 1408 1207; x_wconf 84' lang='lat' dir='ltr'><strong>habeatur.</strong></span> 
     </span>
     <span class='ocr_line' id='line_1_20' title="bbox 53 1220 1410 1279; baseline -0.001 -14"><span class='ocrx_word' id='word_1_140' title='bbox 53 1222 168 1267; x_wconf 85' lang='lat' dir='ltr'><strong>Sunt</strong></span> <span class='ocrx_word' id='word_1_141' title='bbox 216 1229 359 1265; x_wconf 89' lang='lat' dir='ltr'><strong>autem</strong></span> <span class='ocrx_word' id='word_1_142' title='bbox 407 1221 494 1265; x_wconf 89' lang='lat' dir='ltr'><strong>duo</strong></span> <span class='ocrx_word' id='word_1_143' title='bbox 549 1222 762 1265; x_wconf 91' lang='lat' dir='ltr'><strong>bonorum</strong></span> <span class='ocrx_word' id='word_1_144' title='bbox 810 1236 991 1279; x_wconf 86' lang='lat' dir='ltr'><strong>genera,</strong></span> <span class='ocrx_word' id='word_1_145' title='bbox 1052 1220 1410 1277; x_wconf 87' lang='lat' dir='ltr'><strong>quandoquidem</strong></span> 
     </span>
     <span class='ocr_line' id='line_1_21' title="bbox 53 1278 1410 1335; baseline -0.001 -13"><span class='ocrx_word' id='word_1_146' title='bbox 53 1279 137 1322; x_wconf 83' lang='lat' dir='ltr'><strong>alia</strong></span> <span class='ocrx_word' id='word_1_147' title='bbox 177 1287 280 1323; x_wconf 89' lang='lat' dir='ltr'><strong>sunt</strong></span> <span class='ocrx_word' id='word_1_148' title='bbox 321 1279 492 1335; x_wconf 59' lang='lat' dir='ltr'><strong>divin-a,</strong></span> <span class='ocrx_word' id='word_1_149' title='bbox 534 1279 620 1322; x_wconf 89' lang='lat' dir='ltr'><strong>alia</strong></span> <span class='ocrx_word' id='word_1_150' title='bbox 664 1278 877 1330; x_wconf 80' lang='lat' dir='ltr'><strong>humana3</strong></span> <span class='ocrx_word' id='word_1_151' title='bbox 920 1294 974 1321; x_wconf 87' lang='lat' dir='ltr'><strong>ex</strong></span> <span class='ocrx_word' id='word_1_152' title='bbox 1022 1279 1181 1335; x_wconf 89' lang='lat' dir='ltr'><strong>quibus</strong></span> <span class='ocrx_word' id='word_1_153' title='bbox 1218 1278 1410 1321; x_wconf 88' lang='lat' dir='ltr'><strong>humana</strong></span> 
     </span>
     <span class='ocr_line' id='line_1_22' title="bbox 55 1336 1409 1394; baseline -0.001 -14"><span class='ocrx_word' id='word_1_154' title='bbox 55 1338 257 1394; x_wconf 87' lang='lat' dir='ltr'><strong>quoniam</strong></span> <span class='ocrx_word' id='word_1_155' title='bbox 277 1351 300 1379; x_wconf 92' lang='lat' dir='ltr'><strong>e</strong></span> <span class='ocrx_word' id='word_1_156' title='bbox 319 1336 480 1380; x_wconf 81' lang='lat' dir='ltr'><strong>divinis</strong></span> <span class='ocrx_word' id='word_1_157' title='bbox 503 1351 717 1394; x_wconf 86' lang='lat' dir='ltr'><strong>suspensa</strong></span> <span class='ocrx_word' id='word_1_158' title='bbox 734 1342 852 1390; x_wconf 85' lang='lat' dir='ltr'><strong>sunt,</strong></span> <span class='ocrx_word' id='word_1_159' title='bbox 882 1336 1011 1380; x_wconf 89' lang='lat' dir='ltr'><strong>facile</strong></span> <span class='ocrx_word' id='word_1_160' title='bbox 1035 1342 1232 1394; x_wconf 88' lang='lat' dir='ltr'><strong>apparet,</strong></span> <span class='ocrx_word' id='word_1_161' title='bbox 1252 1336 1409 1379; x_wconf 88' lang='lat' dir='ltr'><strong>horum</strong></span> 
     </span>
     <span class='ocr_line' id='line_1_23' title="bbox 51 1393 1409 1452; baseline 0.001 -16"><span class='ocrx_word' id='word_1_162' title='bbox 51 1395 374 1450; x_wconf 86' lang='lat' dir='ltr'><strong>possessionem</strong></span> <span class='ocrx_word' id='word_1_163' title='bbox 420 1409 516 1437; x_wconf 90' lang='lat' dir='ltr'><strong>esse</strong></span> <span class='ocrx_word' id='word_1_164' title='bbox 570 1401 672 1437; x_wconf 87' lang='lat' dir='ltr'><strong>ante</strong></span> <span class='ocrx_word' id='word_1_165' title='bbox 710 1394 878 1450; x_wconf 88' lang='lat' dir='ltr'><strong>reliqua</strong></span> <span class='ocrx_word' id='word_1_166' title='bbox 921 1393 1066 1437; x_wconf 86' lang='lat' dir='ltr'><strong>omnia</strong></span> <span class='ocrx_word' id='word_1_167' title='bbox 1104 1393 1409 1452; x_wconf 84' lang='lat' dir='ltr'><strong>expetendam.</strong></span> 
     </span>
     <span class='ocr_line' id='line_1_24' title="bbox 51 1451 1410 1509; baseline 0 -15"><span class='ocrx_word' id='word_1_168' title='bbox 51 1451 112 1494; x_wconf 88' lang='lat' dir='ltr'><strong>Et</strong></span> <span class='ocrx_word' id='word_1_169' title='bbox 149 1451 338 1494; x_wconf 86' lang='lat' dir='ltr'><strong>humana</strong></span> <span class='ocrx_word' id='word_1_170' title='bbox 377 1451 555 1507; x_wconf 91' lang='lat' dir='ltr'><strong>quidem</strong></span> <span class='ocrx_word' id='word_1_171' title='bbox 592 1452 707 1494; x_wconf 89' lang='lat' dir='ltr'><strong>bona</strong></span> <span class='ocrx_word' id='word_1_172' title='bbox 743 1452 897 1494; x_wconf 91' lang='lat' dir='ltr'><strong>merito</strong></span> <span class='ocrx_word' id='word_1_173' title='bbox 938 1457 1175 1494; x_wconf 87' lang='lat' dir='ltr'><strong>censentur</strong></span> <span class='ocrx_word' id='word_1_174' title='bbox 1212 1452 1410 1509; x_wconf 88' lang='lat' dir='ltr'><strong>corporis</strong></span> 
     </span>
     <span class='ocr_line' id='line_1_25' title="bbox 51 1508 1412 1566; baseline 0 -14"><span class='ocrx_word' id='word_1_175' title='bbox 51 1509 238 1564; x_wconf 84' lang='lat' dir='ltr'><strong>sanitas,</strong></span> <span class='ocrx_word' id='word_1_176' title='bbox 294 1509 569 1566; x_wconf 83' lang='lat' dir='ltr'><strong>pulcritudo,</strong></span> <span class='ocrx_word' id='word_1_177' title='bbox 615 1509 771 1564; x_wconf 87' lang='lat' dir='ltr'><strong>robur,</strong></span> <span class='ocrx_word' id='word_1_178' title='bbox 809 1508 999 1565; x_wconf 91' lang='lat' dir='ltr'><strong>denique</strong></span> <span class='ocrx_word' id='word_1_179' title='bbox 1048 1508 1226 1552; x_wconf 88' lang='lat' dir='ltr'><strong>divitiae</strong></span> <span class='ocrx_word' id='word_1_180' title='bbox 1266 1515 1412 1552; x_wconf 88' lang='lat' dir='ltr'><strong>mente</strong></span> 
     </span>
     <span class='ocr_line' id='line_1_26' title="bbox 54 1565 1411 1624; baseline -0.001 -13"><span class='ocrx_word' id='word_1_181' title='bbox 54 1582 143 1611; x_wconf 89' lang='lat' dir='ltr'><strong>non</strong></span> <span class='ocrx_word' id='word_1_182' title='bbox 186 1574 396 1610; x_wconf 82' lang='lat' dir='ltr'><strong>carentes.</strong></span> <span class='ocrx_word' id='word_1_183' title='bbox 467 1566 590 1610; x_wconf 83' lang='lat' dir='ltr'><strong>Inter</strong></span> <span class='ocrx_word' id='word_1_184' title='bbox 619 1565 769 1609; x_wconf 89' lang='lat' dir='ltr'><strong>divina</strong></span> <span class='ocrx_word' id='word_1_185' title='bbox 796 1573 942 1609; x_wconf 89' lang='lat' dir='ltr'><strong>autem</strong></span> <span class='ocrx_word' id='word_1_186' title='bbox 972 1566 1089 1609; x_wconf 87' lang='lat' dir='ltr'><strong>bona</strong></span> <span class='ocrx_word' id='word_1_187' title='bbox 1117 1566 1258 1624; x_wconf 88' lang='lat' dir='ltr'><strong>princi</strong></span> <span class='ocrx_word' id='word_1_188' title='bbox 1293 1572 1411 1609; x_wconf 89' lang='lat' dir='ltr'><strong>atum</strong></span> 
     </span>
     <span class='ocr_line' id='line_1_27' title="bbox 53 1583 1414 1681; baseline -0.001 -14"><span class='ocrx_word' id='word_1_189' title='bbox 53 1630 174 1669; x_wconf 84' lang='lat' dir='ltr'><strong>tenet</strong></span> <span class='ocrx_word' id='word_1_190' title='bbox 220 1624 436 1681; x_wconf 85' lang='lat' dir='ltr'><strong>sapientia</strong></span> <span class='ocrx_word' id='word_1_191' title='bbox 473 1622 759 1681; x_wconf 77' lang='grc' dir='ltr'>(φρόνησις);</span> <span class='ocrx_word' id='word_1_192' title='bbox 801 1630 904 1681; x_wconf 89' lang='lat' dir='ltr'><strong>post</strong></span> <span class='ocrx_word' id='word_1_193' title='bbox 942 1639 1071 1679; x_wconf 90' lang='lat' dir='ltr'><strong>quam</strong></span> <span class='ocrx_word' id='word_1_194' title='bbox 1111 1583 1307 1667; x_wconf 54' lang='lat' dir='ltr'><strong>secunda</strong></span> <span class='ocrx_word' id='word_1_195' title='bbox 1344 1629 1414 1667; x_wconf 89' lang='lat' dir='ltr'><strong>est</strong></span> 
     </span>
     <span class='ocr_line' id='line_1_28' title="bbox 53 1679 1414 1738; baseline 0 -14"><span class='ocrx_word' id='word_1_196' title='bbox 53 1682 352 1738; x_wconf 87' lang='lat' dir='ltr'><strong>temperantia.</strong></span> <span class='ocrx_word' id='word_1_197' title='bbox 423 1679 550 1736; x_wconf 79' lang='lat' dir='ltr'><strong>Quae</strong></span> <span class='ocrx_word' id='word_1_198' title='bbox 591 1680 768 1737; x_wconf 88' lang='lat' dir='ltr'><strong>quidem</strong></span> <span class='ocrx_word' id='word_1_199' title='bbox 813 1681 998 1724; x_wconf 80' lang='lat' dir='ltr'><strong>virtutes</strong></span> <span class='ocrx_word' id='word_1_200' title='bbox 1036 1681 1083 1723; x_wconf 89' lang='lat' dir='ltr'><strong>in</strong></span> <span class='ocrx_word' id='word_1_201' title='bbox 1122 1697 1257 1724; x_wconf 91' lang='lat' dir='ltr'><strong>unum</strong></span> <span class='ocrx_word' id='word_1_202' title='bbox 1308 1696 1414 1730; x_wconf 76' lang='lat' dir='ltr'><strong>con-</strong></span> 
     </span>
     <span class='ocr_line' id='line_1_29' title="bbox 55 1738 1467 1795; baseline 0 -13"><span class='ocrx_word' id='word_1_203' title='bbox 55 1738 247 1782; x_wconf 86' lang='lat' dir='ltr'><strong>sociatae</strong></span> <span class='ocrx_word' id='word_1_204' title='bbox 286 1745 331 1781; x_wconf 92' lang='lat' dir='ltr'><strong>et</strong></span> <span class='ocrx_word' id='word_1_205' title='bbox 369 1754 468 1781; x_wconf 86' lang='lat' dir='ltr'><strong>eum</strong></span> <span class='ocrx_word' id='word_1_206' title='bbox 507 1738 765 1782; x_wconf 82' lang='lat' dir='ltr'><strong>fortitudine</strong></span> <span class='ocrx_word' id='word_1_207' title='bbox 803 1738 978 1781; x_wconf 89' lang='lat' dir='ltr'><strong>iunctae</strong></span> <span class='ocrx_word' id='word_1_208' title='bbox 1006 1738 1095 1781; x_wconf 87' lang='lat' dir='ltr'><strong>vim</strong></span> <span class='ocrx_word' id='word_1_209' title='bbox 1124 1745 1414 1795; x_wconf 85' lang='lat' dir='ltr'><strong>naturamque</strong></span> <span class='ocrx_word' id='word_1_210' title='bbox 1465 1793 1467 1795; x_wconf 29' lang='grc'><strong>,</strong></span> 
     </span>
     <span class='ocr_line' id='line_1_30' title="bbox 55 1795 1415 1853; baseline 0.002 -16"><span class='ocrx_word' id='word_1_211' title='bbox 55 1795 248 1838; x_wconf 86' lang='lat' dir='ltr'><strong>iustitiae</strong></span> <span class='ocrx_word' id='word_1_212' title='bbox 278 1795 524 1839; x_wconf 79' lang='lat' dir='ltr'><strong>absolvunt.</strong></span> <span class='ocrx_word' id='word_1_213' title='bbox 591 1795 824 1838; x_wconf 84' lang='lat' dir='ltr'><strong>Fortitudo</strong></span> <span class='ocrx_word' id='word_1_214' title='bbox 849 1802 1001 1838; x_wconf 81' lang='lat' dir='ltr'><strong>autem</strong></span> <span class='ocrx_word' id='word_1_215' title='bbox 1029 1811 1108 1853; x_wconf 88' lang='lat' dir='ltr'><strong>per</strong></span> <span class='ocrx_word' id='word_1_216' title='bbox 1137 1812 1184 1840; x_wconf 89' lang='lat' dir='ltr'><strong>se</strong></span> <span class='ocrx_word' id='word_1_217' title='bbox 1215 1811 1415 1840; x_wconf 87' lang='lat' dir='ltr'><strong>seorsum</strong></span> 
     </span>
    </p>

    <p class='ocr_par' dir='ltr' id='par_1_3' title="bbox 58 1850 1415 2599">
     <span class='ocr_line' id='line_1_31' title="bbox 58 1850 1414 1910; baseline 0.004 -18"><span class='ocrx_word' id='word_1_218' title='bbox 58 1857 254 1907; x_wconf 86' lang='lat' dir='ltr'><strong>spectata</strong></span> <span class='ocrx_word' id='word_1_219' title='bbox 283 1857 482 1906; x_wconf 76' lang='lat' dir='ltr'><strong>quartum</strong></span> <span class='ocrx_word' id='word_1_220' title='bbox 522 1850 695 1894; x_wconf 91' lang='lat' dir='ltr'><strong>demum</strong></span> <span class='ocrx_word' id='word_1_221' title='bbox 723 1852 867 1895; x_wconf 84' lang='lat' dir='ltr'><strong>locum</strong></span> <span class='ocrx_word' id='word_1_222' title='bbox 896 1859 1106 1908; x_wconf 87' lang='lat' dir='ltr'><strong>occupat,</strong></span> <span class='ocrx_word' id='word_1_223' title='bbox 1137 1859 1187 1896; x_wconf 90' lang='lat' dir='ltr'><strong>ut</strong></span> <span class='ocrx_word' id='word_1_224' title='bbox 1212 1854 1414 1910; x_wconf 86' lang='lat' dir='ltr'><strong>profecto</strong></span> 
     </span>
     <span class='ocr_line' id='line_1_32' title="bbox 59 1907 1413 1966; baseline 0.001 -16"><span class='ocrx_word' id='word_1_225' title='bbox 59 1907 212 1950; x_wconf 81' lang='lat' dir='ltr'><strong>merito</strong></span> <span class='ocrx_word' id='word_1_226' title='bbox 243 1907 393 1949; x_wconf 85' lang='lat' dir='ltr'><strong>ultima</strong></span> <span class='ocrx_word' id='word_1_227' title='bbox 431 1908 653 1951; x_wconf 86' lang='lat' dir='ltr'><strong>habeatur.</strong></span> <span class='ocrx_word' id='word_1_228' title='bbox 720 1909 794 1951; x_wconf 87' lang='lat' dir='ltr'><strong>Ad</strong></span> <span class='ocrx_word' id='word_1_229' title='bbox 834 1908 943 1952; x_wconf 85' lang='lat' dir='ltr'><strong>haec</strong></span> <span class='ocrx_word' id='word_1_230' title='bbox 972 1909 1108 1966; x_wconf 79' lang='lat' dir='ltr'><strong>igitur</strong></span> <span class='ocrx_word' id='word_1_231' title='bbox 1146 1910 1234 1953; x_wconf 89' lang='lat' dir='ltr'><strong>duo</strong></span> <span class='ocrx_word' id='word_1_232' title='bbox 1276 1911 1413 1954; x_wconf 91' lang='lat' dir='ltr'><strong>bono-</strong></span> 
     </span>
     <span class='ocr_line' id='line_1_33' title="bbox 59 1965 1414 2023; baseline 0.003 -17"><span class='ocrx_word' id='word_1_233' title='bbox 59 1980 154 2007; x_wconf 90' lang='lat' dir='ltr'><strong>rum</strong></span> <span class='ocrx_word' id='word_1_234' title='bbox 191 1979 352 2021; x_wconf 85' lang='lat' dir='ltr'><strong>genera</strong></span> <span class='ocrx_word' id='word_1_235' title='bbox 389 1980 538 2007; x_wconf 86' lang='lat' dir='ltr'><strong>omnes</strong></span> <span class='ocrx_word' id='word_1_236' title='bbox 574 1965 748 2008; x_wconf 89' lang='lat' dir='ltr'><strong>omnino</strong></span> <span class='ocrx_word' id='word_1_237' title='bbox 786 1965 905 2023; x_wconf 82' lang='lat' dir='ltr'><strong>leges</strong></span> <span class='ocrx_word' id='word_1_238' title='bbox 935 1967 1090 2009; x_wconf 87' lang='lat' dir='ltr'><strong>referri</strong></span> <span class='ocrx_word' id='word_1_239' title='bbox 1119 1973 1315 2023; x_wconf 88' lang='lat' dir='ltr'><strong>oportet,</strong></span> <span class='ocrx_word' id='word_1_240' title='bbox 1346 1967 1414 2010; x_wconf 83' lang='lat' dir='ltr'><strong>id-</strong></span> 
     </span>
     <span class='ocr_line' id='line_1_34' title="bbox 60 2021 1411 2079; baseline 0.004 -15"><span class='ocrx_word' id='word_1_241' title='bbox 60 2037 145 2078; x_wconf 91' lang='lat' dir='ltr'><strong>que</strong></span> <span class='ocrx_word' id='word_1_242' title='bbox 183 2021 312 2063; x_wconf 79' lang='lat' dir='ltr'><strong>etiam</strong></span> <span class='ocrx_word' id='word_1_243' title='bbox 350 2022 458 2079; x_wconf 89' lang='lat' dir='ltr'><strong>ipsis</strong></span> <span class='ocrx_word' id='word_1_244' title='bbox 508 2022 676 2065; x_wconf 84' lang='lat' dir='ltr'><strong>civibus</strong></span> <span class='ocrx_word' id='word_1_245' title='bbox 716 2022 776 2064; x_wconf 84' lang='lat' dir='ltr'><strong>ita</strong></span> <span class='ocrx_word' id='word_1_246' title='bbox 824 2038 1078 2078; x_wconf 85' lang='lat' dir='ltr'><strong>persuasum</strong></span> <span class='ocrx_word' id='word_1_247' title='bbox 1117 2022 1248 2067; x_wconf 90' lang='lat' dir='ltr'><strong>debet</strong></span> <span class='ocrx_word' id='word_1_248' title='bbox 1300 2040 1411 2078; x_wconf 83' lang='lat' dir='ltr'><strong>esse.</strong></span> 
     </span>
     <span class='ocr_line' id='line_1_35' title="bbox 62 2078 1412 2135; baseline 0.004 -14"><span class='ocrx_word' id='word_1_249' title='bbox 62 2079 155 2121; x_wconf 84' lang='lat' dir='ltr'><strong>lam</strong></span> <span class='ocrx_word' id='word_1_250' title='bbox 191 2093 293 2121; x_wconf 89' lang='lat' dir='ltr'><strong>vero</strong></span> <span class='ocrx_word' id='word_1_251' title='bbox 335 2078 523 2121; x_wconf 86' lang='lat' dir='ltr'><strong>humana</strong></span> <span class='ocrx_word' id='word_1_252' title='bbox 563 2079 676 2122; x_wconf 91' lang='lat' dir='ltr'><strong>bona</strong></span> <span class='ocrx_word' id='word_1_253' title='bbox 717 2095 849 2135; x_wconf 88' lang='lat' dir='ltr'><strong>quum</strong></span> <span class='ocrx_word' id='word_1_254' title='bbox 887 2080 1050 2124; x_wconf 86' lang='lat' dir='ltr'><strong>iudicio</strong></span> <span class='ocrx_word' id='word_1_255' title='bbox 1081 2088 1231 2125; x_wconf 85' lang='lat' dir='ltr'><strong>nostro</strong></span> <span class='ocrx_word' id='word_1_256' title='bbox 1262 2098 1316 2125; x_wconf 86' lang='lat' dir='ltr'><strong>ex</strong></span> <span class='ocrx_word' id='word_1_257' title='bbox 1346 2082 1412 2126; x_wconf 89' lang='lat' dir='ltr'><strong>di-</strong></span> 
     </span>
     <span class='ocr_line' id='line_1_36' title="bbox 60 2135 1412 2198; baseline 0.004 -21"><span class='ocrx_word' id='word_1_258' title='bbox 60 2136 171 2178; x_wconf 82' lang='lat' dir='ltr'><strong>vinis</strong></span> <span class='ocrx_word' id='word_1_259' title='bbox 215 2135 561 2191; x_wconf 86' lang='lat' dir='ltr'><strong>suspendantur,</strong></span> <span class='ocrx_word' id='word_1_260' title='bbox 609 2137 723 2179; x_wconf 91' lang='lat' dir='ltr'><strong>inter</strong></span> <span class='ocrx_word' id='word_1_261' title='bbox 769 2136 879 2180; x_wconf 89' lang='lat' dir='ltr'><strong>haec</strong></span> <span class='ocrx_word' id='word_1_262' title='bbox 916 2139 929 2179; x_wconf 85' lang='lat' dir='ltr'><strong>i</strong></span> <span class='ocrx_word' id='word_1_263' title='bbox 964 2153 1015 2180; x_wconf 87' lang='lat' dir='ltr'><strong>sa</strong></span> <span class='ocrx_word' id='word_1_264' title='bbox 1061 2145 1203 2182; x_wconf 86' lang='lat' dir='ltr'><strong>autem</strong></span> <span class='ocrx_word' id='word_1_265' title='bbox 1256 2155 1412 2198; x_wconf 85' lang='lat' dir='ltr'><strong>agmen</strong></span> 
     </span>
     <span class='ocr_line' id='line_1_37' title="bbox 62 2191 1410 2253; baseline 0.004 -19"><span class='ocrx_word' id='word_1_266' title='bbox 62 2192 186 2249; x_wconf 83' lang='lat' dir='ltr'><strong>quasi</strong></span> <span class='ocrx_word' id='word_1_267' title='bbox 235 2191 368 2236; x_wconf 88' lang='lat' dir='ltr'><strong>ducat</strong></span> <span class='ocrx_word' id='word_1_268' title='bbox 413 2194 630 2251; x_wconf 83' lang='lat' dir='ltr'><strong>sapientia</strong></span> <span class='ocrx_word' id='word_1_269' title='bbox 669 2193 922 2250; x_wconf 76' lang='grc' dir='ltr'>(φρόνησις</span> <span class='ocrx_word' id='word_1_270' title='bbox 963 2228 975 2249; x_wconf 83' lang='grc'>,</span> <span class='ocrx_word' id='word_1_271' title='bbox 1015 2211 1288 2253; x_wconf 87' lang='lat' dir='ltr'><strong>consequens</strong></span> <span class='ocrx_word' id='word_1_272' title='bbox 1327 2204 1410 2252; x_wconf 87' lang='lat' dir='ltr'><strong>est,</strong></span> 
     </span>
     <span class='ocr_line' id='line_1_38' title="bbox 61 2249 1413 2309; baseline 0.005 -18"><span class='ocrx_word' id='word_1_273' title='bbox 61 2257 109 2292; x_wconf 87' lang='lat' dir='ltr'><strong>nt</strong></span> <span class='ocrx_word' id='word_1_274' title='bbox 146 2249 288 2307; x_wconf 82' lang='lat' dir='ltr'><strong>legum</strong></span> <span class='ocrx_word' id='word_1_275' title='bbox 328 2257 479 2294; x_wconf 91' lang='lat' dir='ltr'><strong>auctor</strong></span> <span class='ocrx_word' id='word_1_276' title='bbox 518 2251 710 2309; x_wconf 86' lang='lat' dir='ltr'><strong>prudens</strong></span> <span class='ocrx_word' id='word_1_277' title='bbox 756 2258 800 2294; x_wconf 91' lang='lat' dir='ltr'><strong>et</strong></span> <span class='ocrx_word' id='word_1_278' title='bbox 843 2252 1017 2309; x_wconf 87' lang='lat' dir='ltr'><strong>sapiens</strong></span> <span class='ocrx_word' id='word_1_279' title='bbox 1077 2253 1133 2296; x_wconf 84' lang='lat' dir='ltr'><strong>ad</strong></span> <span class='ocrx_word' id='word_1_280' title='bbox 1181 2254 1294 2297; x_wconf 87' lang='lat' dir='ltr'><strong>hane</strong></span> <span class='ocrx_word' id='word_1_281' title='bbox 1343 2256 1413 2299; x_wconf 88' lang='lat' dir='ltr'><strong>vel</strong></span> 
     </span>
     <span class='ocr_line' id='line_1_39' title="bbox 61 2307 1413 2366; baseline 0.004 -16"><span class='ocrx_word' id='word_1_282' title='bbox 61 2307 242 2350; x_wconf 81' lang='lat' dir='ltr'><strong>maxime</strong></span> <span class='ocrx_word' id='word_1_283' title='bbox 282 2308 498 2364; x_wconf 86' lang='lat' dir='ltr'><strong>respicere</strong></span> <span class='ocrx_word' id='word_1_284' title='bbox 538 2316 668 2364; x_wconf 87' lang='lat' dir='ltr'><strong>atque</strong></span> <span class='ocrx_word' id='word_1_285' title='bbox 709 2308 764 2350; x_wconf 84' lang='lat' dir='ltr'><strong>ad</strong></span> <span class='ocrx_word' id='word_1_286' title='bbox 804 2309 931 2352; x_wconf 84' lang='lat' dir='ltr'><strong>istam</strong></span> <span class='ocrx_word' id='word_1_287' title='bbox 961 2317 1167 2366; x_wconf 85' lang='lat' dir='ltr'><strong>tanquam</strong></span> <span class='ocrx_word' id='word_1_288' title='bbox 1200 2313 1413 2356; x_wconf 88' lang='lat' dir='ltr'><strong>bonorum</strong></span> 
     </span>
     <span class='ocr_line' id='line_1_40' title="bbox 61 2367 1413 2424; baseline 0.006 -18"><span class='ocrx_word' id='word_1_289' title='bbox 61 2380 252 2407; x_wconf 90' lang='lat' dir='ltr'><strong>normam</strong></span> <span class='ocrx_word' id='word_1_290' title='bbox 291 2380 436 2407; x_wconf 88' lang='lat' dir='ltr'><strong>earum</strong></span> <span class='ocrx_word' id='word_1_291' title='bbox 477 2367 687 2408; x_wconf 87' lang='lat' dir='ltr'><strong>rationem</strong></span> <span class='ocrx_word' id='word_1_292' title='bbox 730 2382 987 2423; x_wconf 85' lang='lat' dir='ltr'><strong>componere</strong></span> <span class='ocrx_word' id='word_1_293' title='bbox 1032 2368 1202 2413; x_wconf 81' lang='lat' dir='ltr'><strong>debeat.</strong></span> <span class='ocrx_word' id='word_1_294' title='bbox 1281 2370 1413 2424; x_wconf 81' lang='lat' dir='ltr'><strong>Quod</strong></span> 
     </span>
     <span class='ocr_line' id='line_1_41' title="bbox 63 2421 1415 2484; baseline 0.007 -22"><span class='ocrx_word' id='word_1_295' title='bbox 63 2421 278 2476; x_wconf 85' lang='lat' dir='ltr'><strong>quomodo</strong></span> <span class='ocrx_word' id='word_1_296' title='bbox 325 2422 638 2465; x_wconf 80' lang='lat' dir='ltr'><strong>instituendum</strong></span> <span class='ocrx_word' id='word_1_297' title='bbox 684 2423 763 2478; x_wconf 90' lang='lat' dir='ltr'><strong>sit,</strong></span> <span class='ocrx_word' id='word_1_298' title='bbox 806 2431 923 2467; x_wconf 86' lang='lat' dir='ltr'><strong>certe</strong></span> <span class='ocrx_word' id='word_1_299' title='bbox 972 2426 1224 2483; x_wconf 87' lang='lat' dir='ltr'><strong>neutiquam</strong></span> <span class='ocrx_word' id='word_1_300' title='bbox 1266 2435 1415 2484; x_wconf 86' lang='lat' dir='ltr'><strong>potest</strong></span> 
     </span>
     <span class='ocr_line' id='line_1_42' title="bbox 62 2478 1414 2543; baseline 0.007 -23"><span class='ocrx_word' id='word_1_301' title='bbox 62 2478 239 2522; x_wconf 85' lang='lat' dir='ltr'><strong>dubium</strong></span> <span class='ocrx_word' id='word_1_302' title='bbox 269 2479 418 2522; x_wconf 84' lang='lat' dir='ltr'><strong>videri.</strong></span> <span class='ocrx_word' id='word_1_303' title='bbox 483 2482 626 2524; x_wconf 87' lang='lat' dir='ltr'><strong>Debet</strong></span> <span class='ocrx_word' id='word_1_304' title='bbox 655 2481 767 2523; x_wconf 84' lang='lat' dir='ltr'><strong>euim</strong></span> <span class='ocrx_word' id='word_1_305' title='bbox 800 2483 981 2538; x_wconf 88' lang='lat' dir='ltr'><strong>primum</strong></span> <span class='ocrx_word' id='word_1_306' title='bbox 1005 2483 1178 2538; x_wconf 88' lang='lat' dir='ltr'><strong>quidem</strong></span> <span class='ocrx_word' id='word_1_307' title='bbox 1209 2485 1328 2543; x_wconf 80' lang='lat' dir='ltr'><strong>leges</strong></span> <span class='ocrx_word' id='word_1_308' title='bbox 1360 2485 1414 2529; x_wconf 86' lang='lat' dir='ltr'><strong>de</strong></span> 
     </span>
     <span class='ocr_line' id='line_1_43' title="bbox 61 2536 1415 2599; baseline 0.007 -22"><span class='ocrx_word' id='word_1_309' title='bbox 61 2536 222 2591; x_wconf 79' lang='lat' dir='ltr'><strong>nuptiis</strong></span> <span class='ocrx_word' id='word_1_310' title='bbox 254 2537 312 2591; x_wconf 70' lang='lat'><strong>⁴⁸),</strong></span> <span class='ocrx_word' id='word_1_311' title='bbox 345 2536 399 2580; x_wconf 90' lang='lat' dir='ltr'><strong>de</strong></span> <span class='ocrx_word' id='word_1_312' title='bbox 430 2538 660 2581; x_wconf 88' lang='lat' dir='ltr'><strong>liberorum</strong></span> <span class='ocrx_word' id='word_1_313' title='bbox 692 2539 990 2595; x_wconf 84' lang='lat' dir='ltr'><strong>procreatione</strong></span> <span class='ocrx_word' id='word_1_314' title='bbox 1021 2541 1109 2597; x_wconf 84' lang='lat'><strong>**),</strong></span> <span class='ocrx_word' id='word_1_315' title='bbox 1141 2541 1331 2599; x_wconf 86' lang='lat' dir='ltr'><strong>denique</strong></span> <span class='ocrx_word' id='word_1_316' title='bbox 1361 2543 1415 2587; x_wconf 90' lang='lat' dir='ltr'><strong>de</strong></span> 
     </span>
    </p>
   </div>
   <div class='ocr_carea' id='block_1_3' title="bbox 62 2609 323 2618">
    <p class='ocr_par' dir='ltr' id='par_1_4' title="bbox 62 2609 323 2618">
     <span class='ocr_line' id='line_1_44' title="bbox 62 2609 323 2618; baseline 0 254"><span class='ocrx_word' id='word_1_317' title='bbox 62 2609 323 2618; x_wconf 95' lang='lat' dir='ltr'><strong> </strong></span> 
     </span>
    </p>
   </div>
   <div class='ocr_carea' id='block_1_4' title="bbox 108 2636 1255 2730">
    <p class='ocr_par' dir='ltr' id='par_1_5' title="bbox 108 2636 1255 2730">
     <span class='ocr_line' id='line_1_45' title="bbox 113 2636 1255 2690; baseline 0.007 -20"><span class='ocrx_word' id='word_1_318' title='bbox 113 2640 162 2689; x_wconf 44' lang='grc' dir='ltr'><strong>ὲ)</strong></span> <span class='ocrx_word' id='word_1_319' title='bbox 195 2640 291 2674; x_wconf 68' lang='lat' dir='ltr'><strong>mbr.</strong></span> <span class='ocrx_word' id='word_1_320' title='bbox 320 2641 378 2671; x_wconf 72' lang='lat' dir='ltr'><strong>vu.</strong></span> <span class='ocrx_word' id='word_1_321' title='bbox 405 2653 435 2684; x_wconf 79' lang='lat' dir='ltr'><strong>p.</strong></span> <span class='ocrx_word' id='word_1_322' title='bbox 465 2643 530 2676; x_wconf 69' lang='lat' dir='ltr'><strong>77ss</strong></span> <span class='ocrx_word' id='word_1_323' title='bbox 572 2643 610 2676; x_wconf 85' lang='lat' dir='ltr'><strong>B.</strong></span> <span class='ocrx_word' id='word_1_324' title='bbox 642 2663 678 2668; x_wconf 74' lang='grc'>-</span> <span class='ocrx_word' id='word_1_325' title='bbox 709 2644 781 2678; x_wconf 70' lang='grc'>783.</span> <span class='ocrx_word' id='word_1_326' title='bbox 811 2644 854 2678; x_wconf 81' lang='lat' dir='ltr'><strong>n.</strong></span> <span class='ocrx_word' id='word_1_327' title='bbox 885 2645 945 2680; x_wconf 71' lang='lat' dir='ltr'><strong>xu.</strong></span> <span class='ocrx_word' id='word_1_328' title='bbox 973 2657 1005 2689; x_wconf 71' lang='grc' dir='ltr'><strong>ρ.</strong></span> <span class='ocrx_word' id='word_1_329' title='bbox 1031 2636 1111 2682; x_wconf 68' lang='lat'><strong>9⁴29.</strong></span> <span class='ocrx_word' id='word_1_330' title='bbox 1136 2647 1178 2682; x_wconf 80' lang='lat' dir='ltr'><strong>E.</strong></span> <span class='ocrx_word' id='word_1_331' title='bbox 1205 2660 1255 2690; x_wconf 74' lang='lat' dir='ltr'><strong>sq.</strong></span> 
     </span>
     <span class='ocr_line' id='line_1_46' title="bbox 108 2687 853 2730; baseline 0.012 -14"><span class='ocrx_word' id='word_1_332' title='bbox 108 2687 164 2728; x_wconf 53' lang='lat' dir='ltr'><strong>w)</strong></span> <span class='ocrx_word' id='word_1_333' title='bbox 194 2687 286 2719; x_wconf 70' lang='lat' dir='ltr'><strong>mbr.</strong></span> <span class='ocrx_word' id='word_1_334' title='bbox 317 2687 374 2718; x_wconf 66' lang='lat' dir='ltr'><strong>vr</strong></span> <span class='ocrx_word' id='word_1_335' title='bbox 401 2699 431 2730; x_wconf 75' lang='lat' dir='ltr'><strong>p.</strong></span> <span class='ocrx_word' id='word_1_336' title='bbox 461 2689 535 2723; x_wconf 70' lang='lat'><strong>783.</strong></span> <span class='ocrx_word' id='word_1_337' title='bbox 565 2690 606 2721; x_wconf 75' lang='grc' dir='ltr'><strong>ι).</strong></span> <span class='ocrx_word' id='word_1_338' title='bbox 704 2690 782 2726; x_wconf 74' lang='lat'>785.</span> <span class='ocrx_word' id='word_1_339' title='bbox 812 2692 853 2725; x_wconf 72' lang='lat' dir='ltr'><strong>A.</strong></span> 
     </span>
    </p>
   </div>
  </div>
 </body>
</html>
