1612 2872
209 86 291 129 DE
324 84 600 129 LEGIBUS
631 84 749 126 LIB.
782 82 866 126 111.
898 82 945 125 Ρ.

980 83 1074 125 701.
1109 81 1172 124 St.
1313 82 1396 122 359

50 208 199 256 τέλους
237 198 336 248 οὖσι
380 203 528 260 νόμων
572 205 714 256 ζητεῖν
760 199 821 258 μὴ
867 201 1079 255 ὑπηκόοις
1121 198 1252 248 εἶναι,
1289 196 1398 253 πρὸς

48 274 171 328 αὐτῷ
195 275 240 316 δὲ
266 270 351 325 ἤδη
376 274 435 326 τῷ
474 273 578 314 τέλει
616 268 759 324 ὅρκων
793 272 866 313 καὶ
902 275 1087 312 πίστεων
1122 271 1195 310 καὶ
1231 266 1279 308 το
1314 281 1398 308 πα·
1431 268 1468 311 C

50 341 201 394 ραπαν
237 341 362 383 θεῶν
406 337 466 393 μὴ
501 339 778 396 φροντίζειν,
813 335 892 390 τὴν
929 340 1165 390 λεγομένην
1197 331 1395 376 παλαιάν

55 406 293 459 Τιτανικὴν
327 405 463 466 φύσιν
497 407 755 449 ἐπιδεικνῦσι
791 407 863 447 καὶ
896 411 1196 459 μιμουμένοις,
1235 404 1303 443 ἐπὶ
1340 400 1393 443 τοι

49 575 117 606 1οοί
142 574 242 606 unice
266 578 558 610 consentaneum,
582 581 647 614 pro
673 581 756 604 vero
783 571 991 612 probamus,
1017 570 1122 612 idque
1147 569 1332 602 confimat
1356 576 1396 599 ex

48 621 227 654 Bastianis
253 619 332 654 Par.
358 618 398 651 Β.
428 623 462 651 et
484 618 580 650 Flor.
608 616 638 649 δ.
665 629 695 648 ν.

49 769 109 800 sed
134 767 399 808 intelligendum
423 766 571 798 censuit.
622 765 689 797 Ve-

49 824 125 846 rum
149 825 191 846 ea
214 815 351 846 ratione
367 822 410 844 ne
424 812 533 844 hilum
549 812 690 854 quidem

49 860 229 902 proficitur
263 861 310 892 ad
335 859 590 900 expediendam
614 868 688 889 ver-

49 907 172 938 borum
204 907 387 938 rationem.
439 904 494 936 De
526 915 594 946 qua
625 914 690 936 nos

50 953 191 994 quidem
216 954 266 984 ita
295 951 492 984 statuimus.
545 951 690 982 l’artiei-

49 1000 144 1040 pium
174 994 410 1038 ἀφικομένους
440 1001 520 1038 post
549 997 690 1029 dativos

48 1043 256 1077 ἐπιδεικνῦσι
290 1051 326 1076 et
349 1044 571 1084 μιμουμένοις
590 1053 690 1075 accu-

48 1093 163 1124 sativo
201 1091 353 1122 infertur
396 1090 490 1122 facta
531 1097 689 1121 constru-

48 1138 175 1170 ctionis
200 1138 396 1170 mutatione
419 1135 583 1178 quadam,
601 1146 691 1177 quae

48 1184 98 1216 ibi
134 1185 250 1216 locum
285 1183 413 1222 habet,
451 1183 511 1214 ubi
547 1182 690 1214 verbum

47 1231 217 1263 enuntiati
263 1230 470 1272 primarium
508 1234 691 1270 utramque

44 1277 116 1309 sert
146 1278 332 1309 rationem.
385 1274 492 1314 Quod
520 1276 624 1317 plane
654 1276 691 1307 in

46 1324 140 1356 huno
173 1324 289 1356 locum
319 1323 497 1354 convenit.
546 1321 692 1354 Poterat

47 1370 140 1402 enim
150 1370 187 1402 in
194 1369 407 1410 antegressis
417 1378 555 1409 quoque
567 1368 689 1400 scribi.

48 1418 200 1458 γιγνοιτο
226 1412 268 1447 ἂν
292 1433 338 1440 -—
364 1412 469 1456 ἐγγυς
486 1414 549 1446 τοῦ
573 1414 691 1446 τέλους

48 1460 151 1494 ὄντας
174 1459 292 1501 νόμων
318 1462 427 1502 ζητεῖν
445 1459 490 1502 μὴ
506 1456 690 1503 ὑπηκόους

46 1503 133 1540 εἶναι
159 1527 202 1532 -—
228 1505 482 1540 ἐπιδεικνύντας
498 1507 552 1538 καὶ
567 1518 687 1547 μιμου-

46 1554 191 1594 μένους,
223 1554 510 1596 quandoquidem
541 1555 690 1595 γίγνεται

46 1601 179 1642 pariter
218 1606 323 1642 atque
360 1599 451 1631 ἔστιν
485 1604 519 1630 et
556 1599 687 1639 ἔξεστιν

45 1647 150 1679 modo
185 1657 263 1678 oum
302 1646 423 1678 dativo
458 1645 568 1677 'modo
608 1656 684 1677 eum

47 1694 248 1725 accusativo
288 1697 322 1723 et
360 1691 537 1723 infinitivo
577 1703 684 1734 οοΡιι.ο

46 1739 175 1771 luntur.
213 1738 270 1770 De
281 1737 368 1792 ΒΘΡ.
386 1738 454 1769 IX.
475 1748 508 1792 Ρ.
533 1737 612 1772 586.
636 1739 684 1770 E:

47 1785 95 1827 τῷ
119 1781 303 1838 φιλοσόφῳ
328 1781 394 1824 ἄρα
412 1802 453 1807 -
464 1779 615 1838 υπάρχει
636 1785 686 1816 εἴς

50 1841 83 1862 τε
107 1825 207 1862 τᾶλλα
233 1848 268 1852 ——
298 1826 415 1870 δικαίῳ
441 1824 539 1868 εἶναι,
563 1830 616 1861 καὶ
642 1828 686 1871 δὴ

49 1876 104 1909 καὶ
131 1874 188 1909 τὰς
215 1872 342 1918 ἡδονὰς
366 1872 425 1906 τὰς
444 1873 581 1909 ἑαυτοῦ,
597 1875 684 1908 ἕκα-

50 1933 152 1955 στον
195 1940 226 1944 ·-
270 1920 509 1976 καρποῦσθαι
552 1921 686 1964 Euthy-

48 1969 125 2011 phr.
158 1978 192 2010 p.
224 1968 258 2002 5.
291 1969 342 2001 A·
372 1961 433 2008 ἆρ’
465 1961 683 2007 οὖνμοι-

51 2011 231 2056 κράτιστόν
254 2012 344 2045 ἐστιν
378 2011 517 2055 μαθητῇ
547 2014 599 2056 σῷ
631 2025 684 2056 γε·

49 2061 173 2093 ndo-⁹111
199 2079 241 2085 —
268 2060 436 2101 λέγοντα,
462 2057 515 2091 ὅτι
545 2071 574 2092 κ.
605 2071 631 2091 τ.
657 2061 684 2093 1..

49 2108 189 2140 Politia.
222 2117 256 2148 p.
289 2105 368 2140 274.
402 2107 456 2139 Ae
491 2106 538 2137 τῶ
569 2104 684 2150 κόσμω

49 2151 290 2195 προσετέτακτο
314 2149 572 2194 αυτοκράτορα
587 2163 686 2185 ειναι.

49 2198 160 2240 Gorg.
191 2209 234 2240 Ρ.
256 2198 336 2234 492.
362 2197 410 2230 B:
443 2195 497 2230 οἷς
519 2197 558 2239 ἐξ
581 2195 687 2254 ἀρχῆς

51 2242 202 2299 ὑπῆρξεν
225 2241 246 2286 ἦ
272 2243 441 2286 βασιλέων
470 2244 579 2277 υἱέσιν
599 2241 686 2278 εἶναι

51 2288 73 2332 ἢ
119 2287 249 2323 αυτους
295 2290 333 2330 τῇ
380 2287 484 2331 φύσει
531 2289 686 2324 ἱκανούς.

49 2337 191 2370 Chai-m.
217 2347 251 2378 Ρ
287 2335 367 2371 173.
401 2336 440 2369 Β.
472 2337 619 2370 Lachet.
650 2349 683 2380 Ρ.

51 2383 132 2463 1861.
137 2384 210 2464 5Ι).
242 2381 438 2438 Xenoph.
479 2382 608 2426 Cyrop.
643 2385 682 2417 ll.

203 2427 311 2468 ἔξεστι
341 2424 377 2459 δ’
414 2425 509 2468 ὑμῖν,
534 2429 565 2462 εἰ
593 2428 682 2471 βού-

51 2475 171 2512 aenos,
201 2473 371 2515 λαβόντας
408 2471 514 2512 ὅπλα,
543 2475 593 2508 εἰς
626 2474 686 2509 τὸν

50 2517 159 2553 αυτὸν
199 2516 276 2562 ἧμιν
305 2517 466 2553 κίνδυνον
499 2519 683 2564 ἐμβαίνειν.

51 2566 122 2600 Sed
156 2577 200 2599 ne
228 2567 367 2599 dubites
397 2567 441 2599 de
470 2578 551 2600 casu
576 2569 625 2601 ita
649 2570 685 2601 in

51 2614 246 2655 participiis
281 2613 435 2653 variato,
464 2624 531 2655 age
567 2616 686 2656 accipe

51 2661 169 2693 etiam
187 2660 283 2691 haec.
340 2659 393 2691 De
430 2659 514 2701 Rep.
557 2661 618 2693 VI
653 2672 686 2703 p.

51 2705 130 2740 500.
154 2704 198 2738 C:
226 2700 308 2737 οὐδὲ
334 2702 397 2747 >cip
421 2716 488 2736 ποι
515 2726 555 2730 -
585 2707 685 2747 σχολὴ

760 777 803 808 τῳ
833 776 870 807 γε
897 762 944 796 ὥς
968 748 1108 807 αληθιῦς
1128 762 1216 805 πρὸς
1230 767 1301 794 τοις
1317 772 1396 794 ουσι

759 811 820 853 τὴν
851 809 1007 843 διάνοιαν
1048 811 1158 852 ἔχοντι
1198 807 1289 842 κάτω
1319 809 1395 850 βλέ

759 869 833 890 πειν
858 859 912 890 καὶ
937 855 1129 899 μαχόμενον
1157 853 1275 889 αυτοῖς
1301 853 1396 896 φθό-

760 916 823 936 νου
856 924 900 928 -
930 903 1175 944 ἐμπίπιασθαι.
1222 903 1315 935 Ibid.
1349 902 1395 934 X.

757 962 791 993 p.
815 951 894 985 606.
929 951 980 983 E:
1017 949 1115 992 ἄξιος
1145 946 1395 991 ἀναλαβόντι

757 995 948 1037 μανθάνειν
986 1009 1019 1029 τε
1058 998 1113 1029 καὶ
1154 994 1235 1028 κατὰ
1271 995 1397 1028 τοῦτον

760 1041 820 1075 τὸν
831 1041 975 1086 ποιητὴν
983 1043 1090 1076 πάντα
1102 1041 1162 1076 τὸν
1175 1043 1305 1075 ἑαυτοῦ
1315 1041 1396 1083 βίον

759 1100 972 1122 κατασκευασ
981 1089 1002 1122 ά
1011 1103 1032 1131 μ
1041 1102 1083 1123 εν
1093 1102 1112 1122 ο
1122 1102 1142 1122 ν
1173 1090 1247 1131 ζῆν.
1302 1089 1395 1121 lbid.

758 1137 817 1169 ΙΙΙ.
842 1148 876 1179 Ρ.
901 1137 981 1171 386.
1006 1138 1046 1169 Β.
1072 1136 1232 1179 Sympos.
1259 1147 1292 1178 p.
1314 1135 1394 1169 176.

757 1183 804 1215 D.
835 1182 946 1225 Gorg.
978 1196 1010 1226 p.
1041 1183 1122 1218 456.
1154 1184 1195 1215 E.
1232 1182 1314 1217 492.
1351 1181 1393 1212 B.

755 1229 835 1264 blo.
860 1230 903 1261 Ε.
927 1230 1006 1265 513.
1021 1230 1064 1262 Ε.
1099 1229 1165 1262 His
1189 1229 1280 1262 adde
1305 1238 1396 1270 quae

757 1276 900 1318 collegit
922 1277 968 1308 A.
997 1276 1215 1308 Matthiae
1244 1274 1307 1308 Gr.
1331 1272 1392 1307 Gr.

756 1324 789 1364 ξ.
814 1322 895 1358 356.
920 1333 1001 1355 ann.
1026 1323 1060 1358 3.
1090 1334 1123 1365 p.
1149 1322 1240 1356 1293
1265 1333 1316 1364 sq.
1341 1322 1394 1352 ed.

755 1369 789 1403 3.
834 1370 893 1411 qui
934 1374 1051 1402 tamen
1095 1369 1281 1401 dissimilia
1323 1378 1394 1400 nou

756 1415 843 1448 satis
869 1416 1019 1448 secrevit
1041 1426 1082 1448 ac
1106 1415 1280 1448 distinxit.
1328 1414 1394 1446 lta-

756 1472 823 1503 que
847 1457 1083 1502 ιὶφικομένους
1106 1463 1175 1494 iam
1214 1462 1305 1493 dixit
1340 1471 1393 1492 re-

756 1508 911 1549 spiciens
941 1509 1152 1540 infinitivum
1183 1507 1392 1549 φροντιζεινε

756 1555 852 1596 quod
877 1556 907 1587 si
932 1560 1108 1595 tenemus,
1132 1565 1196 1586 nec
1219 1554 1393 1586 dubitabi-

753 1611 848 1640 mus,
880 1602 967 1643 quin
1000 1602 1037 1633 in
1066 1602 1180 1633 locum
1210 1601 1278 1632 coli
1311 1606 1392 1632 ante

753 1645 807 1678 ἐπὶ
834 1646 872 1678 τὰ
896 1644 985 1680 αὐτὰ
1000 1647 1104 1689 vulgo
1127 1648 1235 1688 positi
1259 1657 1393 1679 comma

752 1693 857 1730 fuerit
889 1694 1145 1726 sufficiendum.
1197 1693 1273 1726 Iam
1310 1704 1393 1725 vero

751 1741 932 1781 proxima:
955 1738 1103 1781 χαλεπὸν
1132 1738 1240 1771 αἰῶνα
1266 1759 1305 1762 --
1334 1750 1392 1772 κα-

753 1786 840 1823 κῶν,
869 1787 986 1818 verbis
1014 1785 1068 1818 ἐπὶ
1100 1784 1140 1818 τὰ
1169 1781 1256 1818 αὐτὰ
1281 1784 1392 1818 ἐκεῖνα

752 1842 814 1872 per
837 1834 1046 1874 epexegesin
1071 1833 1296 1871 adiiciuntur,
1314 1843 1392 1873 per-

751 1878 834 1910 inde
879 1889 921 1910 ae
964 1880 993 1910 si
1038 1880 1204 1920 seriptum
1233 1880 1390 1918 legatur:

753 1920 836 1955 ὦςτε
864 1921 911 1966 μὴ
951 1923 1052 1965 λῆξαί
1080 1935 1163 1956 ποτε
1200 1925 1315 1956 κακῶν
1346 1943 1389 1947 —

751 1968 898 2010 χαλεπὸν
923 1969 1031 2001 αιίῦνα
1059 1968 1251 2012 διάγόντας.
1299 1970 1390 2002 Nam

751 2016 945 2048 infinitivus
971 2027 1078 2058 quum
1110 2018 1215 2049 etiam
1250 2017 1313 2049 fini
1342 2017 1389 2049 si-

751 2063 950 2103 gnificando
998 2064 1184 2100 inserviat,
1230 2063 1274 2096 de
1320 2073 1390 2105 quo

751 2119 816 2140 usu
841 2120 872 2141 v.
897 2109 944 2141 ad
969 2109 1053 2141 VII.
1077 2120 1113 2152 Ρ.
1133 2110 1211 2144 799.
1227 2111 1273 2142 Α.
1297 2114 1390 2142 recte

752 2165 836 2187 saue
849 2155 1080 2188 declarandae
1097 2157 1293 2188 sententiae
1308 2165 1388 2197 gra—

752 2202 802 2233 tia
830 2206 913 2243 post
942 2199 996 2233 ἐπὶ
1035 2199 1073 2233 τὰ
1104 2199 1191 2234 αὐτά
1223 2202 1389 2244 subiungi

752 2248 877 2288 potuit.
925 2248 1049 2290 Itaque
1077 2250 1287 2282 sententiam
1310 2259 1388 2282 ver-

753 2294 879 2325 borum
910 2294 1001 2326 hanc
1035 2304 1112 2328 esse
1134 2300 1312 2337 putamus:
1335 2295 1387 2328 ad

753 2341 902 2373 eadem
937 2350 1093 2373 rursus
1135 2343 1297 2375 reiecti
1346 2347 1387 2374 et

753 2387 988 2427 destinati,
1011 2387 1136 2428 quibus
1164 2389 1218 2420 illi
1243 2389 1385 2420 fuerunt

753 2432 918 2472 obnoxii,
940 2437 984 2464 ut
1018 2443 1151 2475 grave
1173 2435 1384 2476 degentes

751 2489 902 2511 aevum
925 2478 1035 2512 haud
1059 2490 1241 2522 unquam
1265 2491 1285 2512 a
1306 2492 1385 2513 ma-

753 2525 808 2556 lis
831 2525 1088 2558 liberentur.
1118 2526 1280 2559 Ceterum
1300 2527 1384 2559 hae(-

754 2571 859 2603 verba
885 2572 1003 2604 nescio
1034 2573 1118 2614 quid
1150 2574 1278 2605 eoloris
1303 2574 1383 2614 Ροδ-

752 2617 812 2649 tici
842 2618 1013 2655 referunt,
1037 2620 1072 2650 id
1099 2621 1191 2660 quod
1222 2621 1275 2651 vel
1302 2630 1384 2650 usus

754 2674 828 2699 voc.
868 2662 954 2695 αἰών
987 2666 1112 2706 arguit.
1170 2667 1310 2707 Protag.
1350 2674 1383 2705 p.

751 2708 830 2746 345.
867 2710 907 2743 C.
943 2711 978 2743 in
1026 2711 1140 2744 verbis
1176 2710 1383 2744 Simonidis:
