1612 2872
468 88 554 132 DE
588 89 865 135 LEGIBUS
899 101 980 131 etc.
1180 87 1390 135 CXXIX

0 216 136 259 ¹vero
183 201 230 243 in
280 216 438 258 magna
481 202 706 247 felicitatis
754 211 878 260 parte
925 203 1175 260 pcnendum
1222 204 1389 246 iudica-

0 261 1 268 ’
34 259 111 313 vit,
140 258 179 301 si
215 258 376 314 usagna
405 258 628 302 hominum
673 260 906 303 multitudo
956 267 1000 302 et
1037 275 1063 302 a
1110 259 1390 317 philosophia

31 329 186 358 aversa
213 314 280 357 vel
312 314 394 358 hac
423 316 591 358 ratione
629 317 685 359 ad
717 317 991 360 honestatem
1019 323 1138 360 recte
1169 317 1387 360 studioso-

32 387 118 428 que
149 371 375 414 colendam
405 379 449 414 et
475 373 762 416 exercendam
792 374 1095 421 consuefieret.

153 427 245 472 Sed
286 436 460 484 praeter
497 429 605 472 haec
642 429 731 473 duo
780 446 941 486 genera
991 430 1118 473 facile
1163 432 1389 487 perspexit

62 485 323 541 hilosophus
370 486 499 528 etiam
550 487 725 529 tertium
778 487 954 529 virtutis
1005 503 1145 543 genus
1193 486 1387 544 reperiri.

31 503 149 586 {lam
180 542 275 584 fieri
305 542 435 584 etiam
465 557 596 598 posse
627 543 870 597 intellexit,
913 551 963 585 ut
996 544 1094 598 quis
1121 545 1247 599 quasi
1276 544 1388 587 divi-

31 600 149 642 nitus
189 605 232 641 et
266 605 447 641 naturae
490 599 706 642 beneficio
746 600 885 644 bonus
926 600 1144 642 evaderet.
1215 600 1269 643 In
1301 617 1388 657 quo

17 656 122 699 ..duo
155 655 342 712 spectari
374 655 527 709 voluit,
559 656 749 698 nativam
781 656 836 698 ad
867 657 1074 699 virtutem
1104 656 1311 712 indolem,
1345 671 1390 701 et

22 713 160 769 quasi
193 711 411 767 quandam
454 713 621 769 ingenii
649 713 928 767 felicitatem,
961 728 1048 768 qua
1075 714 1138 754 ita
1168 713 1307 768 fieret,
1341 723 1389 757 ut

29 770 129 826 quis
158 769 243 811 vim
274 769 360 825 ipsi
382 769 629 812 institutam
658 776 907 826 opportuno
937 777 1132 827 tempore
1161 785 1389 826 exprome-

20 833 101 873 ..ret
139 834 186 868 et
228 826 272 868 in
320 825 492 884 agendo
541 834 674 882 atque
722 825 1012 869 consultando
1065 826 1189 881 quasi
1237 826 1386 871 divino

19 882 223 940 quodam
240 883 452 925 instinctu
471 883 743 939 patefaceret
772 892 816 926 et
847 890 1101 926 ostentaret.
1161 884 1259 926 Hac
1281 900 1386 927 vero

19 941 193 983 -virtute
232 940 307 994 qui
346 946 450 983 sunt
486 940 699 997 insignes,
738 940 770 981 ii
800 939 1043 986 secundum
1086 940 1181 982 eius
1211 947 1386 984 senten-

13 998 136 1041 «tiam
179 1002 360 1052 propter
398 996 698 1040 incredibilem
729 997 950 1051 quandam
979 997 1271 1050 alacritatem,
1313 1013 1383 1040 ee-

16 1054 246 1097 ‹<leritatem
293 1060 338 1094 et
368 1053 639 1108 felicitatem,
677 1068 765 1108 qua
802 1054 1027 1109 reperiunt
1066 1068 1118 1095 ac
1151 1054 1388 1108 perficiunt

16 1110 311 1155 jandabiliter
349 1125 460 1165 quae
504 1111 612 1153 alios
652 1111 829 1166 penitus
857 1110 1107 1163 latuerunt,
1138 1110 1228 1152 fere
1258 1111 1386 1154 inscii

17 1167 237 1215 „videntur
280 1173 325 1208 et
362 1167 488 1222 quasi
518 1167 695 1209 numine
724 1168 871 1222 aliquo
907 1166 1056 1209 divino
1088 1167 1299 1209 concitati
1329 1167 1387 1209 ad

17 1229 151 1268 ,recta
180 1230 224 1266 et
254 1223 492 1266 laudabilia
521 1224 704 1266 consilia
733 1230 777 1266 et
803 1224 1000 1266 facinora
1028 1223 1203 1266 deferri.
1263 1223 1385 1278 Quo-

18 1281 149 1337 .circa
194 1296 289 1322 eam
338 1280 626 1337 philosophus
654 1274 847 1323 *dictitat
893 1283 1002 1334 θείᾳ
1042 1284 1197 1334 μοίρᾳ,
1227 1287 1386 1323 sorte

17 1337 250 1390 ‚divina,
283 1337 530 1380 hominibus
548 1337 790 1394 obtingere.
850 1337 1047 1379 Pertinet
1068 1337 1155 1379 huc
1175 1337 1386 1392 imprimis

15 1395 156 1443 docus
196 1395 402 1437 Menonis
440 1410 484 1449 p.
525 1396 592 1436 94.
635 1394 686 1435 E.
726 1410 866 1449 usque
906 1393 962 1436 ad
1003 1409 1046 1449 p.
1094 1396 1185 1437 100.
1225 1394 1276 1438 B.
1307 1394 1383 1436 ubi

16 1451 114 1499 miri
143 1451 422 1494 laudabiliter
451 1451 495 1492 in
526 1451 719 1508 gerenda
741 1452 968 1507 republica
988 1451 1144 1502 versati
1177 1450 1385 1493 dicuntur

0 1510 144 1566 ,g'stsiqe
187 1514 328 1566 μοίρᾳ
363 1508 468 1551 boni
507 1516 549 1550 et
594 1507 837 1551 laudabiles
878 1508 1096 1558 extitisse3
1148 1523 1245 1549 cum
1296 1523 1384 1563 quo

14 1564 129 1614 :loco
159 1565 358 1608 conferes
389 1564 554 1607 utiliter
582 1565 713 1607 etiam
735 1566 916 1609 Menon.
945 1580 988 1619 p.
1010 1565 1078 1606 95).
1110 1564 1169 1606 D.
1191 1564 1384 1620 Apolog.

18 1621 204 1672 insuerat.
246 1639 287 1679 p.
329 1624 395 1664 22.
437 1623 492 1663 A.
533 1621 628 1666 Ion.
658 1637 701 1677 p.
732 1624 830 1665 534.
863 1623 918 1664 A.
950 1621 1002 1664 B.
1035 1620 1086 1663 C.
1119 1637 1160 1677 p.
1195 1623 1292 1663 536.
1325 1621 1383 1664 D.

16 1679 262 1726 -Reninent
290 1678 375 1721 huc
402 1678 507 1720 item
536 1678 611 1721 illa
640 1679 782 1736 Legg.
814 1678 850 1720 I.
882 1695 924 1735 p.
957 1679 1053 1720 642.
1097 1677 1149 1719 C.
1178 1678 1256 1720 ubi
1285 1678 1385 1720 Me·

19 1735 165 1793 -gillus
203 1734 258 1779 de
297 1735 664 1780 Atheniensibus:
726 1739 800 1779 καί
837 1753 914 1790 μοι
945 1737 1041 1789 νῦν,
1071 1734 1240 1790 inquit,
1282 1734 1310 1787 ἦ
1339 1750 1385 1777 τε

13 1798 163 1851 ,φωνή
197 1791 445 1850 προςφιλὴς
475 1791 616 1848 ὑμῶν,
647 1791 698 1836 τό
730 1809 775 1835 τε
804 1790 890 1834 ὑπὸ
922 1793 1098 1834 πολλῶν
1129 1789 1385 1846 λεγόμενον,

14 1848 96 1905 ,ὥς
131 1849 231 1893 ὅσοι
267 1848 523 1900 Ἀθηναίων
569 1852 682 1892 εἰσὶν
719 1849 897 1904 ἀγαθοί
944 1846 1253 1905 διαφερόντως
1303 1851 1386 1891 εὶσὶ

14 1907 256 1955 ,τοιοῦτοι,
305 1906 427 1947 δοκεῖ
473 1903 766 1957 ἀληθέστατα
815 1907 1056 1960 λέγεσθαι·
1104 1901 1239 1956 μόνοι
1299 1901 1384 1958 γὰρ

16 1960 140 2011 ,ἄνευ
180 1959 397 2015 ἀνάγκης,
435 1960 699 2020 αὐτοφυῶς,
740 1964 852 2014 θείᾳ
878 1965 1044 2015 μοίρᾳ,
1082 1959 1271 2011 ἀληθῶς
1311 1963 1386 2003 καὶ

15 2017 92 2065 ,οὔ
110 2035 164 2061 -τι
194 2019 399 2066 πλαστῶς
427 2019 539 2060 εἰσὶν
568 2017 758 2072 ἀγαθοί.
818 2032 929 2072 quae
960 2015 1227 2060 Zellerus
1255 2014 1384 2059 Stud.

18 2075 241 2122 (Platona.
282 2091 323 2131 p.
369 2075 446 2116 109
488 2089 554 2130 sq.
594 2074 706 2116 male
752 2073 928 2115 vellicat
958 2078 1003 2115 et
1048 2071 1386 2127 ineptumrlibri

17 2132 459 2187 ‚auctorem‘arguere
472 2131 721 2184 arbitratur,
734 2130 938 2185 quoniam
958 2129 1112 2183 virtus,
1136 2144 1248 2184 quae
1266 2135 1386 2176 sorte

16 2187 186 2232 ‚divina
228 2188 476 2231 hominibus
527 2189 778 2245 contingat,
837 2186 958 2229 nullo
1015 2191 1145 2242 pacto
1191 2186 1387 2241 potuerit

18 2259 139 2300 ,num
177 2244 304 2288 laude
345 2245 687 2289 commemorari.
755 2245 818 2286 At
855 2243 1074 2285 enimvero
1104 2241 1383 2297 quemadmo-

19 2301 141 2351 ,ndum
180 2302 319 2344 virtus
366 2300 574 2354 δημώδης
617 2305 690 2344 καὶ
728 2299 932 2352 πολιτική
970 2298 1100 2341 modo
1139 2313 1239 2341 cum
1279 2314 1383 2341 con-

10 2358 178 2407 „9temtu
232 2364 276 2399 et
322 2357 542 2412 irrisione,
598 2357 730 2401 modo
782 2372 881 2399 cum
928 2355 1057 2398 laude
1105 2362 1383 2408 memoratur,

22 2415 183 2471 :prouti
220 2420 297 2456 aut
333 2414 426 2457 sola
462 2430 542 2471 per
579 2430 627 2457 se
667 2420 915 2469 spectatur,
967 2418 1044 2455 aut
1086 2411 1237 2454 virtuti
1285 2427 1384 2454 cum

18 2470 226 2520 facientia
263 2471 520 2514 coniunctae
559 2486 583 2514 e
614 2471 794 2528 regione
824 2469 1019 2526 ponitur,
1049 2471 1112 2511 ita
1143 2469 1274 2511 etiam
1300 2468 1384 2510 hoc

20 2540 179 2584 genus
207 2527 394 2581 virtutis,
423 2528 498 2571 ubi
528 2533 809 2584 comparatur
837 2526 895 2569 ad
923 2526 1131 2570 virtutem
1160 2540 1214 2568 ex
1242 2524 1385 2568 scien-

19 2584 104 2642 ⁶223ss
140 2590 186 2627 et
223 2584 474 2649 cognitione
512 2585 617 2628 boni
657 2591 702 2626 et
730 2584 903 2627 honesti
932 2581 1186 2636 oriundam,
1217 2581 1383 2638 suggil-

22 2638 158 2684 ..latur
194 2640 380 2683 subinde
417 2648 463 2685 et
491 2641 810 2695 contemnitur,
832 2656 919 2697 quo
963 2639 1133 2683 scilicet
1161 2638 1389 2681 rideantur
