<?xml version="1.0" encoding="UTF-8"?>
<!DOCTYPE html PUBLIC "-//W3C//DTD XHTML 1.0 Transitional//EN"
    "http://www.w3.org/TR/xhtml1/DTD/xhtml1-transitional.dtd">
<html xmlns="http://www.w3.org/1999/xhtml" xml:lang="en" lang="en">
 <head>
  <title>
</title>
<meta http-equiv="Content-Type" content="text/html;charset=utf-8" />
  <meta name='ocr-system' content='tesseract 3.04.00' />
  <meta name='ocr-capabilities' content='ocr_page ocr_carea ocr_par ocr_line ocrx_word'/>
</head>
<body>
  <div class='ocr_page' id='page_1' title='image "./s1operaomniarece10platuoft_0468.png"; bbox 0 0 1612 2872; ppageno 0'>
   <div class='ocr_carea' id='block_1_1' title="bbox 190 100 1612 856">
    <p class='ocr_par' dir='ltr' id='par_1_1' title="bbox 259 100 1116 146">
     <span class='ocr_line' id='line_1_1' title="bbox 259 100 1116 146; baseline -0.005 -2"><span class='ocrx_word' id='word_1_1' title='bbox 259 106 338 146; x_wconf 82' lang='grc'><strong>288</strong></span> <span class='ocrx_word' id='word_1_2' title='bbox 742 104 774 142; x_wconf 82' lang='grc' dir='ltr'>Ρ</span> <span class='ocrx_word' id='word_1_3' title='bbox 788 102 877 142; x_wconf 85' lang='lat' dir='ltr'><strong>LA</strong></span> <span class='ocrx_word' id='word_1_4' title='bbox 891 102 925 141; x_wconf 80' lang='lat' dir='ltr'>T</span> <span class='ocrx_word' id='word_1_5' title='bbox 941 101 981 141; x_wconf 86' lang='lat' dir='ltr'><em>O</em></span> <span class='ocrx_word' id='word_1_6' title='bbox 997 101 1035 142; x_wconf 88' lang='lat' dir='ltr'>N</span> <span class='ocrx_word' id='word_1_7' title='bbox 1054 100 1116 141; x_wconf 79' lang='lat' dir='ltr'><strong>IS</strong></span> 
     </span>
    </p>

    <p class='ocr_par' dir='ltr' id='par_1_2' title="bbox 359 214 1107 270">
     <span class='ocr_line' id='line_1_2' title="bbox 359 214 1107 270; baseline -0.007 -10"><span class='ocrx_word' id='word_1_8' title='bbox 359 220 461 260; x_wconf 77' lang='lat' dir='ltr'><strong>ME.</strong></span> <span class='ocrx_word' id='word_1_9' title='bbox 505 216 564 258; x_wconf 78' lang='grc' dir='ltr'><strong>(Ιύ</strong></span> <span class='ocrx_word' id='word_1_10' title='bbox 593 215 710 257; x_wconf 72' lang='grc' dir='ltr'><strong><em>πάνυ</em></strong></span> <span class='ocrx_word' id='word_1_11' title='bbox 745 214 897 270; x_wconf 69' lang='grc' dir='ltr'><strong><em>ῥᾴδιον</em></strong></span> <span class='ocrx_word' id='word_1_12' title='bbox 934 216 1107 270; x_wconf 73' lang='grc' dir='ltr'><strong>ἐρωτᾷς.</strong></span> 
     </span>
    </p>

    <p class='ocr_par' dir='ltr' id='par_1_3' title="bbox 258 278 1612 467">
     <span class='ocr_line' id='line_1_3' title="bbox 356 278 1590 335; baseline -0.005 -11"><span class='ocrx_word' id='word_1_13' title='bbox 356 284 451 324; x_wconf 77' lang='grc' dir='ltr'><strong>ΑΘ.</strong></span> <span class='ocrx_word' id='word_1_14' title='bbox 491 280 618 322; x_wconf 78' lang='grc' dir='ltr'><strong>Ἀλλὰ</strong></span> <span class='ocrx_word' id='word_1_15' title='bbox 663 278 751 335; x_wconf 74' lang='grc' dir='ltr'><strong><em>μὴν</em></strong></span> <span class='ocrx_word' id='word_1_16' title='bbox 795 283 857 322; x_wconf 82' lang='grc' dir='ltr'><strong>δεῖ</strong></span> <span class='ocrx_word' id='word_1_17' title='bbox 899 296 944 334; x_wconf 77' lang='grc' dir='ltr'><strong>γε</strong></span> <span class='ocrx_word' id='word_1_18' title='bbox 987 278 1102 334; x_wconf 80' lang='grc' dir='ltr'><strong><em>ἡμᾶς</em></strong></span> <span class='ocrx_word' id='word_1_19' title='bbox 1151 282 1280 323; x_wconf 81' lang='grc' dir='ltr'><strong><em>τοῦτο</em></strong></span> <span class='ocrx_word' id='word_1_20' title='bbox 1330 286 1375 323; x_wconf 76' lang='grc' dir='ltr'><strong><em>ἐν</em></strong></span> <span class='ocrx_word' id='word_1_21' title='bbox 1413 280 1471 333; x_wconf 81' lang='grc' dir='ltr'><strong>τῷ</strong></span> <span class='ocrx_word' id='word_1_22' title='bbox 1510 278 1590 318; x_wconf 86' lang='grc' dir='ltr'><strong>νῦν</strong></span> 
     </span>
     <span class='ocr_line' id='line_1_4' title="bbox 258 345 1612 400; baseline 0 -11"><span class='ocrx_word' id='word_1_23' title='bbox 258 349 532 395; x_wconf 73' lang='grc' dir='ltr'><strong><em>σκοποῦντας</em></strong></span> <span class='ocrx_word' id='word_1_24' title='bbox 577 349 646 387; x_wconf 77' lang='grc' dir='ltr'><strong>καὶ</strong></span> <span class='ocrx_word' id='word_1_25' title='bbox 691 346 970 397; x_wconf 73' lang='grc' dir='ltr'><em>ἐξετάζοντας</em></span> <span class='ocrx_word' id='word_1_26' title='bbox 1017 347 1112 399; x_wconf 81' lang='grc' dir='ltr'><strong><em>περὶ</em></strong></span> <span class='ocrx_word' id='word_1_27' title='bbox 1146 345 1311 400; x_wconf 85' lang='grc' dir='ltr'><strong><em>νόμων,</em></strong></span> <span class='ocrx_word' id='word_1_28' title='bbox 1354 347 1612 396; x_wconf 72' lang='grc' dir='ltr'><strong>παίζονταςΙ</strong></span> 
     </span>
     <span class='ocr_line' id='line_1_5' title="bbox 261 406 1590 467; baseline -0.003 -13"><span class='ocrx_word' id='word_1_29' title='bbox 261 410 442 454; x_wconf 74' lang='grc' dir='ltr'><strong><em>παιδιάν</em></strong></span> <span class='ocrx_word' id='word_1_30' title='bbox 489 409 776 465; x_wconf 77' lang='grc' dir='ltr'><strong><em>πρεσβυτικὴν</em></strong></span> <span class='ocrx_word' id='word_1_31' title='bbox 821 410 1058 467; x_wconf 77' lang='grc' dir='ltr'><strong><em>σώφρονα,</em></strong></span> <span class='ocrx_word' id='word_1_32' title='bbox 1113 412 1306 454; x_wconf 76' lang='grc' dir='ltr'><strong><em>διελθεῖν</em></strong></span> <span class='ocrx_word' id='word_1_33' title='bbox 1350 409 1430 462; x_wconf 81' lang='grc' dir='ltr'><strong><em>τὴν</em></strong></span> <span class='ocrx_word' id='word_1_34' title='bbox 1485 406 1590 452; x_wconf 83' lang='grc' dir='ltr'><strong><em>ὁδὸν</em></strong></span> 
     </span>
    </p>

    <p class='ocr_par' dir='ltr' id='par_1_4' title="bbox 190 475 1480 532">
     <span class='ocr_line' id='line_1_6' title="bbox 190 475 1480 532; baseline -0.002 -11"><span class='ocrx_word' id='word_1_35' title='bbox 190 483 223 522; x_wconf 78' lang='grc' dir='ltr'><strong>Β</strong></span> <span class='ocrx_word' id='word_1_36' title='bbox 256 477 443 526; x_wconf 70' lang='grc' dir='ltr'><strong><em>ἀλύπως,</em></strong></span> <span class='ocrx_word' id='word_1_37' title='bbox 479 475 536 525; x_wconf 78' lang='grc' dir='ltr'><strong>ὡς</strong></span> <span class='ocrx_word' id='word_1_38' title='bbox 570 481 735 532; x_wconf 77' lang='grc' dir='ltr'><strong><em>ἔφαμεν</em></strong></span> <span class='ocrx_word' id='word_1_39' title='bbox 769 475 895 527; x_wconf 77' lang='grc' dir='ltr'><strong><em>ἡνίκα</em></strong></span> <span class='ocrx_word' id='word_1_40' title='bbox 933 475 1164 530; x_wconf 73' lang='grc' dir='ltr'><strong><em>ἠρχόμεθα</em></strong></span> <span class='ocrx_word' id='word_1_41' title='bbox 1198 475 1480 531; x_wconf 78' lang='grc' dir='ltr'><strong><em>πορεύεσθαι.</em></strong></span> 
     </span>
    </p>

    <p class='ocr_par' dir='ltr' id='par_1_5' title="bbox 311 539 1402 596">
     <span class='ocr_line' id='line_1_7' title="bbox 311 539 1402 596; baseline -0.005 -9"><span class='ocrx_word' id='word_1_42' title='bbox 311 579 314 587; x_wconf 78' lang='grc'>.</span> <span class='ocrx_word' id='word_1_43' title='bbox 359 544 460 584; x_wconf 81' lang='grc' dir='ltr'><strong>ΜΕ.</strong></span> <span class='ocrx_word' id='word_1_44' title='bbox 503 544 554 584; x_wconf 85' lang='grc' dir='ltr'><strong>Τί</strong></span> <span class='ocrx_word' id='word_1_45' title='bbox 588 542 699 596; x_wconf 73' lang='grc' dir='ltr'><strong><em>μήνς</em></strong></span> <span class='ocrx_word' id='word_1_46' title='bbox 734 544 808 583; x_wconf 86' lang='grc' dir='ltr'><strong>καὶ</strong></span> <span class='ocrx_word' id='word_1_47' title='bbox 841 547 1047 592; x_wconf 74' lang='grc' dir='ltr'><strong><em>ποιητέον</em></strong></span> <span class='ocrx_word' id='word_1_48' title='bbox 1088 558 1133 594; x_wconf 72' lang='grc' dir='ltr'><strong>γε</strong></span> <span class='ocrx_word' id='word_1_49' title='bbox 1167 539 1223 590; x_wconf 80' lang='grc' dir='ltr'><strong>ὠς</strong></span> <span class='ocrx_word' id='word_1_50' title='bbox 1259 545 1402 593; x_wconf 80' lang='grc' dir='ltr'><strong>λέγεις.</strong></span> 
     </span>
    </p>

    <p class='ocr_par' dir='ltr' id='par_1_6' title="bbox 258 601 1593 846">
     <span class='ocr_line' id='line_1_8' title="bbox 357 601 1590 666; baseline -0.001 -18"><span class='ocrx_word' id='word_1_51' title='bbox 357 608 455 649; x_wconf 81' lang='grc' dir='ltr'><strong>ΑΘ.</strong></span> <span class='ocrx_word' id='word_1_52' title='bbox 505 605 596 650; x_wconf 78' lang='grc' dir='ltr'><strong><em>Τίν’</em></strong></span> <span class='ocrx_word' id='word_1_53' title='bbox 646 601 726 649; x_wconf 83' lang='grc' dir='ltr'><strong>οὖν</strong></span> <span class='ocrx_word' id='word_1_54' title='bbox 769 603 827 649; x_wconf 74' lang='grc' dir='ltr'><strong><em>ἂν</em></strong></span> <span class='ocrx_word' id='word_1_55' title='bbox 863 613 1016 666; x_wconf 73' lang='grc' dir='ltr'><strong><em>σκέψιν</em></strong></span> <span class='ocrx_word' id='word_1_56' title='bbox 1066 609 1223 649; x_wconf 81' lang='grc' dir='ltr'><em>καλλίω</em></span> <span class='ocrx_word' id='word_1_57' title='bbox 1285 608 1590 660; x_wconf 80' lang='grc' dir='ltr'><strong><em>ποιησαίμεθα</em></strong></span> 
     </span>
     <span class='ocr_line' id='line_1_9' title="bbox 258 670 1590 727; baseline -0.001 -13"><span class='ocrx_word' id='word_1_58' title='bbox 258 675 353 727; x_wconf 82' lang='grc' dir='ltr'><strong><em>περὶ</em></strong></span> <span class='ocrx_word' id='word_1_59' title='bbox 389 672 535 727; x_wconf 86' lang='grc' dir='ltr'><strong><em>νόμων</em></strong></span> <span class='ocrx_word' id='word_1_60' title='bbox 581 670 605 724; x_wconf 79' lang='grc' dir='ltr'>ἢ</span> <span class='ocrx_word' id='word_1_61' title='bbox 643 670 835 726; x_wconf 79' lang='grc' dir='ltr'><strong><em>τούτων,</em></strong></span> <span class='ocrx_word' id='word_1_62' title='bbox 884 674 925 715; x_wconf 77' lang='grc' dir='ltr'><strong><em>οἳ</em></strong></span> <span class='ocrx_word' id='word_1_63' title='bbox 970 671 1134 722; x_wconf 79' lang='grc' dir='ltr'><strong><em>ταύτας</em></strong></span> <span class='ocrx_word' id='word_1_64' title='bbox 1180 670 1590 724; x_wconf 83' lang='grc' dir='ltr'><strong><em>διακεκοσμήκασιν;</em></strong></span> 
     </span>
     <span class='ocr_line' id='line_1_10' title="bbox 263 734 1593 793; baseline -0.002 -13"><span class='ocrx_word' id='word_1_65' title='bbox 263 737 287 789; x_wconf 78' lang='grc' dir='ltr'>ἣ</span> <span class='ocrx_word' id='word_1_66' title='bbox 321 737 487 781; x_wconf 80' lang='grc' dir='ltr'><strong><em>πόλεων</em></strong></span> <span class='ocrx_word' id='word_1_67' title='bbox 522 743 614 792; x_wconf 77' lang='grc' dir='ltr'><strong><em>πέρι</em></strong></span> <span class='ocrx_word' id='word_1_68' title='bbox 651 742 779 779; x_wconf 80' lang='grc' dir='ltr'><strong><em>τίνων</em></strong></span> <span class='ocrx_word' id='word_1_69' title='bbox 813 736 1158 793; x_wconf 79' lang='grc' dir='ltr'><strong><em>εὐδοκιμωτέρων</em></strong></span> <span class='ocrx_word' id='word_1_70' title='bbox 1204 754 1247 780; x_wconf 78' lang='grc' dir='ltr'><strong>τε</strong></span> <span class='ocrx_word' id='word_1_71' title='bbox 1282 740 1354 780; x_wconf 83' lang='grc' dir='ltr'><strong>καὶ</strong></span> <span class='ocrx_word' id='word_1_72' title='bbox 1387 734 1593 792; x_wconf 80' lang='grc' dir='ltr'><strong><em>μειζόνων</em></strong></span> 
     </span>
     <span class='ocr_line' id='line_1_11' title="bbox 262 802 958 856; baseline 0 -12"><span class='ocrx_word' id='word_1_73' title='bbox 262 808 538 846; x_wconf 85' lang='grc' dir='ltr'><strong><em>κατοικίσεων</em></strong></span> <span class='ocrx_word' id='word_1_74' title='bbox 573 802 827 856; x_wconf 68' lang='grc' dir='ltr'><strong><em>σκοποίιιεῦ’</em></strong></span> <span class='ocrx_word' id='word_1_75' title='bbox 869 802 926 844; x_wconf 73' lang='grc' dir='ltr'><strong><em>ἄν</em></strong></span> <span class='ocrx_word' id='word_1_76' title='bbox 947 821 958 854; x_wconf 75' lang='lat'><strong>‚-</strong></span> 
     </span>
    </p>
   </div>
   <div class='ocr_carea' id='block_1_2' title="bbox 263 907 1592 996">
    <p class='ocr_par' dir='ltr' id='par_1_7' title="bbox 263 907 1592 996">
     <span class='ocr_line' id='line_1_12' title="bbox 309 907 1592 951; baseline -0.002 -10"><span class='ocrx_word' id='word_1_77' title='bbox 309 911 348 942; x_wconf 83' lang='lat' dir='ltr'><strong>P.</strong></span> <span class='ocrx_word' id='word_1_78' title='bbox 377 911 454 946; x_wconf 85' lang='lat'><strong>685.</strong></span> <span class='ocrx_word' id='word_1_79' title='bbox 484 911 521 943; x_wconf 89' lang='lat' dir='ltr'><strong>B.</strong></span> <span class='ocrx_word' id='word_1_80' title='bbox 549 908 757 951; x_wconf 80' lang='grc' dir='ltr'><strong><em>μειζόνων</em></strong></span> <span class='ocrx_word' id='word_1_81' title='bbox 783 911 1080 948; x_wconf 79' lang='grc' dir='ltr'><strong><em>κατοικίσεων]</em></strong></span> <span class='ocrx_word' id='word_1_82' title='bbox 1129 909 1221 942; x_wconf 82' lang='lat' dir='ltr'><strong>Libri</strong></span> <span class='ocrx_word' id='word_1_83' title='bbox 1250 908 1486 947; x_wconf 75' lang='grc' dir='ltr'><strong><em>κατοικίσεων.</em></strong></span> <span class='ocrx_word' id='word_1_84' title='bbox 1517 907 1592 940; x_wconf 89' lang='lat' dir='ltr'><strong>Mu-</strong></span> 
     </span>
     <span class='ocr_line' id='line_1_13' title="bbox 263 949 1591 996; baseline -0.002 -10"><span class='ocrx_word' id='word_1_85' title='bbox 263 957 411 987; x_wconf 84' lang='lat' dir='ltr'><strong>tavimus</strong></span> <span class='ocrx_word' id='word_1_86' title='bbox 436 956 478 988; x_wconf 91' lang='lat' dir='ltr'><strong>de</strong></span> <span class='ocrx_word' id='word_1_87' title='bbox 502 956 669 988; x_wconf 77' lang='lat' dir='ltr'><strong>sententia</strong></span> <span class='ocrx_word' id='word_1_88' title='bbox 695 954 871 996; x_wconf 77' lang='lat' dir='ltr'><strong>Stephani,</strong></span> <span class='ocrx_word' id='word_1_89' title='bbox 898 953 1073 994; x_wconf 79' lang='lat' dir='ltr'><strong>Boeckliii,</strong></span> <span class='ocrx_word' id='word_1_90' title='bbox 1104 955 1200 987; x_wconf 80' lang='lat' dir='ltr'><strong>Astii.</strong></span> <span class='ocrx_word' id='word_1_91' title='bbox 1229 958 1292 987; x_wconf 79' lang='lat' dir='ltr'><strong>Pro</strong></span> <span class='ocrx_word' id='word_1_92' title='bbox 1319 950 1380 986; x_wconf 83' lang='grc' dir='ltr'><strong><em>τι”ν</em></strong></span> <span class='ocrx_word' id='word_1_93' title='bbox 1407 949 1470 985; x_wconf 81' lang='grc' dir='ltr'><strong>οὖν</strong></span> <span class='ocrx_word' id='word_1_94' title='bbox 1491 954 1591 986; x_wconf 76' lang='lat' dir='ltr'><strong>Voss</strong></span> 
     </span>
    </p>
   </div>
   <div class='ocr_carea' id='block_1_3' title="bbox 265 1012 390 1032">
    <p class='ocr_par' dir='ltr' id='par_1_8' title="bbox 265 1012 390 1032">
     <span class='ocr_line' id='line_1_14' title="bbox 265 1012 390 1032; baseline 0 -1"><span class='ocrx_word' id='word_1_95' title='bbox 265 1012 290 1031; x_wconf 80' lang='lat' dir='ltr'><em>u</em></span> <span class='ocrx_word' id='word_1_96' title='bbox 316 1012 390 1032; x_wconf 73' lang='grc' dir='ltr'><strong>Ουν.</strong></span> 
     </span>
    </p>
   </div>
   <div class='ocr_carea' id='block_1_4' title="bbox 263 1088 902 1759">
    <p class='ocr_par' dir='ltr' id='par_1_9' title="bbox 263 1088 902 1618">
     <span class='ocr_line' id='line_1_15' title="bbox 263 1088 894 1130; baseline -0.003 -8"><span class='ocrx_word' id='word_1_97' title='bbox 263 1091 338 1122; x_wconf 91' lang='lat' dir='ltr'><strong>loco</strong></span> <span class='ocrx_word' id='word_1_98' title='bbox 351 1095 444 1123; x_wconf 87' lang='lat' dir='ltr'><strong>recte</strong></span> <span class='ocrx_word' id='word_1_99' title='bbox 466 1091 626 1123; x_wconf 76' lang='lat' dir='ltr'><strong>scribitur</strong></span> <span class='ocrx_word' id='word_1_100' title='bbox 645 1089 815 1130; x_wconf 77' lang='grc' dir='ltr'><strong><em>οἰκήσεων.</em></strong></span> <span class='ocrx_word' id='word_1_101' title='bbox 838 1088 894 1120; x_wconf 85' lang='lat' dir='ltr'><strong>In-</strong></span> 
     </span>
     <span class='ocr_line' id='line_1_16' title="bbox 263 1135 897 1177; baseline -0.006 -9"><span class='ocrx_word' id='word_1_102' title='bbox 263 1137 466 1177; x_wconf 82' lang='lat' dir='ltr'><strong>telliguntur</strong></span> <span class='ocrx_word' id='word_1_103' title='bbox 477 1136 564 1169; x_wconf 87' lang='lat' dir='ltr'><strong>enim</strong></span> <span class='ocrx_word' id='word_1_104' title='bbox 583 1137 677 1177; x_wconf 85' lang='lat' dir='ltr'><strong>ipsae</strong></span> <span class='ocrx_word' id='word_1_105' title='bbox 690 1135 846 1167; x_wconf 84' lang='lat' dir='ltr'><strong>civitates</strong></span> <span class='ocrx_word' id='word_1_106' title='bbox 863 1137 897 1165; x_wconf 90' lang='lat' dir='ltr'><strong>et</strong></span> 
     </span>
     <span class='ocr_line' id='line_1_17' title="bbox 264 1179 896 1223; baseline -0.005 -11"><span class='ocrx_word' id='word_1_107' title='bbox 264 1182 496 1222; x_wconf 78' lang='lat' dir='ltr'><strong>respublicae,</strong></span> <span class='ocrx_word' id='word_1_108' title='bbox 546 1185 713 1223; x_wconf 83' lang='lat' dir='ltr'><strong>quatenns</strong></span> <span class='ocrx_word' id='word_1_109' title='bbox 751 1179 896 1211; x_wconf 84' lang='lat' dir='ltr'><strong>admini-</strong></span> 
     </span>
     <span class='ocr_line' id='line_1_18' title="bbox 264 1226 894 1267; baseline -0.002 -10"><span class='ocrx_word' id='word_1_110' title='bbox 264 1230 414 1258; x_wconf 83' lang='lat' dir='ltr'><strong>strantur</strong></span> <span class='ocrx_word' id='word_1_111' title='bbox 482 1230 589 1267; x_wconf 75' lang='lat' dir='ltr'><strong>atque</strong></span> <span class='ocrx_word' id='word_1_112' title='bbox 655 1226 894 1266; x_wconf 81' lang='lat' dir='ltr'><strong>gubernantur.</strong></span> 
     </span>
     <span class='ocr_line' id='line_1_19' title="bbox 268 1270 896 1311; baseline -0.008 -7"><span class='ocrx_word' id='word_1_113' title='bbox 268 1270 503 1305; x_wconf 80' lang='lat' dir='ltr'><strong>Quamobrem</strong></span> <span class='ocrx_word' id='word_1_114' title='bbox 517 1271 705 1302; x_wconf 76' lang='lat' dir='ltr'><strong>verisimile</strong></span> <span class='ocrx_word' id='word_1_115' title='bbox 723 1273 896 1311; x_wconf 83' lang='lat' dir='ltr'><strong>putamus,</strong></span> 
     </span>
     <span class='ocr_line' id='line_1_20' title="bbox 263 1314 897 1356; baseline -0.006 -8"><span class='ocrx_word' id='word_1_116' title='bbox 263 1317 519 1356; x_wconf 84' lang='lat' dir='ltr'><strong>criticos,qnum</strong></span> <span class='ocrx_word' id='word_1_117' title='bbox 529 1317 684 1347; x_wconf 81' lang='lat' dir='ltr'><strong>viderent</strong></span> <span class='ocrx_word' id='word_1_118' title='bbox 693 1324 765 1347; x_wconf 84' lang='lat' dir='ltr'><strong>eam</strong></span> <span class='ocrx_word' id='word_1_119' title='bbox 777 1314 897 1345; x_wconf 85' lang='lat' dir='ltr'><strong>lectio-</strong></span> 
     </span>
     <span class='ocr_line' id='line_1_21' title="bbox 264 1359 897 1402; baseline -0.006 -9"><span class='ocrx_word' id='word_1_120' title='bbox 264 1370 341 1394; x_wconf 88' lang='lat' dir='ltr'><strong>nem</strong></span> <span class='ocrx_word' id='word_1_121' title='bbox 366 1360 418 1392; x_wconf 81' lang='lat' dir='ltr'><strong>hic</strong></span> <span class='ocrx_word' id='word_1_122' title='bbox 443 1360 545 1402; x_wconf 87' lang='lat' dir='ltr'><strong>longe</strong></span> <span class='ocrx_word' id='word_1_123' title='bbox 567 1370 645 1393; x_wconf 83' lang='lat' dir='ltr'><strong>esse</strong></span> <span class='ocrx_word' id='word_1_124' title='bbox 663 1359 897 1401; x_wconf 78' lang='lat' dir='ltr'><strong>certissimam,</strong></span> 
     </span>
     <span class='ocr_line' id='line_1_22' title="bbox 264 1404 902 1447; baseline -0.006 -10"><span class='ocrx_word' id='word_1_125' title='bbox 264 1407 295 1437; x_wconf 89' lang='lat' dir='ltr'><strong>in</strong></span> <span class='ocrx_word' id='word_1_126' title='bbox 327 1406 564 1447; x_wconf 79' lang='lat' dir='ltr'><strong>superioribus</strong></span> <span class='ocrx_word' id='word_1_127' title='bbox 595 1406 676 1437; x_wconf 90' lang='lat' dir='ltr'><strong>item</strong></span> <span class='ocrx_word' id='word_1_128' title='bbox 711 1404 902 1444; x_wconf 73' lang='grc' dir='ltr'><strong><em>κατοίκησις</em></strong></span> 
     </span>
     <span class='ocr_line' id='line_1_23' title="bbox 265 1447 902 1492; baseline -0.006 -10"><span class='ocrx_word' id='word_1_129' title='bbox 265 1450 499 1492; x_wconf 84' lang='lat' dir='ltr'><strong>reponendum</strong></span> <span class='ocrx_word' id='word_1_130' title='bbox 520 1450 735 1484; x_wconf 79' lang='lat' dir='ltr'><strong>iudicavisse.</strong></span> <span class='ocrx_word' id='word_1_131' title='bbox 755 1466 798 1471; x_wconf 90' lang='lat'>—</span> <span class='ocrx_word' id='word_1_132' title='bbox 823 1447 902 1488; x_wconf 75' lang='grc' dir='ltr'><strong>τήν</strong></span> 
     </span>
     <span class='ocr_line' id='line_1_24' title="bbox 265 1493 899 1536; baseline -0.005 -9"><span class='ocrx_word' id='word_1_133' title='bbox 265 1507 306 1527; x_wconf 82' lang='grc' dir='ltr'><strong>τε</strong></span> <span class='ocrx_word' id='word_1_134' title='bbox 331 1496 543 1527; x_wconf 75' lang='grc' dir='ltr'><strong><em>πολιτεία</em></strong></span> <span class='ocrx_word' id='word_1_135' title='bbox 555 1508 591 1536; x_wconf 80' lang='grc' dir='ltr'><strong><em>ν,</em></strong></span> <span class='ocrx_word' id='word_1_136' title='bbox 617 1494 647 1527; x_wconf 88' lang='lat' dir='ltr'><strong>h.</strong></span> <span class='ocrx_word' id='word_1_137' title='bbox 675 1505 704 1526; x_wconf 91' lang='lat' dir='ltr'><strong>e.</strong></span> <span class='ocrx_word' id='word_1_138' title='bbox 731 1493 899 1526; x_wconf 81' lang='lat' dir='ltr'><strong>constitu·</strong></span> 
     </span>
     <span class='ocr_line' id='line_1_25' title="bbox 265 1539 899 1582; baseline -0.005 -10"><span class='ocrx_word' id='word_1_139' title='bbox 265 1541 392 1573; x_wconf 84' lang='lat' dir='ltr'><strong>tionem</strong></span> <span class='ocrx_word' id='word_1_140' title='bbox 435 1543 540 1582; x_wconf 79' lang='lat' dir='ltr'><strong>atque</strong></span> <span class='ocrx_word' id='word_1_141' title='bbox 585 1539 799 1582; x_wconf 80' lang='lat' dir='ltr'><strong>disciplinam</strong></span> <span class='ocrx_word' id='word_1_142' title='bbox 837 1547 899 1579; x_wconf 85' lang='lat' dir='ltr'><strong>pu-</strong></span> 
     </span>
     <span class='ocr_line' id='line_1_26' title="bbox 265 1586 402 1618; baseline -0.008 0"><span class='ocrx_word' id='word_1_143' title='bbox 265 1586 402 1618; x_wconf 82' lang='lat' dir='ltr'><strong>blicam.</strong></span> 
     </span>
    </p>

    <p class='ocr_par' dir='ltr' id='par_1_10' title="bbox 267 1625 899 1717">
     <span class='ocr_line' id='line_1_27' title="bbox 311 1625 899 1674; baseline -0.01 -13"><span class='ocrx_word' id='word_1_144' title='bbox 311 1626 375 1662; x_wconf 83' lang='lat' dir='ltr'><strong>Ov&#39;</strong></span> <span class='ocrx_word' id='word_1_145' title='bbox 401 1630 512 1661; x_wconf 77' lang='grc' dir='ltr'><strong><em>πάνυ</em></strong></span> <span class='ocrx_word' id='word_1_146' title='bbox 536 1627 690 1674; x_wconf 75' lang='grc' dir='ltr'><strong><em>ῥᾴδιον</em></strong></span> <span class='ocrx_word' id='word_1_147' title='bbox 711 1625 899 1670; x_wconf 73' lang='grc' dir='ltr'><strong><em>ἔρωτας]</em></strong></span> 
     </span>
     <span class='ocr_line' id='line_1_28' title="bbox 267 1672 901 1759; baseline -0.006 -53"><span class='ocrx_word' id='word_1_148' title='bbox 267 1674 317 1706; x_wconf 90' lang='lat' dir='ltr'><strong>De</strong></span> <span class='ocrx_word' id='word_1_149' title='bbox 343 1673 465 1719; x_wconf 73' lang='grc' dir='ltr'><strong><em>ῥοίδιον</em></strong></span> <span class='ocrx_word' id='word_1_150' title='bbox 488 1674 559 1706; x_wconf 81' lang='lat' dir='ltr'><strong>sine</strong></span> <span class='ocrx_word' id='word_1_151' title='bbox 583 1685 617 1705; x_wconf 83' lang='grc' dir='ltr'><strong>τι</strong></span> <span class='ocrx_word' id='word_1_152' title='bbox 625 1672 755 1759; x_wconf 72' lang='grc' dir='ltr'><strong>Ρροείω</strong></span> <span class='ocrx_word' id='word_1_153' title='bbox 783 1679 814 1702; x_wconf 84' lang='lat' dir='ltr'><strong>v.</strong></span> <span class='ocrx_word' id='word_1_154' title='bbox 841 1679 901 1702; x_wconf 85' lang='lat' dir='ltr'><strong>an-</strong></span> 
     </span>
    </p>
   </div>
   <div class='ocr_carea' id='block_1_5' title="bbox 249 1709 903 1857">
    <p class='ocr_par' dir='ltr' id='par_1_11' title="bbox 249 1709 903 1857">
     <span class='ocr_line' id='line_1_29' title="bbox 266 1709 903 1803; baseline -0.008 -53"><span class='ocrx_word' id='word_1_155' title='bbox 266 1722 336 1752; x_wconf 89' lang='lat' dir='ltr'><strong>not.</strong></span> <span class='ocrx_word' id='word_1_156' title='bbox 363 1709 407 1750; x_wconf 87' lang='lat' dir='ltr'><strong>ad</strong></span> <span class='ocrx_word' id='word_1_157' title='bbox 433 1719 615 1803; x_wconf 80' lang='lat' dir='ltr'><strong>Sympos.p</strong></span> <span class='ocrx_word' id='word_1_158' title='bbox 649 1716 758 1750; x_wconf 83' lang='lat'><strong>.175.</strong></span> <span class='ocrx_word' id='word_1_159' title='bbox 793 1715 835 1748; x_wconf 91' lang='grc' dir='ltr'><strong>Β.</strong></span> <span class='ocrx_word' id='word_1_160' title='bbox 868 1718 903 1746; x_wconf 81' lang='lat' dir='ltr'><strong>et</strong></span> 
     </span>
     <span class='ocr_line' id='line_1_30' title="bbox 267 1728 901 1805; baseline -0.003 -10"><span class='ocrx_word' id='word_1_161' title='bbox 267 1773 366 1805; x_wconf 80' lang='lat' dir='ltr'><strong>supra</strong></span> <span class='ocrx_word' id='word_1_162' title='bbox 390 1763 498 1804; x_wconf 77' lang='lat' dir='ltr'><strong>Legg.</strong></span> <span class='ocrx_word' id='word_1_163' title='bbox 526 1764 558 1798; x_wconf 91' lang='grc'><strong>1.</strong></span> <span class='ocrx_word' id='word_1_164' title='bbox 619 1728 730 1796; x_wconf 70' lang='grc' dir='ltr'>.Ρ633.</span> <span class='ocrx_word' id='word_1_165' title='bbox 758 1760 796 1791; x_wconf 89' lang='grc' dir='ltr'><strong>Β.</strong></span> <span class='ocrx_word' id='word_1_166' title='bbox 822 1759 901 1794; x_wconf 86' lang='grc'>642</span> 
     </span>
     <span class='ocr_line' id='line_1_31' title="bbox 249 1773 901 1857; baseline -0.005 -17"><span class='ocrx_word' id='word_1_167' title='bbox 249 1809 312 1857; x_wconf 67' lang='grc' dir='ltr'><strong>ΔΑ.</strong></span> <span class='ocrx_word' id='word_1_168' title='bbox 339 1808 432 1840; x_wconf 89' lang='lat' dir='ltr'><strong>Libr.</strong></span> <span class='ocrx_word' id='word_1_169' title='bbox 457 1809 506 1840; x_wconf 92' lang='grc' dir='ltr'><strong>ΙΙ.</strong></span> <span class='ocrx_word' id='word_1_170' title='bbox 584 1773 663 1841; x_wconf 86' lang='grc'>653.</span> <span class='ocrx_word' id='word_1_171' title='bbox 691 1810 730 1838; x_wconf 86' lang='grc' dir='ltr'><strong>Α.</strong></span> <span class='ocrx_word' id='word_1_172' title='bbox 753 1803 831 1839; x_wconf 88' lang='grc'>658.</span> <span class='ocrx_word' id='word_1_173' title='bbox 862 1804 901 1836; x_wconf 89' lang='lat' dir='ltr'><strong>C.</strong></span> 
     </span>
    </p>
   </div>
   <div class='ocr_carea' id='block_1_6' title="bbox 269 1848 905 2653">
    <p class='ocr_par' dir='ltr' id='par_1_12' title="bbox 269 1848 905 2653">
     <span class='ocr_line' id='line_1_32' title="bbox 313 1848 903 1891; baseline -0.003 -8"><span class='ocrx_word' id='word_1_174' title='bbox 313 1851 551 1890; x_wconf 75' lang='grc' dir='ltr'><strong><em>παίζοντας</em></strong></span> <span class='ocrx_word' id='word_1_175' title='bbox 593 1848 772 1884; x_wconf 73' lang='grc' dir='ltr'><strong><em>παιδιὰν</em></strong></span> <span class='ocrx_word' id='word_1_176' title='bbox 810 1859 903 1891; x_wconf 78' lang='grc' dir='ltr'><strong>πρε·</strong></span> 
     </span>
     <span class='ocr_line' id='line_1_33' title="bbox 269 1893 902 1952; baseline -0.005 -23"><span class='ocrx_word' id='word_1_177' title='bbox 269 1893 902 1952; x_wconf 69' lang='grc' dir='ltr'><strong><em>σβυτικήνσώφρονα]8ῒθρὴει-</em></strong></span> 
     </span>
     <span class='ocr_line' id='line_1_34' title="bbox 271 1939 903 1984; baseline -0.005 -10"><span class='ocrx_word' id='word_1_178' title='bbox 271 1952 344 1974; x_wconf 83' lang='lat' dir='ltr'><strong>nus</strong></span> <span class='ocrx_word' id='word_1_179' title='bbox 378 1947 456 1974; x_wconf 85' lang='lat' dir='ltr'><strong>ante</strong></span> <span class='ocrx_word' id='word_1_180' title='bbox 494 1940 652 1984; x_wconf 69' lang='grc' dir='ltr'><strong><em>σῳφρονα</em></strong></span> <span class='ocrx_word' id='word_1_181' title='bbox 685 1939 903 1973; x_wconf 88' lang='lat' dir='ltr'><strong>inserendum</strong></span> 
     </span>
     <span class='ocr_line' id='line_1_35' title="bbox 270 1984 903 2027; baseline -0.005 -9"><span class='ocrx_word' id='word_1_182' title='bbox 270 1991 389 2019; x_wconf 85' lang='lat' dir='ltr'><strong>censet</strong></span> <span class='ocrx_word' id='word_1_183' title='bbox 422 1987 495 2027; x_wconf 79' lang='grc' dir='ltr'><strong><em>καί,</em></strong></span> <span class='ocrx_word' id='word_1_184' title='bbox 531 1987 741 2020; x_wconf 76' lang='lat' dir='ltr'><strong>assentiente</strong></span> <span class='ocrx_word' id='word_1_185' title='bbox 764 1984 903 2016; x_wconf 86' lang='lat' dir='ltr'><strong>Astio.</strong></span> 
     </span>
     <span class='ocr_line' id='line_1_36' title="bbox 272 2029 902 2064; baseline -0.005 -1"><span class='ocrx_word' id='word_1_186' title='bbox 272 2031 377 2064; x_wconf 83' lang='lat' dir='ltr'><strong>Nobis</strong></span> <span class='ocrx_word' id='word_1_187' title='bbox 411 2042 450 2064; x_wconf 83' lang='lat' dir='ltr'><strong>ea</strong></span> <span class='ocrx_word' id='word_1_188' title='bbox 483 2031 526 2064; x_wconf 85' lang='lat' dir='ltr'><strong>de</strong></span> <span class='ocrx_word' id='word_1_189' title='bbox 554 2041 592 2063; x_wconf 89' lang='lat' dir='ltr'><strong>re</strong></span> <span class='ocrx_word' id='word_1_190' title='bbox 622 2030 760 2063; x_wconf 88' lang='lat' dir='ltr'><strong>videtur</strong></span> <span class='ocrx_word' id='word_1_191' title='bbox 792 2029 902 2061; x_wconf 83' lang='lat' dir='ltr'><strong>aliter.</strong></span> 
     </span>
     <span class='ocr_line' id='line_1_37' title="bbox 272 2071 904 2130; baseline -0.008 -22"><span class='ocrx_word' id='word_1_192' title='bbox 272 2076 362 2108; x_wconf 81' lang='lat' dir='ltr'><strong>Nam</strong></span> <span class='ocrx_word' id='word_1_193' title='bbox 397 2075 555 2130; x_wconf 78' lang='grc' dir='ltr'><strong><em>σώφρονα</em></strong></span> <span class='ocrx_word' id='word_1_194' title='bbox 590 2075 633 2107; x_wconf 83' lang='lat' dir='ltr'><strong>ad</strong></span> <span class='ocrx_word' id='word_1_195' title='bbox 653 2071 795 2107; x_wconf 77' lang='grc' dir='ltr'><strong><em>παιδιὰν</em></strong></span> <span class='ocrx_word' id='word_1_196' title='bbox 824 2084 904 2116; x_wconf 75' lang='grc' dir='ltr'><strong><em>πρε-</em></strong></span> 
     </span>
     <span class='ocr_line' id='line_1_38' title="bbox 275 2118 902 2162; baseline -0.003 -10"><span class='ocrx_word' id='word_1_197' title='bbox 275 2119 450 2162; x_wconf 77' lang='grc' dir='ltr'><strong><em>σβυτικῆν,</em></strong></span> <span class='ocrx_word' id='word_1_198' title='bbox 475 2120 566 2162; x_wconf 90' lang='lat' dir='ltr'><strong>quod</strong></span> <span class='ocrx_word' id='word_1_199' title='bbox 592 2120 624 2152; x_wconf 91' lang='lat' dir='ltr'><strong>in</strong></span> <span class='ocrx_word' id='word_1_200' title='bbox 639 2129 739 2152; x_wconf 84' lang='lat' dir='ltr'><strong>unam</strong></span> <span class='ocrx_word' id='word_1_201' title='bbox 753 2118 822 2151; x_wconf 89' lang='lat' dir='ltr'><strong>coit</strong></span> <span class='ocrx_word' id='word_1_202' title='bbox 842 2128 902 2150; x_wconf 89' lang='lat' dir='ltr'><strong>no-</strong></span> 
     </span>
     <span class='ocr_line' id='line_1_39' title="bbox 270 2165 901 2207; baseline -0.003 -10"><span class='ocrx_word' id='word_1_203' title='bbox 270 2166 410 2205; x_wconf 87' lang='lat' dir='ltr'><strong>tionem,</strong></span> <span class='ocrx_word' id='word_1_204' title='bbox 434 2169 595 2207; x_wconf 80' lang='lat' dir='ltr'><strong>tanquam</strong></span> <span class='ocrx_word' id='word_1_205' title='bbox 617 2165 829 2197; x_wconf 81' lang='lat' dir='ltr'><strong>extrinsecus</strong></span> <span class='ocrx_word' id='word_1_206' title='bbox 838 2173 901 2195; x_wconf 84' lang='lat' dir='ltr'><strong>ac-</strong></span> 
     </span>
     <span class='ocr_line' id='line_1_40' title="bbox 270 2209 901 2252; baseline -0.002 -11"><span class='ocrx_word' id='word_1_207' title='bbox 270 2209 372 2251; x_wconf 87' lang='lat' dir='ltr'><strong>cedit,</strong></span> <span class='ocrx_word' id='word_1_208' title='bbox 401 2210 544 2252; x_wconf 83' lang='lat' dir='ltr'><strong>perinde</strong></span> <span class='ocrx_word' id='word_1_209' title='bbox 567 2220 607 2242; x_wconf 86' lang='lat' dir='ltr'><strong>ac</strong></span> <span class='ocrx_word' id='word_1_210' title='bbox 623 2210 650 2242; x_wconf 88' lang='lat' dir='ltr'><strong>si</strong></span> <span class='ocrx_word' id='word_1_211' title='bbox 671 2209 845 2250; x_wconf 81' lang='lat' dir='ltr'><strong>scriptum</strong></span> <span class='ocrx_word' id='word_1_212' title='bbox 850 2209 901 2240; x_wconf 85' lang='lat' dir='ltr'><strong>le-</strong></span> 
     </span>
     <span class='ocr_line' id='line_1_41' title="bbox 270 2251 900 2311; baseline -0.003 -25"><span class='ocrx_word' id='word_1_213' title='bbox 270 2258 383 2294; x_wconf 81' lang='lat' dir='ltr'><strong>gatur:</strong></span> <span class='ocrx_word' id='word_1_214' title='bbox 426 2255 613 2311; x_wconf 79' lang='grc' dir='ltr'><strong><em>παίζοντας</em></strong></span> <span class='ocrx_word' id='word_1_215' title='bbox 644 2251 785 2286; x_wconf 77' lang='grc' dir='ltr'><strong><em>παιδιὰν</em></strong></span> <span class='ocrx_word' id='word_1_216' title='bbox 823 2264 900 2296; x_wconf 71' lang='grc' dir='ltr'><strong><em>πρε-</em></strong></span> 
     </span>
     <span class='ocr_line' id='line_1_42' title="bbox 271 2293 901 2343; baseline -0.003 -13"><span class='ocrx_word' id='word_1_217' title='bbox 271 2297 461 2340; x_wconf 77' lang='grc' dir='ltr'><strong><em>σβυτικήν,</em></strong></span> <span class='ocrx_word' id='word_1_218' title='bbox 460 2298 542 2337; x_wconf 65' lang='lat' dir='ltr'><strong>(ficu</strong></span> <span class='ocrx_word' id='word_1_219' title='bbox 556 2297 715 2343; x_wconf 76' lang='grc' dir='ltr'><strong><em>σώφρονα</em></strong></span> <span class='ocrx_word' id='word_1_220' title='bbox 732 2298 775 2330; x_wconf 72' lang='grc' dir='ltr'><strong>αὖ</strong></span> <span class='ocrx_word' id='word_1_221' title='bbox 781 2297 840 2338; x_wconf 70' lang='grc' dir='ltr'><strong>τήν</strong></span> <span class='ocrx_word' id='word_1_222' title='bbox 855 2293 901 2328; x_wconf 82' lang='grc' dir='ltr'><strong>εἶ-</strong></span> 
     </span>
     <span class='ocr_line' id='line_1_43' title="bbox 271 2342 901 2383; baseline 0.002 -9"><span class='ocrx_word' id='word_1_223' title='bbox 271 2354 346 2383; x_wconf 79' lang='grc' dir='ltr'><strong><em>ναι,</em></strong></span> <span class='ocrx_word' id='word_1_224' title='bbox 380 2344 513 2377; x_wconf 87' lang='lat' dir='ltr'><strong>lusum</strong></span> <span class='ocrx_word' id='word_1_225' title='bbox 536 2345 726 2377; x_wconf 84' lang='lat' dir='ltr'><strong>senilem</strong></span> <span class='ocrx_word' id='word_1_226' title='bbox 755 2342 901 2376; x_wconf 84' lang='lat' dir='ltr'><strong>luden-</strong></span> 
     </span>
     <span class='ocr_line' id='line_1_44' title="bbox 271 2389 901 2422; baseline 0 -3"><span class='ocrx_word' id='word_1_227' title='bbox 271 2391 338 2420; x_wconf 86' lang='lat' dir='ltr'><strong>tes</strong></span> <span class='ocrx_word' id='word_1_228' title='bbox 396 2389 662 2422; x_wconf 77' lang='lat' dir='ltr'><strong>moderatum</strong></span> <span class='ocrx_word' id='word_1_229' title='bbox 718 2397 769 2420; x_wconf 73' lang='lat' dir='ltr'><strong>uc</strong></span> <span class='ocrx_word' id='word_1_230' title='bbox 841 2396 901 2419; x_wconf 88' lang='lat' dir='ltr'><strong>so-</strong></span> 
     </span>
     <span class='ocr_line' id='line_1_45' title="bbox 272 2432 902 2474; baseline 0 -11"><span class='ocrx_word' id='word_1_231' title='bbox 272 2432 506 2474; x_wconf 84' lang='lat' dir='ltr'><strong>brium;qui</strong></span> <span class='ocrx_word' id='word_1_232' title='bbox 529 2433 753 2467; x_wconf 73' lang='lat' dir='ltr'><strong>mode-tu·</strong></span> <span class='ocrx_word' id='word_1_233' title='bbox 772 2433 902 2465; x_wconf 79' lang='lat' dir='ltr'><strong>sitat-</strong></span> 
     </span>
     <span class='ocr_line' id='line_1_46' title="bbox 273 2476 902 2518; baseline 0.002 -10"><span class='ocrx_word' id='word_1_234' title='bbox 273 2486 357 2517; x_wconf 89' lang='lat' dir='ltr'><strong>que</strong></span> <span class='ocrx_word' id='word_1_235' title='bbox 406 2478 615 2518; x_wconf 77' lang='lat' dir='ltr'><strong>prudens;</strong></span> <span class='ocrx_word' id='word_1_236' title='bbox 660 2478 787 2510; x_wconf 85' lang='lat' dir='ltr'><strong>einen</strong></span> <span class='ocrx_word' id='word_1_237' title='bbox 835 2476 902 2509; x_wconf 82' lang='lat' dir='ltr'><strong>fiir</strong></span> 
     </span>
     <span class='ocr_line' id='line_1_47' title="bbox 274 2521 902 2565; baseline 0 -12"><span class='ocrx_word' id='word_1_238' title='bbox 274 2521 433 2565; x_wconf 63' lang='lat' dir='ltr'><strong>Greisa</strong></span> <span class='ocrx_word' id='word_1_239' title='bbox 495 2521 743 2564; x_wconf 85' lang='lat' dir='ltr'><strong>passenden</strong></span> <span class='ocrx_word' id='word_1_240' title='bbox 811 2530 902 2559; x_wconf 68' lang='lat' dir='ltr'><strong>yer-</strong></span> 
     </span>
     <span class='ocr_line' id='line_1_48' title="bbox 273 2565 903 2608; baseline 0.002 -11"><span class='ocrx_word' id='word_1_241' title='bbox 273 2565 903 2608; x_wconf 79' lang='lat' dir='ltr'><strong>niinftigenZeitvertreibuns</strong></span> 
     </span>
     <span class='ocr_line' id='line_1_49' title="bbox 275 2610 905 2653; baseline -0.003 -9"><span class='ocrx_word' id='word_1_242' title='bbox 275 2610 489 2644; x_wconf 76' lang='lat' dir='ltr'><strong>muchend.</strong></span> <span class='ocrx_word' id='word_1_243' title='bbox 538 2612 660 2653; x_wconf 81' lang='lat' dir='ltr'><strong>Itaque</strong></span> <span class='ocrx_word' id='word_1_244' title='bbox 691 2611 814 2645; x_wconf 78' lang='lat' dir='ltr'><strong>vocula</strong></span> <span class='ocrx_word' id='word_1_245' title='bbox 848 2611 905 2643; x_wconf 76' lang='grc' dir='ltr'><strong>καί</strong></span> 
     </span>
    </p>
   </div>
   <div class='ocr_carea' id='block_1_7' title="bbox 965 1087 1598 2651">
    <p class='ocr_par' dir='ltr' id='par_1_13' title="bbox 965 1087 1597 1667">
     <span class='ocr_line' id='line_1_50' title="bbox 965 1087 1592 1130; baseline 0.002 -11"><span class='ocrx_word' id='word_1_246' title='bbox 965 1087 1066 1120; x_wconf 82' lang='lat' dir='ltr'><strong>facile</strong></span> <span class='ocrx_word' id='word_1_247' title='bbox 1110 1097 1273 1121; x_wconf 77' lang='lat' dir='ltr'><strong>caremus.</strong></span> <span class='ocrx_word' id='word_1_248' title='bbox 1319 1089 1425 1130; x_wconf 82' lang='lat' dir='ltr'><strong>legg.</strong></span> <span class='ocrx_word' id='word_1_249' title='bbox 1466 1088 1524 1121; x_wconf 90' lang='lat' dir='ltr'><strong>Vl.</strong></span> <span class='ocrx_word' id='word_1_250' title='bbox 1560 1099 1592 1129; x_wconf 91' lang='lat' dir='ltr'><strong>p</strong></span> 
     </span>
     <span class='ocr_line' id='line_1_51' title="bbox 966 1133 1593 1176; baseline -0.005 -9"><span class='ocrx_word' id='word_1_251' title='bbox 966 1133 1042 1167; x_wconf 81' lang='grc'>769.</span> <span class='ocrx_word' id='word_1_252' title='bbox 1058 1134 1108 1165; x_wconf 74' lang='lat' dir='ltr'><strong>A:</strong></span> <span class='ocrx_word' id='word_1_253' title='bbox 1124 1146 1139 1173; x_wconf 79' lang='grc' dir='ltr'><em>η</em></span> <span class='ocrx_word' id='word_1_254' title='bbox 1160 1135 1353 1174; x_wconf 74' lang='grc' dir='ltr'><strong><em>πρεσβυτῶν</em></strong></span> <span class='ocrx_word' id='word_1_255' title='bbox 1369 1133 1506 1176; x_wconf 68' lang='grc' dir='ltr'><strong><em>ἔμφρων</em></strong></span> <span class='ocrx_word' id='word_1_256' title='bbox 1516 1145 1593 1164; x_wconf 81' lang='grc' dir='ltr'><strong>παι</strong></span> 
     </span>
     <span class='ocr_line' id='line_1_52' title="bbox 965 1177 1596 1211; baseline 0 -2"><span class='ocrx_word' id='word_1_257' title='bbox 965 1177 1032 1210; x_wconf 73' lang='grc' dir='ltr'><strong>διά.</strong></span> <span class='ocrx_word' id='word_1_258' title='bbox 1086 1178 1143 1209; x_wconf 85' lang='lat' dir='ltr'><strong>Sic</strong></span> <span class='ocrx_word' id='word_1_259' title='bbox 1174 1178 1275 1210; x_wconf 82' lang='lat' dir='ltr'><strong>etiam</strong></span> <span class='ocrx_word' id='word_1_260' title='bbox 1314 1178 1534 1211; x_wconf 79' lang='lat' dir='ltr'><strong>Parmenides</strong></span> <span class='ocrx_word' id='word_1_261' title='bbox 1561 1178 1596 1209; x_wconf 83' lang='lat' dir='ltr'><strong>in</strong></span> 
     </span>
     <span class='ocr_line' id='line_1_53' title="bbox 965 1222 1593 1265; baseline -0.002 -11"><span class='ocrx_word' id='word_1_262' title='bbox 965 1223 1103 1264; x_wconf 84' lang='lat' dir='ltr'><strong>dialogo</strong></span> <span class='ocrx_word' id='word_1_263' title='bbox 1134 1223 1337 1264; x_wconf 81' lang='lat' dir='ltr'><strong>cognomine</strong></span> <span class='ocrx_word' id='word_1_264' title='bbox 1370 1234 1401 1265; x_wconf 89' lang='lat' dir='ltr'><strong>p.</strong></span> <span class='ocrx_word' id='word_1_265' title='bbox 1436 1223 1514 1257; x_wconf 82' lang='lat'><strong>137.</strong></span> <span class='ocrx_word' id='word_1_266' title='bbox 1555 1222 1593 1254; x_wconf 83' lang='grc' dir='ltr'><strong>Β.</strong></span> 
     </span>
     <span class='ocr_line' id='line_1_54' title="bbox 965 1268 1595 1308; baseline -0.003 -8"><span class='ocrx_word' id='word_1_267' title='bbox 965 1268 1021 1300; x_wconf 87' lang='lat' dir='ltr'><strong>ubi</strong></span> <span class='ocrx_word' id='word_1_268' title='bbox 1045 1272 1267 1308; x_wconf 81' lang='lat' dir='ltr'><strong>suscepturus</strong></span> <span class='ocrx_word' id='word_1_269' title='bbox 1291 1273 1342 1300; x_wconf 86' lang='lat' dir='ltr'><strong>est</strong></span> <span class='ocrx_word' id='word_1_270' title='bbox 1359 1268 1595 1306; x_wconf 66' lang='lat' dir='ltr'><strong>gravissimam</strong></span> 
     </span>
     <span class='ocr_line' id='line_1_55' title="bbox 967 1312 1596 1353; baseline 0 -9"><span class='ocrx_word' id='word_1_271' title='bbox 967 1314 1061 1345; x_wconf 83' lang='lat' dir='ltr'><strong>illam</strong></span> <span class='ocrx_word' id='word_1_272' title='bbox 1100 1313 1312 1353; x_wconf 80' lang='lat' dir='ltr'><strong>maximeque</strong></span> <span class='ocrx_word' id='word_1_273' title='bbox 1351 1313 1521 1345; x_wconf 83' lang='lat' dir='ltr'><strong>difficilem</strong></span> <span class='ocrx_word' id='word_1_274' title='bbox 1553 1312 1596 1344; x_wconf 82' lang='lat' dir='ltr'><strong>de</strong></span> 
     </span>
     <span class='ocr_line' id='line_1_56' title="bbox 968 1357 1596 1399; baseline -0.003 -9"><span class='ocrx_word' id='word_1_275' title='bbox 968 1358 1044 1390; x_wconf 92' lang='lat' dir='ltr'><strong>Uno</strong></span> <span class='ocrx_word' id='word_1_276' title='bbox 1090 1362 1124 1389; x_wconf 86' lang='lat' dir='ltr'><strong>et</strong></span> <span class='ocrx_word' id='word_1_277' title='bbox 1161 1357 1276 1389; x_wconf 85' lang='lat' dir='ltr'><strong>Multis</strong></span> <span class='ocrx_word' id='word_1_278' title='bbox 1321 1357 1596 1399; x_wconf 81' lang='lat' dir='ltr'><strong>disputationem,</strong></span> 
     </span>
     <span class='ocr_line' id='line_1_57' title="bbox 967 1402 1597 1444; baseline -0.003 -9"><span class='ocrx_word' id='word_1_279' title='bbox 967 1413 1046 1435; x_wconf 71' lang='lat' dir='ltr'><strong>sese</strong></span> <span class='ocrx_word' id='word_1_280' title='bbox 1080 1402 1260 1444; x_wconf 75' lang='lat' dir='ltr'><strong>profitetur</strong></span> <span class='ocrx_word' id='word_1_281' title='bbox 1291 1404 1378 1435; x_wconf 79' lang='lat' dir='ltr'><strong>velle</strong></span> <span class='ocrx_word' id='word_1_282' title='bbox 1402 1413 1597 1444; x_wconf 76' lang='grc' dir='ltr'><strong><em>πραγματι-</em></strong></span> 
     </span>
     <span class='ocr_line' id='line_1_58' title="bbox 968 1445 1596 1488; baseline -0.002 -8"><span class='ocrx_word' id='word_1_283' title='bbox 968 1446 1058 1488; x_wconf 55' lang='lat' dir='ltr'><strong>mariq</strong></span> <span class='ocrx_word' id='word_1_284' title='bbox 1076 1445 1212 1478; x_wconf 72' lang='grc' dir='ltr'><strong><em>παιδιὰν</em></strong></span> <span class='ocrx_word' id='word_1_285' title='bbox 1225 1446 1363 1486; x_wconf 80' lang='grc' dir='ltr'><strong><em>παίζειν.</em></strong></span> <span class='ocrx_word' id='word_1_286' title='bbox 1380 1447 1478 1479; x_wconf 87' lang='lat' dir='ltr'><strong>Conf.</strong></span> <span class='ocrx_word' id='word_1_287' title='bbox 1495 1447 1596 1479; x_wconf 81' lang='lat' dir='ltr'><strong>etiam</strong></span> 
     </span>
     <span class='ocr_line' id='line_1_59' title="bbox 969 1491 1597 1532; baseline -0.003 -6"><span class='ocrx_word' id='word_1_288' title='bbox 969 1492 1114 1526; x_wconf 81' lang='lat' dir='ltr'><strong>Phaedr.</strong></span> <span class='ocrx_word' id='word_1_289' title='bbox 1141 1501 1173 1532; x_wconf 86' lang='lat' dir='ltr'><strong>p.</strong></span> <span class='ocrx_word' id='word_1_290' title='bbox 1200 1492 1277 1526; x_wconf 87' lang='lat'><strong>262.</strong></span> <span class='ocrx_word' id='word_1_291' title='bbox 1304 1493 1343 1524; x_wconf 84' lang='lat' dir='ltr'><strong>D.</strong></span> <span class='ocrx_word' id='word_1_292' title='bbox 1360 1492 1438 1527; x_wconf 84' lang='lat'><strong>265.</strong></span> <span class='ocrx_word' id='word_1_293' title='bbox 1463 1492 1502 1524; x_wconf 84' lang='lat' dir='ltr'><strong>C.</strong></span> <span class='ocrx_word' id='word_1_294' title='bbox 1518 1491 1597 1526; x_wconf 81' lang='grc'>278.</span> 
     </span>
     <span class='ocr_line' id='line_1_60' title="bbox 969 1537 1597 1579; baseline -0.002 -9"><span class='ocrx_word' id='word_1_295' title='bbox 969 1539 1007 1570; x_wconf 87' lang='grc' dir='ltr'><strong>Β.</strong></span> <span class='ocrx_word' id='word_1_296' title='bbox 1034 1537 1192 1578; x_wconf 81' lang='lat' dir='ltr'><strong>Reipubl.</strong></span> <span class='ocrx_word' id='word_1_297' title='bbox 1212 1538 1287 1569; x_wconf 88' lang='lat' dir='ltr'><strong>Vll.</strong></span> <span class='ocrx_word' id='word_1_298' title='bbox 1304 1547 1335 1579; x_wconf 87' lang='lat' dir='ltr'><strong>p.</strong></span> <span class='ocrx_word' id='word_1_299' title='bbox 1354 1537 1432 1572; x_wconf 85' lang='lat'><strong>536.</strong></span> <span class='ocrx_word' id='word_1_300' title='bbox 1453 1538 1491 1570; x_wconf 91' lang='lat' dir='ltr'><strong>C.</strong></span> <span class='ocrx_word' id='word_1_301' title='bbox 1507 1546 1597 1578; x_wconf 87' lang='lat' dir='ltr'><strong>quae</strong></span> 
     </span>
     <span class='ocr_line' id='line_1_61' title="bbox 966 1581 1597 1623; baseline -0.002 -9"><span class='ocrx_word' id='word_1_302' title='bbox 966 1583 1066 1615; x_wconf 81' lang='lat' dir='ltr'><strong>aliam</strong></span> <span class='ocrx_word' id='word_1_303' title='bbox 1118 1581 1162 1612; x_wconf 91' lang='lat' dir='ltr'><strong>ob</strong></span> <span class='ocrx_word' id='word_1_304' title='bbox 1211 1591 1367 1615; x_wconf 80' lang='lat' dir='ltr'><strong>caussam</strong></span> <span class='ocrx_word' id='word_1_305' title='bbox 1417 1586 1597 1623; x_wconf 83' lang='lat' dir='ltr'><strong>comparat</strong></span> 
     </span>
     <span class='ocr_line' id='line_1_62' title="bbox 966 1626 1327 1667; baseline -0.014 -7"><span class='ocrx_word' id='word_1_306' title='bbox 966 1627 1094 1660; x_wconf 89' lang='lat' dir='ltr'><strong>Zeller.</strong></span> <span class='ocrx_word' id='word_1_307' title='bbox 1120 1626 1142 1657; x_wconf 91' lang='lat' dir='ltr'><strong>l.</strong></span> <span class='ocrx_word' id='word_1_308' title='bbox 1167 1634 1196 1656; x_wconf 93' lang='lat' dir='ltr'><strong>c.</strong></span> <span class='ocrx_word' id='word_1_309' title='bbox 1224 1636 1255 1667; x_wconf 89' lang='lat' dir='ltr'><strong>p.</strong></span> <span class='ocrx_word' id='word_1_310' title='bbox 1273 1626 1327 1660; x_wconf 82' lang='lat'><strong>73.</strong></span> 
     </span>
    </p>

    <p class='ocr_par' dir='ltr' id='par_1_14' title="bbox 967 1667 1597 1936">
     <span class='ocr_line' id='line_1_63' title="bbox 1012 1667 1597 1710; baseline 0.002 -8"><span class='ocrx_word' id='word_1_311' title='bbox 1012 1669 1211 1702; x_wconf 78' lang='grc' dir='ltr'><strong><em>διελθεῖν</em></strong></span> <span class='ocrx_word' id='word_1_312' title='bbox 1247 1668 1319 1710; x_wconf 72' lang='grc' dir='ltr'><strong><em>τήν</em></strong></span> <span class='ocrx_word' id='word_1_313' title='bbox 1366 1668 1467 1706; x_wconf 75' lang='grc' dir='ltr'><strong><em>σ’ὃὸν</em></strong></span> <span class='ocrx_word' id='word_1_314' title='bbox 1505 1667 1597 1703; x_wconf 76' lang='grc' dir='ltr'><em>ἀλύ-</em></span> 
     </span>
     <span class='ocr_line' id='line_1_64' title="bbox 967 1714 1596 1756; baseline 0 -8"><span class='ocrx_word' id='word_1_315' title='bbox 967 1715 1071 1756; x_wconf 85' lang='grc' dir='ltr'><strong>πως]</strong></span> <span class='ocrx_word' id='word_1_316' title='bbox 1135 1714 1447 1756; x_wconf 81' lang='lat' dir='ltr'><strong>disputationis</strong></span> <span class='ocrx_word' id='word_1_317' title='bbox 1509 1725 1596 1748; x_wconf 86' lang='lat' dir='ltr'><strong>tan—</strong></span> 
     </span>
     <span class='ocr_line' id='line_1_65' title="bbox 968 1759 1596 1802; baseline 0 -10"><span class='ocrx_word' id='word_1_318' title='bbox 968 1769 1087 1802; x_wconf 85' lang='lat' dir='ltr'><strong>quam</strong></span> <span class='ocrx_word' id='word_1_319' title='bbox 1113 1760 1197 1791; x_wconf 80' lang='lat' dir='ltr'><strong>iter</strong></span> <span class='ocrx_word' id='word_1_320' title='bbox 1222 1759 1330 1792; x_wconf 84' lang='lat' dir='ltr'><strong>haud</strong></span> <span class='ocrx_word' id='word_1_321' title='bbox 1356 1771 1487 1801; x_wconf 77' lang='lat' dir='ltr'><strong>aegre</strong></span> <span class='ocrx_word' id='word_1_322' title='bbox 1506 1770 1596 1802; x_wconf 86' lang='lat' dir='ltr'><strong>per-</strong></span> 
     </span>
     <span class='ocr_line' id='line_1_66' title="bbox 967 1802 1597 1848; baseline 0.002 -9"><span class='ocrx_word' id='word_1_323' title='bbox 967 1806 1114 1839; x_wconf 80' lang='lat' dir='ltr'><strong>ficere.</strong></span> <span class='ocrx_word' id='word_1_324' title='bbox 1141 1802 1339 1846; x_wconf 76' lang='lat' dir='ltr'><strong>Respicitur</strong></span> <span class='ocrx_word' id='word_1_325' title='bbox 1362 1806 1404 1838; x_wconf 81' lang='lat' dir='ltr'><strong>ad</strong></span> <span class='ocrx_word' id='word_1_326' title='bbox 1424 1807 1447 1838; x_wconf 95' lang='lat' dir='ltr'><strong>l.</strong></span> <span class='ocrx_word' id='word_1_327' title='bbox 1474 1805 1597 1848; x_wconf 85' lang='grc' dir='ltr'>ρ.625.</span> 
     </span>
     <span class='ocr_line' id='line_1_67' title="bbox 972 1850 1596 1893; baseline 0.005 -11"><span class='ocrx_word' id='word_1_328' title='bbox 972 1850 1010 1882; x_wconf 87' lang='grc' dir='ltr'><strong>Β.</strong></span> <span class='ocrx_word' id='word_1_329' title='bbox 1037 1850 1088 1881; x_wconf 87' lang='lat' dir='ltr'><strong>De</strong></span> <span class='ocrx_word' id='word_1_330' title='bbox 1114 1850 1368 1890; x_wconf 84' lang='lat' dir='ltr'><strong>comparatione</strong></span> <span class='ocrx_word' id='word_1_331' title='bbox 1394 1861 1424 1882; x_wconf 86' lang='lat' dir='ltr'><strong>v.</strong></span> <span class='ocrx_word' id='word_1_332' title='bbox 1458 1861 1490 1893; x_wconf 88' lang='lat' dir='ltr'><strong>p</strong></span> <span class='ocrx_word' id='word_1_333' title='bbox 1520 1850 1596 1885; x_wconf 87' lang='grc'>688.</span> 
     </span>
     <span class='ocr_line' id='line_1_68' title="bbox 972 1893 1270 1936; baseline -0.003 -9"><span class='ocrx_word' id='word_1_334' title='bbox 972 1894 1011 1927; x_wconf 84' lang='grc' dir='ltr'><strong>Ε.</strong></span> <span class='ocrx_word' id='word_1_335' title='bbox 1037 1904 1110 1936; x_wconf 86' lang='lat' dir='ltr'><strong>cap.</strong></span> <span class='ocrx_word' id='word_1_336' title='bbox 1135 1893 1199 1926; x_wconf 87' lang='lat' dir='ltr'><strong>IX.</strong></span> <span class='ocrx_word' id='word_1_337' title='bbox 1226 1894 1270 1927; x_wconf 87' lang='lat' dir='ltr'><strong>in.</strong></span> 
     </span>
    </p>

    <p class='ocr_par' dir='ltr' id='par_1_15' title="bbox 966 1936 1598 2519">
     <span class='ocr_line' id='line_1_69' title="bbox 1016 1936 1596 1994; baseline -0.002 -23"><span class='ocrx_word' id='word_1_338' title='bbox 1016 1939 1057 1971; x_wconf 91' lang='lat' dir='ltr'><strong>B.</strong></span> <span class='ocrx_word' id='word_1_339' title='bbox 1083 1937 1175 1994; x_wconf 79' lang='grc' dir='ltr'><strong><em>περι</em></strong></span> <span class='ocrx_word' id='word_1_340' title='bbox 1188 1937 1343 1992; x_wconf 78' lang='grc' dir='ltr'><strong><em>νόμων</em></strong></span> <span class='ocrx_word' id='word_1_341' title='bbox 1370 1936 1392 1980; x_wconf 77' lang='grc' dir='ltr'><em>ἢ</em></span> <span class='ocrx_word' id='word_1_342' title='bbox 1411 1938 1596 1992; x_wconf 70' lang='grc' dir='ltr'><strong><em>τούτων]</em></strong></span> 
     </span>
     <span class='ocr_line' id='line_1_70' title="bbox 971 1982 1598 2026; baseline 0 -11"><span class='ocrx_word' id='word_1_343' title='bbox 971 1984 1016 2017; x_wconf 90' lang='grc' dir='ltr'><strong>Η.</strong></span> <span class='ocrx_word' id='word_1_344' title='bbox 1044 1994 1074 2015; x_wconf 80' lang='lat' dir='ltr'><strong>e.</strong></span> <span class='ocrx_word' id='word_1_345' title='bbox 1107 1982 1127 2023; x_wconf 82' lang='grc' dir='ltr'><em>ἢ</em></span> <span class='ocrx_word' id='word_1_346' title='bbox 1159 1994 1221 2023; x_wconf 75' lang='grc' dir='ltr'><strong>την</strong></span> <span class='ocrx_word' id='word_1_347' title='bbox 1247 1983 1322 2026; x_wconf 69' lang='grc' dir='ltr'><strong>περὶ</strong></span> <span class='ocrx_word' id='word_1_348' title='bbox 1355 1982 1488 2015; x_wconf 76' lang='grc' dir='ltr'><strong><em>τούτων</em></strong></span> <span class='ocrx_word' id='word_1_349' title='bbox 1517 1984 1598 2026; x_wconf 85' lang='grc' dir='ltr'><strong><em>(νό-</em></strong></span> 
     </span>
     <span class='ocr_line' id='line_1_71' title="bbox 970 2010 1598 2072; baseline -0.002 -11"><span class='ocrx_word' id='word_1_350' title='bbox 970 2028 1067 2072; x_wconf 78' lang='grc' dir='ltr'><strong><em>μων).</em></strong></span> <span class='ocrx_word' id='word_1_351' title='bbox 1093 2010 1242 2069; x_wconf 83' lang='lat' dir='ltr'><strong>Sophist.</strong></span> <span class='ocrx_word' id='word_1_352' title='bbox 1257 2040 1289 2070; x_wconf 88' lang='grc' dir='ltr'><strong>ρ.</strong></span> <span class='ocrx_word' id='word_1_353' title='bbox 1301 2029 1380 2063; x_wconf 88' lang='grc'>227-</span> <span class='ocrx_word' id='word_1_354' title='bbox 1403 2028 1449 2060; x_wconf 79' lang='lat' dir='ltr'><strong>B:</strong></span> <span class='ocrx_word' id='word_1_355' title='bbox 1476 2028 1598 2072; x_wconf 80' lang='grc' dir='ltr'><strong><em>σεμνό-</em></strong></span> 
     </span>
     <span class='ocr_line' id='line_1_72' title="bbox 968 2070 1593 2126; baseline 0.002 -22"><span class='ocrx_word' id='word_1_356' title='bbox 968 2084 1067 2126; x_wconf 78' lang='grc' dir='ltr'><strong><em>τερον</em></strong></span> <span class='ocrx_word' id='word_1_357' title='bbox 1090 2073 1127 2106; x_wconf 78' lang='grc' dir='ltr'><strong>δέ</strong></span> <span class='ocrx_word' id='word_1_358' title='bbox 1148 2085 1181 2104; x_wconf 88' lang='grc' dir='ltr'><strong>τι</strong></span> <span class='ocrx_word' id='word_1_359' title='bbox 1205 2070 1267 2103; x_wconf 80' lang='grc' dir='ltr'><strong><em>τὸν</em></strong></span> <span class='ocrx_word' id='word_1_360' title='bbox 1291 2071 1345 2105; x_wconf 78' lang='grc' dir='ltr'><strong>δια</strong></span> <span class='ocrx_word' id='word_1_361' title='bbox 1370 2077 1593 2117; x_wconf 74' lang='grc' dir='ltr'><strong>στρατηγικῆς</strong></span> 
     </span>
     <span class='ocr_line' id='line_1_73' title="bbox 969 2117 1597 2159; baseline 0.003 -10"><span class='ocrx_word' id='word_1_362' title='bbox 969 2131 987 2155; x_wconf 86' lang='grc' dir='ltr'><em>η</em></span> <span class='ocrx_word' id='word_1_363' title='bbox 1022 2117 1263 2158; x_wconf 81' lang='grc' dir='ltr'><strong><em>φθειριστικης</em></strong></span> <span class='ocrx_word' id='word_1_364' title='bbox 1287 2117 1488 2159; x_wconf 79' lang='grc' dir='ltr'><strong><em>δηλοῦντα,</em></strong></span> <span class='ocrx_word' id='word_1_365' title='bbox 1518 2118 1539 2150; x_wconf 88' lang='lat' dir='ltr'><strong>i.</strong></span> <span class='ocrx_word' id='word_1_366' title='bbox 1568 2129 1597 2152; x_wconf 79' lang='lat' dir='ltr'><strong>e.</strong></span> 
     </span>
     <span class='ocr_line' id='line_1_74' title="bbox 966 2159 1598 2204; baseline 0.002 -10"><span class='ocrx_word' id='word_1_367' title='bbox 966 2160 988 2203; x_wconf 70' lang='grc' dir='ltr'><strong>»ἲ</strong></span> <span class='ocrx_word' id='word_1_368' title='bbox 1011 2161 1072 2194; x_wconf 83' lang='grc' dir='ltr'><strong><em>τὸν</em></strong></span> <span class='ocrx_word' id='word_1_369' title='bbox 1096 2159 1149 2194; x_wconf 83' lang='grc' dir='ltr'><strong>δια</strong></span> <span class='ocrx_word' id='word_1_370' title='bbox 1176 2163 1423 2204; x_wconf 77' lang='grc' dir='ltr'><strong><em>φθειριστικῆς.</em></strong></span> <span class='ocrx_word' id='word_1_371' title='bbox 1448 2163 1504 2195; x_wconf 86' lang='lat' dir='ltr'><strong>ubi</strong></span> <span class='ocrx_word' id='word_1_372' title='bbox 1532 2164 1598 2195; x_wconf 82' lang='lat' dir='ltr'><strong>alia</strong></span> 
     </span>
     <span class='ocr_line' id='line_1_75' title="bbox 966 2206 1597 2250; baseline 0.002 -11"><span class='ocrx_word' id='word_1_373' title='bbox 966 2208 1070 2239; x_wconf 85' lang='lat' dir='ltr'><strong>huius</strong></span> <span class='ocrx_word' id='word_1_374' title='bbox 1105 2206 1247 2239; x_wconf 89' lang='lat' dir='ltr'><strong>rationis</strong></span> <span class='ocrx_word' id='word_1_375' title='bbox 1280 2208 1437 2250; x_wconf 81' lang='lat' dir='ltr'><strong>exempla</strong></span> <span class='ocrx_word' id='word_1_376' title='bbox 1471 2206 1597 2240; x_wconf 83' lang='lat' dir='ltr'><strong>adscri-</strong></span> 
     </span>
     <span class='ocr_line' id='line_1_76' title="bbox 968 2250 1596 2294; baseline 0.003 -10"><span class='ocrx_word' id='word_1_377' title='bbox 968 2252 1109 2294; x_wconf 80' lang='lat' dir='ltr'><strong>psimus.</strong></span> <span class='ocrx_word' id='word_1_378' title='bbox 1135 2250 1224 2283; x_wconf 80' lang='lat' dir='ltr'><strong>conf.</strong></span> <span class='ocrx_word' id='word_1_379' title='bbox 1260 2252 1366 2294; x_wconf 78' lang='lat' dir='ltr'><strong>legg.</strong></span> <span class='ocrx_word' id='word_1_380' title='bbox 1392 2253 1441 2284; x_wconf 81' lang='grc' dir='ltr'><strong>ΙΙ.</strong></span> <span class='ocrx_word' id='word_1_381' title='bbox 1461 2263 1493 2294; x_wconf 84' lang='grc' dir='ltr'><strong>ρ.</strong></span> <span class='ocrx_word' id='word_1_382' title='bbox 1518 2252 1596 2288; x_wconf 91' lang='grc'>669.</span> 
     </span>
     <span class='ocr_line' id='line_1_77' title="bbox 968 2296 1598 2339; baseline 0 -10"><span class='ocrx_word' id='word_1_383' title='bbox 968 2297 1008 2329; x_wconf 84' lang='grc' dir='ltr'><strong>Β.</strong></span> <span class='ocrx_word' id='word_1_384' title='bbox 1031 2296 1146 2337; x_wconf 87' lang='lat' dir='ltr'><strong>ibique</strong></span> <span class='ocrx_word' id='word_1_385' title='bbox 1162 2305 1237 2328; x_wconf 88' lang='lat' dir='ltr'><strong>ann.</strong></span> <span class='ocrx_word' id='word_1_386' title='bbox 1265 2297 1353 2329; x_wconf 86' lang='lat' dir='ltr'><strong>Male</strong></span> <span class='ocrx_word' id='word_1_387' title='bbox 1375 2298 1477 2339; x_wconf 83' lang='lat' dir='ltr'><strong>igitur</strong></span> <span class='ocrx_word' id='word_1_388' title='bbox 1496 2297 1598 2330; x_wconf 84' lang='lat' dir='ltr'><strong>Bad-</strong></span> 
     </span>
     <span class='ocr_line' id='line_1_78' title="bbox 967 2341 1597 2383; baseline 0.003 -9"><span class='ocrx_word' id='word_1_389' title='bbox 967 2341 1065 2374; x_wconf 82' lang='lat' dir='ltr'><strong>ham</strong></span> <span class='ocrx_word' id='word_1_390' title='bbox 1089 2341 1207 2373; x_wconf 76' lang='lat' dir='ltr'><strong>Praef.</strong></span> <span class='ocrx_word' id='word_1_391' title='bbox 1239 2341 1280 2373; x_wconf 85' lang='lat' dir='ltr'><strong>ad</strong></span> <span class='ocrx_word' id='word_1_392' title='bbox 1306 2341 1447 2375; x_wconf 85' lang='lat' dir='ltr'><strong>Phaedr.</strong></span> <span class='ocrx_word' id='word_1_393' title='bbox 1476 2352 1508 2383; x_wconf 89' lang='lat' dir='ltr'><strong>p.</strong></span> <span class='ocrx_word' id='word_1_394' title='bbox 1537 2342 1597 2376; x_wconf 88' lang='lat' dir='ltr'><strong>Xl.</strong></span> 
     </span>
     <span class='ocr_line' id='line_1_79' title="bbox 966 2385 1598 2440; baseline -0.002 -22"><span class='ocrx_word' id='word_1_395' title='bbox 966 2385 1150 2440; x_wconf 83' lang='lat' dir='ltr'><strong>legendum</strong></span> <span class='ocrx_word' id='word_1_396' title='bbox 1170 2386 1362 2422; x_wconf 80' lang='lat' dir='ltr'><strong>contendit:</strong></span> <span class='ocrx_word' id='word_1_397' title='bbox 1389 2388 1517 2418; x_wconf 85' lang='grc' dir='ltr'><strong><em>Τίνων</em></strong></span> <span class='ocrx_word' id='word_1_398' title='bbox 1536 2399 1598 2418; x_wconf 77' lang='grc' dir='ltr'><strong><em>ουν</em></strong></span> 
     </span>
     <span class='ocr_line' id='line_1_80' title="bbox 966 2427 1596 2473; baseline -0.002 -10"><span class='ocrx_word' id='word_1_399' title='bbox 966 2427 1008 2463; x_wconf 73' lang='grc' dir='ltr'><strong>εἶν</strong></span> <span class='ocrx_word' id='word_1_400' title='bbox 1032 2431 1148 2473; x_wconf 78' lang='grc' dir='ltr'><strong><em>σκέψιν</em></strong></span> <span class='ocrx_word' id='word_1_401' title='bbox 1172 2431 1240 2462; x_wconf 80' lang='grc' dir='ltr'><strong>κτλ.</strong></span> <span class='ocrx_word' id='word_1_402' title='bbox 1245 2441 1284 2463; x_wconf 81' lang='lat' dir='ltr'><strong>ac</strong></span> <span class='ocrx_word' id='word_1_403' title='bbox 1309 2431 1431 2464; x_wconf 81' lang='lat' dir='ltr'><strong>deinde</strong></span> <span class='ocrx_word' id='word_1_404' title='bbox 1452 2431 1526 2473; x_wconf 74' lang='grc' dir='ltr'><em>περὶ</em></span> <span class='ocrx_word' id='word_1_405' title='bbox 1543 2442 1596 2462; x_wconf 85' lang='grc' dir='ltr'><strong>νο-</strong></span> 
     </span>
     <span class='ocr_line' id='line_1_81' title="bbox 966 2477 1138 2532; baseline -0.006 -25"><span class='ocrx_word' id='word_1_406' title='bbox 966 2477 1138 2532; x_wconf 77' lang='grc' dir='ltr'><strong><em>μοθετῶν.</em></strong></span> 
     </span>
    </p>

    <p class='ocr_par' dir='ltr' id='par_1_16' title="bbox 967 2517 1597 2651">
     <span class='ocr_line' id='line_1_82' title="bbox 1013 2517 1597 2560; baseline -0.002 -8"><span class='ocrx_word' id='word_1_407' title='bbox 1013 2519 1081 2552; x_wconf 79' lang='grc' dir='ltr'><strong>καὶ</strong></span> <span class='ocrx_word' id='word_1_408' title='bbox 1140 2517 1352 2560; x_wconf 74' lang='grc' dir='ltr'><strong><em>μειζόνων</em></strong></span> <span class='ocrx_word' id='word_1_409' title='bbox 1415 2521 1597 2552; x_wconf 74' lang='grc' dir='ltr'><strong><em>κατοικί-</em></strong></span> 
     </span>
     <span class='ocr_line' id='line_1_83' title="bbox 969 2564 1598 2607; baseline -0.002 -10"><span class='ocrx_word' id='word_1_410' title='bbox 969 2565 1089 2606; x_wconf 84' lang='grc' dir='ltr'><strong><em>σεων]</em></strong></span> <span class='ocrx_word' id='word_1_411' title='bbox 1122 2565 1182 2598; x_wconf 85' lang='lat' dir='ltr'><strong>Sic</strong></span> <span class='ocrx_word' id='word_1_412' title='bbox 1214 2565 1414 2607; x_wconf 83' lang='lat' dir='ltr'><strong>scripsimus</strong></span> <span class='ocrx_word' id='word_1_413' title='bbox 1447 2564 1491 2597; x_wconf 79' lang='lat' dir='ltr'><strong>de</strong></span> <span class='ocrx_word' id='word_1_414' title='bbox 1516 2574 1598 2596; x_wconf 89' lang='lat' dir='ltr'><strong>con-</strong></span> 
     </span>
     <span class='ocr_line' id='line_1_84' title="bbox 967 2609 1596 2651; baseline -0.002 -9"><span class='ocrx_word' id='word_1_415' title='bbox 967 2609 1337 2651; x_wconf 80' lang='lat' dir='ltr'><strong>iecturaStephani3</strong></span> <span class='ocrx_word' id='word_1_416' title='bbox 1355 2618 1456 2651; x_wconf 70' lang='lat' dir='ltr'><strong>quam</strong></span> <span class='ocrx_word' id='word_1_417' title='bbox 1474 2609 1596 2651; x_wconf 86' lang='lat' dir='ltr'><strong>proba-</strong></span> 
     </span>
    </p>
   </div>
  </div>
 </body>
</html>
