1612 2872
518 111 689 155 mam
721 112 974 168 QUAR'm.
1335 113 1417 155 :2723

62 225 314 271 adhibuisse
352 225 534 268 iuvabit.
611 226 937 271 Diciturenim
969 226 1104 268 multo
1135 226 1269 270 fuisse
1297 227 1411 268 anti·

62 284 190 339 quior
227 282 478 326 civitatibus
511 283 620 338 illis,
662 298 770 339 quas
801 282 1004 337 diximus,
1036 283 1226 326 civitatis
1255 283 1415 341 guber-

62 340 179 383 natio
223 341 325 395 illa,
377 354 490 394 quae
543 339 734 384 Saturno
787 347 1000 397 regnante
1048 340 1236 397 viguerit
1283 347 1416 395 atque

63 412 256 440 summae
294 397 519 440 beatitatis
574 397 704 440 fuerit
749 396 960 439 effectrix.
1046 396 1184 440 Cuius
1230 397 1415 439 imitatio

63 460 234 496 tantum
263 461 331 497 est
359 469 425 507 ea,
459 469 571 510 quae
600 469 718 496 nunc
748 454 860 496 inter
889 454 982 509 has,
1015 468 1126 508 quae
1145 463 1264 508 sunt,
1288 469 1416 509 quam

63 511 227 567 optime
267 511 606 554 administratur.
674 511 811 553 Fama
842 512 955 553 enim
985 518 1052 553 est
1085 511 1280 566 antiqua,
1316 512 1416 554 bea-

64 569 273 611 tissimam
319 568 457 610 fuisse
495 568 667 610 illorum
706 567 931 610 homiuum
961 568 1094 610 vitam
1124 569 1415 623 omnibusque

63 625 189 668 bonis
229 631 273 667 et
308 624 547 667 commodis
587 624 895 667 abundantem.
976 624 1114 666 Cuius
1153 625 1215 667 rei
1257 639 1416 667 caussa

63 681 170 724 haee
210 681 346 724 fuisse
386 681 558 723 dicitur.
636 681 853 724 Saturnus
897 697 1029 736 quum
1067 681 1236 724 videret
1265 681 1416 723 huma-

62 753 161 780 nam
189 745 387 780 naturam
418 738 597 794 reperiri
627 738 814 792 nullam,
860 753 973 793 quae
1004 753 1074 780 res
1105 738 1317 780 humanas
1348 753 1415 779 ar-

60 794 190 837 bitrio
222 810 303 837 suo
332 795 613 852 gubernaret,
652 796 759 850 quin
797 795 926 837 simul
964 795 1200 838 insolentia
1230 802 1274 837 et
1303 795 1415 836 iniu-

61 851 183 894 stitia
222 851 488 908 repleretur,
538 851 787 893 taciendum
837 853 1032 908 putavit,
1073 859 1122 894 ut
1162 852 1415 894 civitatibus

62 924 151 951 non
192 907 412 958 homines,
458 923 584 965 reges
629 915 673 950 et
718 909 1002 964 imperatores
1054 910 1413 964 praeficerentur,

62 965 142 1008 sed
172 966 319 1020 potius
349 965 500 1022 genios
531 966 584 1007 iis
616 965 749 1007 duces
781 972 826 1007 et
844 965 1142 1008 moderatores
1170 965 1307 1019 dedit,
1340 967 1416 1020 qui

61 1028 208 1066 essent
229 1023 390 1079 ,stirpis
433 1022 661 1065 divinioris
706 1029 838 1077 atque
897 1022 1102 1073 melioris.
1191 1021 1415 1076 Quemad-

59 1078 236 1123 modum
274 1080 409 1136 igitur
447 1095 564 1122 nunc
601 1079 798 1121 homines
836 1086 1046 1136 praesunt
1071 1079 1290 1136 pecudum
1318 1094 1415 1136 gre-

58 1137 214 1195 gibus,
259 1136 322 1179 ita
346 1137 497 1191 Deus,
527 1151 672 1178 amore
699 1136 877 1178 humani
913 1137 1086 1193 generis
1125 1135 1284 1179 ductus
1321 1142 1416 1178 tum

61 1193 314 1239 hominibus
354 1194 610 1251 praeposuit
649 1194 816 1250 genios.
889 1194 946 1236 Et
984 1193 1028 1235 hi
1059 1193 1235 1248 quidem
1265 1207 1415 1235 curam

60 1254 198 1295 nostri
229 1258 449 1310 gerentes,
482 1266 614 1306 quum
651 1265 831 1305 pacem,
863 1250 1197 1306 verecundiam,
1238 1249 1414 1292 liberta-

61 1317 148 1352 tem
179 1309 459 1363 iustitiaeque
496 1309 663 1364 largam
692 1308 862 1364 copiam
893 1308 1174 1364 praeberent,
1214 1307 1334 1349 varia
1363 1322 1415 1348 ac

27 1372 30 1375 ’
62 1367 237 1410 diversa
277 1366 496 1414 hominum
537 1379 696 1422 genera
734 1364 1021 1406 reddiderunt
1057 1364 1187 1417 talia,
1237 1379 1348 1419 quae
1389 1377 1416 1404 a

62 1424 276 1467 seditione
306 1423 436 1480 plane
467 1421 751 1463 abhorrerent
778 1420 966 1476 ideoque
992 1422 1178 1463 maxima
1208 1421 1415 1463 beatitate

59 1483 318 1523 fruerentur.
385 1478 603 1522 Nimirum
640 1484 837 1534 apertum
880 1485 948 1521 est
986 1477 1094 1533 quid
1132 1477 1240 1520 haee
1268 1477 1418 1519 fabula

63 1538 235 1581 doceat.
304 1535 572 1592 Intelligitur
603 1535 718 1577 enim
750 1551 804 1577 ex
835 1550 886 1576 ea
916 1535 1178 1589 clarissime,
1212 1535 1275 1577 eis
1307 1534 1413 1576 civi-

63 1595 253 1648 tatibus,
286 1608 468 1648 quarum
498 1607 585 1634 non
619 1593 741 1636 Deus
770 1591 1019 1633 moderator
1049 1591 1166 1634 adsit
1194 1591 1270 1634 sed
1301 1606 1415 1632 mor-

63 1651 161 1694 talis
199 1651 383 1706 aliquis,
423 1649 589 1690 nullum
638 1663 832 1703 unquam
886 1655 1086 1705 paratum
1127 1662 1224 1691 esse
1271 1661 1415 1703 neque

64 1709 274 1751 malorum
310 1721 454 1762 neque
492 1705 691 1748 laborum
721 1704 949 1762 effugium.·
1004 1705 1105 1758 Qua
1134 1720 1180 1747 re
1209 1703 1415 1746 admone—

64 1781 182 1818 mur,
250 1770 301 1806 ut
358 1763 474 1805 omni
534 1762 664 1804 modo
730 1765 863 1805 vitam
923 1762 1085 1804 imitari
1142 1760 1415 1813 studeamus,

67 1836 182 1877 quae
233 1821 335 1863 olim
383 1819 573 1862 Saturno
625 1825 834 1875 regnante
876 1819 1011 1861 fuisse
1049 1819 1332 1874 perhibetur,
1372 1825 1417 1859 et

67 1884 279 1933 quantum
326 1877 372 1918 in
411 1876 628 1918 nobismet
674 1876 781 1931 ipsis
824 1875 930 1916 insit
966 1875 1324 1928 immortalitatis,
1375 1874 1416 1915 ei

67 1935 361 1990 obsequentes
391 1932 568 1988 publice
599 1931 889 1987 privatimque
922 1931 1075 1973 domos
1105 1938 1150 1972 et
1178 1931 1308 1973 urbes
1339 1929 1416 1972 ad-

69 1992 375 2042 ministremus,
405 1989 524 2044 leges
556 1988 765 2043 (νόμους)
795 1988 904 2030 nibil
936 1987 1055 2029 aliud
1086 2002 1181 2029 esse
1211 1993 1415 2044 putantes

67 2049 152 2092 nisi
170 2047 380 2090 mentis
411 2045 773 2099 rationisque
796 2045 1168 2100 dispensationem
1197 2043 1416 2099 quandam

68 2107 171 2161 (νοῦ
201 2103 454 2158 διανομήν).
514 2102 731 2145 Nimirum
750 2101 877 2144 sicuti
900 2101 1107 2145 Saturnio
1138 2117 1246 2144 aevo
1267 2100 1416 2143 divina

68 2162 283 2219 sapientia
320 2174 470 2204 omnes
510 2174 562 2201 ac
607 2159 804 2215 singulas
841 2158 957 2201 vitae
1006 2158 1221 2200 humanae
1268 2164 1415 2214 partes

70 2219 315 2275 penetravit
349 2223 480 2273 atque
523 2216 782 2258 concordiae
811 2215 952 2257 iunxit
983 2215 1179 2269 vinculo,
1210 2215 1416 2257 itanunc

72 2276 118 2318 in
148 2275 348 2328 civitate,
388 2288 499 2328 quae
521 2274 676 2315 -futura
705 2273 762 2315 sit
792 2287 922 2327 quam
951 2273 1140 2328 optima,
1178 2287 1266 2314 una
1294 2286 1415 2314 mens

72 2341 118 2374 et
156 2331 268 2379 ratio
306 2330 449 2373 valere
498 2329 654 2383 debet,
703 2344 784 2371 nec
834 2328 1213 2383 committendum,
1257 2334 1306 2370 ut
1359 2329 1415 2370 ob

72 2388 343 2445 singulorum
380 2386 527 2430 studia
566 2393 611 2429 et
655 2385 917 2442 cupiditates
966 2386 1161 2428 solvatur
1206 2384 1416 2427 ‘divinum

72 2443 181 2487 illud
217 2458 397 2500 regnum
437 2443 640 2497 rationis,
681 2458 767 2498 quo
808 2458 896 2484 uno
926 2442 1116 2485 civitatis
1145 2457 1292 2485 secum
1322 2442 1417 2497 ipsa

73 2501 303 2544 consensio
342 2501 599 2542 continetur.
670 2499 719 2542 Si
747 2499 883 2555 igitur
913 2499 980 2542 vel
1007 2515 1120 2543 unus
1150 2499 1308 2553 aliquis
1338 2498 1417 2540 ho-

73 2573 142 2600 mo
184 2557 253 2599 vel
290 2557 420 2598 etiam
458 2557 586 2613 pauci
616 2556 683 2598 vel
713 2556 941 2599 universus
998 2557 1182 2614 opulus,
1209 2553 1417 2597 immode-

74 2614 181 2656 ratis
210 2613 452 2656 lubidinum
496 2620 538 2655 et
574 2612 859 2668 cupiditatum
888 2572 1044 2656 studiis
1074 2612 1415 2662 dominantibus,

76 2671 303 2727 imperium
348 2676 551 2712 exercent
588 2669 844 2726 legibusque
890 2670 1068 2712 rationis
1107 2668 1319 2724 neglectis
1373 2672 1417 2706 et

81 2727 309 2769 contemtis
353 2726 614 2781 reipublicae
659 2725 848 2769 habenas
891 2734 1102 2779 travtant,
1152 2725 1243 2766 fieri
1299 2722 1415 2764 nullo
