1612 2872
479 65 564 110 DE
594 64 874 110 LEGIBUS
905 74 988 109 etc.
1205 63 1424 107 XXXIX

68 183 210 227 stituit
239 182 296 237 ‘),
327 181 371 224 in
402 197 490 237 quo
520 180 630 223 illud
658 185 726 222 est
754 195 962 245 perquam
983 178 1274 232 memorabile,
1303 177 1424 234 quod

68 247 163 284 toto
201 239 299 282 loco
339 239 402 282 sic
432 238 654 295 disputat,
694 242 745 279 ut
772 236 1057 294 Reipublicae
1086 242 1220 292 atque
1249 236 1423 292 Legum

68 313 202 340 unum
242 295 514 351 eundemque
553 302 775 338 auctorem
816 309 912 337 esse
950 294 1186 337 arbitretur
1223 293 1423 349 adeoque

67 354 210 397 verbis
242 353 492 397 clarissimis
522 353 667 409 Leges
695 351 868 394 Platoni
907 350 1158 394 idemtidem
1186 349 1422 404 adscribat,

66 411 204 454 veluti
242 411 365 453 Libr.
407 410 466 453 11.
506 425 602 466 cap.
652 411 689 452 7.
731 424 774 464 p.
822 411 943 453 1266.
989 408 1055 452 ed.
1095 407 1286 451 Bekker.
1316 406 1423 450 ibid.

0 493 1 498 =
68 484 163 524 cap.
195 469 236 511 9.
264 484 306 524 p.
341 469 463 512 1271.
502 474 546 508 et
583 481 678 522 cap.
714 467 778 509 12.
809 473 916 508 extr.
976 465 1098 519 Quid
1124 465 1244 522 quod
1273 464 1425 508 eadem

69 526 297 569 occasione
335 523 770 588 Libr.11.cf22p.4.
817 523 945 565 etiam
984 523 1158 580 Legum
1195 522 1425 566 consilium

67 582 124 625 ad
152 588 339 624 mentem
370 596 421 624 ac
451 580 711 624 sententiam
739 579 881 636 ipsius
905 580 1103 624 Platonis
1135 580 1331 623 declarat
1356 579 1424 622 his

66 653 172 682 usus
212 639 380 682 verbis·
421 639 508 680 τῶν
545 639 593 681 δὲ
631 636 800 692 Νόμων
839 637 890 681 τὸ
928 640 1012 693 μὲν
1051 640 1259 680 πλεῖστον
1287 641 1425 693 μέρος

66 696 201 751 νόμοι
230 695 524 764 rvngfivovcnv
556 693 695 750 ὄντες,
727 694 824 750 &My
816 713 855 737 α
886 697 932 739 δὲ
963 697 1062 749 πεοὶ
1093 697 1170 747 τῆς
1201 696 1425 745 πολιτείας

67 754 232 809 εἴρηκε·
278 758 350 796 καὶ
389 769 554 804 ταυτην
595 752 734 806 (την
776 752 1109 821 ποὶιτείαν)
1149 749 1426 820 βουλόμενος

67 815 411 876 κοινοτέραν
466 819 654 853 ποιεῖν
712 818 811 860 ταῖς
869 807 1050 853 πόλεσιν
1104 806 1215 852 κατὰ
1263 807 1425 866 μικρὸν

67 865 259 923 περιάγει
293 854 426 910 πάλιν
455 866 566 921 πρὸς
596 865 674 918 τὴν
704 869 858 921 ἑτέρα)
879 870 1128 910 πολιτείανε
1161 882 1275 923 quae
1305 881 1423 910 com-

99 941 206 968 onas
244 940 343 968 cum
384 924 625 967 Platonicis
664 924 804 981 Legg.
856 925 910 968 V.
949 941 991 981 p.
1031 926 1127 968 739
1166 927 1277 967 Α-
1287 924 1340 966 L.
1381 929 1425 966 et

93 983 154 1026 Χ.
230 983 376 1025 816.
406 983 513 1024 Α-
529 982 603 1024 Ex
593 999 604 1033 ς
645 988 688 1024 et
718 961 824 1037 quid
853 981 1036 1038 proinde
1065 981 1370 1025 discriminis
1358 997 1424 1023 in·

68 1046 134 1082 ter
171 1046 403 1094 utrumque
443 1039 642 1104 Platonis
683 1053 792 1096 opus
832 1039 1077 1082 intercedat
1110 1039 1176 1096 (Ρ.
1225 1041 1344 1082 1265.
1383 1054 1423 1081 a.

68 1096 135 1140 ed.
165 1096 330 1152 Bekk.)
361 1096 428 1139 his
458 1096 613 1152 paucis
653 1096 907 1153 complexus
938 1104 1023 1140 est.
1075 1094 1184 1150 ”ng
1222 1095 1306 1164 γὰρ
1347 1098 1427 1148 τῆς

67 1156 156 1197 τῶν
193 1155 414 1209 γυναικῶν
454 1156 688 1204 κοινωνίας
735 1158 807 1197 καὶ
851 1172 930 1207 της
977 1152 1170 1207 κτήσεως
1217 1152 1272 1196 τὰ
1315 1150 1427 1196 ἄλλα

69 1210 208 1254 ταύτὰ
247 1210 518 1254 ἀποδίδωσιν
557 1210 850 1281 ἀμφοτέραις
887 1220 987 1262 ταῖς
1035 1213 1296 1262 πολιτείαις·
1352 1214 1426 1254 καὶ

68 1266 152 1341 γὰρ
183 1270 386 1311 παιδείαν
416 1267 497 1320 τὴν
525 1266 666 1320 αὐτην
695 1271 770 1312 καὶ
801 1267 853 1312 τὸ
887 1271 972 1312 τῶν
1003 1270 1078 1324 ἕρ)
1081 1285 1141 1311 ων
1172 1270 1260 1312 τῶν
1290 1285 1425 1324 αναγ

71 1329 207 1368 καίων
236 1324 536 1378 απεχομένονς
565 1326 657 1377 ζῆν,
689 1342 760 1369 και
803 1343 899 1379 περι
933 1331 1169 1369 συσσιτίων
1202 1325 1424 1375 ὡσαύτως.

67 1382 284 1426 Nimirum
313 1389 591 1438 perspectum
629 1398 733 1426 sane
771 1383 928 1427 habuit
968 1383 1232 1450 Stagirites,
1275 1383 1425 1426 Plato-

66 1455 165 1482 nem
204 1439 439 1495 aliquando
478 1440 532 1483 ab
564 1455 638 1494 ea,
691 1455 821 1496 quam
860 1441 963 1484 olim
1002 1441 1049 1483 in
1090 1441 1253 1483 Politia
1290 1441 1426 1483 infor-

65 1503 283 1551 maverat,
322 1497 541 1552 perfectae
581 1497 774 1541 civitatis
807 1499 955 1554 specie
985 1505 1029 1540 et
1056 1498 1244 1556 imagine
1275 1512 1427 1541 rursus

68 1553 347 1597 descendisse
378 1553 436 1596 ad
463 1554 605 1610 ipsius
635 1555 751 1598 vitae
780 1555 997 1598 humanae
1026 1535 1286 1610 veritatem,
1300 1555 1426 1598 ideo-

67 1626 152 1667 que
182 1610 468 1666 descripsisse
508 1611 553 1654 in
583 1612 780 1669 Legibus
811 1628 905 1656 eam
937 1613 1262 1670 rempublicam,
1297 1628 1425 1668 quae,

66 1668 172 1711 licet
199 1668 388 1724 optimae
418 1675 536 1712 esset
563 1669 712 1712 multis
743 1670 788 1712 in
813 1671 1010 1727 partibus
1040 1686 1250 1736 congrua,
1280 1676 1428 1714 tamen

67 1725 182 1768 veris
222 1725 475 1769 civitatibus
517 1733 633 1770 esset
673 1728 916 1793 cognatior,
947 1734 997 1771 ut
1034 1743 1114 1770 nec
1145 1727 1240 1770 sine
1270 1742 1429 1771 caussa

67 1782 365 1838 admonuerit,
410 1783 558 1841 Leges
596 1785 817 1840 posterius
858 1801 988 1840 qua-m
1026 1785 1232 1828 Politiam
1270 1785 1428 1827 litteris

69 1840 352 1895 consignatas
401 1855 522 1895 esse,
572 1842 704 1884 sicuti
752 1841 915 1885 diserte
962 1842 1159 1899 prodidit
1205 1841 1328 1886 Libr.
1365 1842 1427 1885 II.

70 1910 166 1961 cap.
208 1899 245 1937 (›.
284 1896 343 1939 in.
413 1896 538 1950 Quae
577 1898 753 1952 quidem
782 1899 1021 1943 admonitio
1053 1906 1097 1942 et
1125 1900 1223 1955 ipsa
1255 1900 1428 1954 quanti-

71 1953 135 1995 vis
167 1953 294 2009 pretii
324 1959 404 2007 est,
436 1960 592 2011 utpote
624 1955 678 1997 ab
709 1971 761 1998 eo
790 1957 1004 2013 profecta,
1037 1956 1110 2012 qui
1142 1962 1429 2012 posteaquam

69 2010 227 2067 viginti
266 2011 399 2053 ferme
435 2026 574 2054 annos
605 2011 803 2055 Platonis
834 2014 977 2056 fuerat
1005 2013 1207 2067 auditor,
1248 2028 1299 2056 eo
1330 2015 1428 2071 ipso

70 2066 240 2110 demum
273 2083 404 2121 anno,
442 2083 529 2122 quo
559 2068 684 2111 Plato
716 2068 829 2112 diem
853 2086 1102 2126 supremum
1134 2044 1256 2124 obiit,
1287 2071 1428 2114 Athe-

70 2139 148 2167 nas
190 2125 368 2180 reliquit
409 2124 466 2167 ad
513 2125 762 2180 Hermiam,
803 2130 999 2171 Atax-nae
1043 2134 1292 2184 tyrannum,
1342 2145 1430 2173 una

71 2196 169 2224 cum
208 2182 460 2224 Xenocrate
500 2182 791 2239 migraturus,
835 2185 951 2240 quod
992 2186 1156 2228 factum
1196 2200 1291 2228 esse
1325 2202 1428 2229 con·

71 2245 159 2282 stat
189 2238 630 2296 Olymp.108.anno
661 2242 801 2298 primo
832 2243 902 2284 vel
937 2242 1159 2295 secundo3
1190 2259 1231 2285 v.
1266 2244 1426 2301 Diog.

73 2296 126 2337 L.
154 2295 244 2337 III.
274 2297 312 2338 9.
343 2311 393 2352 sq
433 2297 659 2355 .Diony
672 2314 706 2342 s.
738 2299 861 2342 Hal.
895 2300 987 2345 Vit.
1005 2300 1190 2344 Aristot.
1223 2299 1428 2344 Strabo

71 2352 206 2394 XIII.
238 2355 306 2396 57.
337 2353 442 2396 Dio
458 2353 565 2397 dor
598 2315 711 2399 Sic.
742 2356 872 2399 XVI
908 2359 976 2401 52.
1008 2357 1083 2400 ubi
1125 2358 1250 2414 plura
1291 2358 1429 2415 intpp.

151 2513 186 2556 ⁴¹)
213 2512 271 2546 De
295 2516 460 2548 universo
491 2517 552 2549 illo
586 2517 665 2548 loco
701 2517 908 2551 Aristotelis
948 2523 1045 2550 extat
1077 2519 1271 2561 disputatio
1305 2519 1429 2552 incerti

210 2562 381 2599 auctoris,
401 2573 502 2604 quem
528 2562 766 2595 δοὴὸΙΙίιιε
795 2563 886 2599 Hist‚
912 2565 982 2597 Lit
1010 2564 1060 2597 Gr
1098 2565 1313 2608 V01,n1.p
1350 2566 1429 2600 382

210 2606 372 2639 Proelum
403 2618 480 2641 esse
511 2610 727 2652 suspicatur,
758 2610 794 2640 in
833 2606 959 2658 Angeli
998 2610 1084 2648 Maii
1126 2611 1295 2654 Scriptor
1341 2613 1429 2646 Vett.

209 2651 472 2688 Nov.Conect.
502 2656 574 2688 Vol.
602 2655 814 2698 11.p.671.
842 2668 916 2699 sqq
