1612 2872
239 129 322 168 36⁵2

339 244 440 284 ME.
513 242 679 289 Καλῶς.

343 310 382 349 A
388 309 437 348 Θ.

339 375 390 414 Μ
394 375 438 414 Ε.
515 371 541 412 Ἰ
550 371 678 420 'imum

341 440 378 479 A
386 440 434 479 Θ.

724 122 1145 166 Ρ1.ΑΎΟΝ15,

511 308 661 348 Ταῦτα
696 310 843 348 τοίνυν
877 307 1043 361 εἴρηται
1078 308 1245 347 ἐκείνων
1281 310 1416 347 ἕνεκα.

500 437 732 491 Ἐλὲξαμεν,
752 437 808 488 ὡς
835 436 910 479 τὸν
932 440 1182 490 νομοθέτην
1204 440 1264 479 ῦεῖ
1300 438 1428 489 τριῶν
1463 452 1560 477 στο-

233 504 475 557 χαζόμενον
511 508 790 557 νομοθετεῖν,
828 502 944 551 ὅπως
989 502 1010 554 ὴ
1048 505 1403 557 νομοθετουμένη
1440 501 1562 550 πόλις

237 571 447 623 ἐλευθέρα
471 585 513 611 τε
537 575 658 612 ἔσται
681 574 750 612 καὶ
770 573 873 627 φίλη
897 571 1026 628 ἑαυτῇ
1053 572 1122 611 καὶ
1162 571 1265 610 νοῦν
1302 568 1392 618 ἕξει.
1431 567 1554 608 ταῦτ’
1580 580 1581 583 ’

240 629 323 687 ἦν;
361 629 384 686 ἦ
422 635 530 688 νάρ;

337 788 374 819 E.
424 787 747 827 ἐπισκοποῦμεν
777 790 908 831 νυνι’,]
941 789 999 820 Sic
1032 786 1131 819 codd.
1160 796 1296 825 omnes,
1322 791 1560 827 praeterquam

240 833 329 874 quod
357 843 399 865 ex
422 835 518 866 Voss.
542 833 618 867 nihil
645 839 698 866 est
722 840 908 869 enoratum.

241 967 334 998 Poet.
363 967 626 1009 Gnom.p.170.
657 970 801 1011 l¹oppo
828 970 869 1000 de

242 1013 377 1043 Elocut.
410 1013 566 1054 'lhucyd.
598 1025 630 1055 p.
664 1016 740 1048 197.
771 1016 869 1046 Bor-

241 1068 389 1090 neman
404 1069 437 1090 n.
477 1060 521 1090 ad
555 1061 716 1101 Xenoph.
751 1062 868 1102 Symp.

239 1114 272 1144 p.
305 1104 370 1137 186
402 1115 451 1146 sq.
508 1105 793 1145 Engelhardt.
824 1107 868 1137 ad

241 1149 333 1181 Plat.
358 1149 499 1181 hachet.
526 1160 557 1190 p.
584 1151 638 1184 22.
690 1151 868 1183 Lobeck.

239 1195 284 1226 ad
313 1195 441 1236 Phryn.
466 1206 498 1236 p.
523 1196 599 1230 754.
649 1196 767 1238 ltaque
797 1197 869 1230 vult

240 1244 322 1281 gata
340 1242 504 1272 librorum
520 1243 691 1282 scriptura
715 1243 870 1283 profecto

239 1287 392 1327 undique
440 1289 524 1318 satis
583 1289 715 1319 munita
760 1289 872 1319 videri

239 1332 353 1362 debet.
401 1332 486 1363 lllud
513 1337 625 1364 tamen
650 1343 719 1365 non
750 1344 870 1374 super-

239 1387 427 1409 vacaneum
457 1379 542 1418 erit,
566 1379 708 1418 opinor,
733 1380 870 1420 quaesi-

240 1424 343 1462 visse,
358 1433 540 1463 quamnam
565 1425 608 1455 ob
633 1434 790 1457 caussam
813 1425 871 1456 hic

235 1465 331 1508 χάριν
355 1467 452 1499 ἕνεκα
475 1470 639 1509 scriptum
674 1470 735 1512 sit,
765 1480 869 1511 quum

235 1519 340 1546 antea
368 1515 567 1554 simpliciter
597 1516 746 1547 dicatur:
778 1518 869 1546 τίνος

236 1557 331 1600 χάριν
369 1562 470 1590 ταῦτα
509 1558 638 1601 ἐλέχθη.
702 1560 756 1592 De
800 1571 868 1601 qua

237 1606 375 1645 quidem
405 1615 442 1636 re
476 1606 525 1636 ita
561 1607 662 1637 nobis
693 1607 866 1646 persuasi-

237 1661 323 1683 mus·
379 1649 517 1690 Repetit
549 1651 773 1682 Atheniensis
811 1660 869 1681 su-

237 1697 410 1736 periorem
445 1696 755 1736 interrogationem
780 1704 871 1726 nunc

239 1751 308 1772 non
334 1740 552 1780 simpliciter,
577 1742 637 1773 sed
662 1743 711 1772 ita
733 1742 868 1781 repetit,

238 1791 276 1817 ut
298 1787 367 1817 iam
390 1785 515 1817 fortius
540 1792 662 1827 urgeat
691 1787 868 1817 notionem

238 1840 393 1869 caussae,
409 1832 630 1870 quamobrem
653 1832 737 1862 haec
755 1832 870 1862 omnia.

240 1877 412 1917 explicatu¹
427 1877 620 1908 videantur.
652 1875 870 1917 Quapropter

240 1923 409 1962 duplicem
438 1922 640 1962 particulam
678 1923 869 1954 caussalem

239 1969 350 2009 ponit,
374 1967 516 1998 alteram
531 1992 539 2005 ‚
567 1978 634 2009 qua
657 1968 870 2008 significatur

239 2023 361 2045 caussa
397 2018 555 2049 externa,
587 2018 729 2055 propter
767 2023 869 2054 quam

240 2059 326 2099 quid
355 2058 432 2097 fiat3
461 2059 604 2090 alteram
634 2057 776 2100 (χάριν),
802 2068 870 2099 qua

184 2136 192 2143 ¹,
239 2105 412 2135 indicatur
463 2103 587 2136 caussa
610 2136 613 2138 ,
640 2105 674 2135 in
728 2104 870 2144 propria.

239 2149 344 2181 animi
368 2149 546 2180 voluntate
569 2149 646 2181 sita.
687 2150 763 2180 Hoc
785 2159 869 2180 vero

241 2195 270 2226 si
301 2199 394 2226 recte
425 2194 702 2234 observavimus,
739 2195 868 2235 duplici

240 2240 492 2280 praepositioni
515 2240 617 2271 etiam
637 2241 701 2272 hac
718 2250 760 2271 ex
772 2247 869 2280 parte

241 2286 404 2316 idoneum
418 2290 575 2325 paratum
592 2286 762 2317 videbitur
772 2295 868 2325 prae-

242 2331 368 2362 sidium
392 2336 425 2361 et
449 2331 706 2362 munimentum.

290 2393 405 2429 ταῦτ’
431 2393 498 2438 ἧν,·
522 2393 542 2439 ἧ
567 2397 684 2440 γαρς]
718 2397 803 2428 Post
829 2390 870 2437 ἦν

245 2445 322 2475 loco
352 2444 466 2483 puncti
501 2442 730 2484 interrogandi
757 2445 871 2474 nolam

244 2487 433 2530 posuimus.
459 2498 488 2518 v.
523 2487 565 2519 ad
591 2489 699 2528 Gorg.
729 2497 759 2528 p.
790 2485 868 2520 473.

243 2533 285 2566 C.
318 2543 350 2574 p.
383 2531 460 2565 500.
489 2535 525 2564 Α.
558 2534 698 2573 Protag.
731 2543 762 2574 p.
792 2530 870 2565 334.

249 2582 287 2611 Λ.
314 2577 448 2610 charm.
475 2587 506 2618 p.
534 2578 610 2612 167.
641 2578 679 2608 C.

293 2646 333 2678 Ε.
387 2644 559 2677 Τούτων
584 2645 703 2677 ἕνεκα
728 2644 774 2686 δὴ
800 2656 868 2676 πο-

248 2693 408 2724 λιτείας
447 2688 519 2731 τήν
551 2701 591 2722 τε
626 2689 761 2731 beorn]
814 2690 868 2722 Ad

958 834 1089 874 Vulgo:
1118 831 1382 870 ἐπεσκοποῦμεν.
1434 831 1560 872 lmper-

937 968 1019 999 haec
1047 966 1309 999 ssoeckhius:
1335 965 1437 1005 „Non
1452 966 1560 997 Grae-

937 1022 1013 1044 cum
1038 1017 1101 1052 esi,
1129 1013 1247 1053 inquit,
1274 1011 1353 1043 illud
1382 1011 1563 1048 πολιτειάςς

936 1057 1083 1090 debebat
1115 1062 1174 1089 aut
1198 1058 1366 1088 πολιτείαν
1388 1061 1447 1088 aut
1470 1056 1560 1087 πολι·

938 1103 1032 1134 τειιῦν
1062 1113 1148 1136 esse.
1198 1103 1266 1134 Sed
1301 1102 1560 1134 eniendandum:

939 1148 1067 1187 τούτων
1092 1147 1188 1179 ἕνεκα
1213 1146 1254 1190 δὴ
1283 1145 1346 1179 δύο
1371 1145 1441 1187 εἴδη
1469 1147 1561 1177 πολι-

938 1198 1034 1231 τείας,
1060 1191 1119 1234 τήν
1143 1204 1175 1224 τε
1195 1191 1481 1233 δεσποτικωτάτην
1506 1202 1560 1233 πρ.

938 1241 991 1271 καὶ
1024 1237 1083 1280 τὴν
1116 1237 1459 1281 ἐλευθερικωτάτην.“
1515 1241 1564 1269 Ac

937 1296 1017 1317 sane
1056 1282 1119 1316 δύο
1144 1286 1308 1317 πολιτείας
1332 1283 1404 1324 εἴδη
1437 1282 1564 1322 legitur

938 1331 981 1362 V.
1008 1331 1134 1370 2735.
1162 1333 1205 1364 A.
1232 1330 1321 1363 conf.
1346 1330 1406 1360 IV.
1434 1339 1466 1369 p.
1485 1327 1560 1362 714.

941 1376 979 1409 Β.
1005 1376 1042 1408 Ι).
1068 1376 1120 1409 De
1147 1377 1234 1416 Rep.
1265 1375 1360 1406 v111.
1383 1385 1415 1416 p.
1431 1373 1507 1407 544.
1525 1377 1562 1405 A.

936 1423 980 1454 al.
1029 1421 1098 1454 Nec
1123 1425 1235 1454 tamen
1260 1421 1429 1459 adducor,
1454 1425 1491 1450 ut
1515 1420 1562 1451 lo-

936 1476 1011 1499 cum
1037 1466 1194 1499 vitiosum
1211 1471 1340 1508 putem.
1387 1464 1472 1497 Nam
1487 1465 1562 1506 plu-

935 1513 1015 1544 ralis
1045 1512 1183 1552 quidem
1214 1521 1370 1549 numerus
1404 1510 1564 1549 nominis,

935 1562 971 1589 ut
1005 1557 1246 1590 Boeckhius
1282 1558 1355 1597 ipse
1381 1555 1562 1593 concessit,

935 1612 1000 1633 non
1035 1608 1088 1633 est
1124 1603 1317 1633 inusitatus.
1360 1600 1466 1641 Legg.
1504 1599 1560 1631 m.

936 1657 968 1688 p.
994 1646 1071 1680 693.
1100 1648 1155 1678 -Dt
1190 1646 1251 1677 εἰσὶ
1284 1645 1458 1677 πολιτειῶν
1487 1640 1561 1675 οἷον

934 1692 1071 1734 μητέρες
1103 1690 1167 1724 δύο
1193 1690 1288 1723 τινές.
1316 1692 1365 1722 De
1389 1690 1474 1731 Rep.
1501 1690 1559 1721 lv.

937 1748 967 1778 p.
1004 1737 1082 1771 445.
1118 1737 1161 1769 C:
1200 1736 1296 1767 πέντε
1326 1733 1446 1776 τρόποι
1477 1734 1562 1766 εἰσὶν

937 1783 1119 1815 πολιτειῶν.
1166 1781 1302 1814 Politic.
1337 1792 1368 1822 p.
1404 1780 1482 1814 271.
1514 1779 1560 1813 E:

937 1829 1095 1859 πολιτεῖαι
1131 1823 1195 1858 οὐκ
1228 1822 1324 1868 ἦσαν.
1379 1825 1448 1857 Sed
1481 1824 1561 1857 haec

936 1877 1028 1905 iuxta
1067 1884 1142 1906 cum
1185 1874 1260 1904 aliis
1299 1881 1386 1904 nunc
1416 1871 1560 1902 collecta

936 1924 1013 1950 sunt
1055 1920 1097 1950 ab
1140 1918 1264 1949 Astio
1313 1917 1429 1948 Lexic.
1472 1916 1557 1947 Plat-

934 1965 1011 1997 Vol.
1037 1963 1094 1996 ΙΙΙ.
1122 1974 1153 2004 p.
1174 1963 1250 2001 141.
1298 1963 1476 1993 Genitivns
1500 1971 1559 1991 an-

935 2013 1003 2041 tem
1031 2010 1168 2050 pluralis
1188 2014 1246 2040 ant
1262 2008 1477 2040 accusativus
1490 2007 1557 2037 sin-

933 2056 1058 2096 gnlaris
1090 2057 1218 2085 numeri
1252 2063 1292 2085 ex
1326 2054 1400 2092 lege
1433 2051 1558 2083 Graeci

935 2100 1101 2131 sermonis
1134 2099 1326 2139 neutiquam
1351 2097 1414 2128 fuit
1438 2105 1556 2127 neces—

934 2146 1054 2176 sarius.
1081 2143 1270 2187 Thucyd.
1299 2144 1322 2175 l.
1348 2142 1403 2175 89.
1430 2140 1483 2171 καὶ
1509 2139 1556 2171 οἰ-

935 2191 1001 2221 κιάι
1027 2189 1064 2220 αἱ
1083 2187 1142 2228 μὲν
1167 2188 1283 2220 πολλαὶ
1314 2184 1556 2226 ἐπεπτώκεσαν,

936 2231 1041 2277 ὀλίγαι
1055 2233 1091 2265 δὲ
1104 2236 1276 2276 περιῆσαν.
1292 2244 1322 2264 ν.
1347 2233 1406 2265 Ma
1421 2231 1526 2263 tthia
1537 2242 1556 2264 e

935 2280 995 2312 Gr.
1022 2279 1052 2320 ξ.
1077 2279 1153 2315 289.
1180 2289 1252 2311 ann.
1283 2278 1316 2312 8.
1355 2277 1557 2310 Germanice

935 2327 1044 2359 locum
1067 2326 1226 2357 vertimus
1252 2324 1318 2357 sic:
1343 2321 1554 2355 Nachdem

936 2371 1002 2403 wir
1045 2372 1136 2402 also
1184 2380 1262 2402 von
1310 2369 1554 2403 Staatsver-

935 2416 1167 2453 fassungen
1193 2415 1256 2447 die
1283 2424 1342 2446 am
1369 2414 1555 2446 meloten

937 2460 1218 2503 despotische
1241 2459 1334 2491 ,nn'd
1366 2467 1425 2490 am
1462 2457 1555 2490 mei-

936 2511 1028 2539 »ten
1077 2505 1187 2538 freie
1228 2512 1553 2546 vorgenommen

936 2550 1157 2595 (unta-sucht)
1173 2550 1190 2582 Ιι
1199 2561 1215 2581 a
1226 2554 1289 2581 tte
1298 2559 1330 2586 n,
1356 2549 1376 2580 b
1388 2561 1405 2581 e
1417 2554 1479 2581 tra
1488 2546 1554 2579 ch-

937 2603 1004 2630 ten
1034 2598 1104 2628 wir
1140 2605 1221 2627 nun
1246 2605 1291 2626 so
1316 2594 1436 2632 eben,
1461 2593 1552 2624 wel-

937 2642 1013 2675 che
1043 2651 1118 2673 von
1151 2641 1303 2672 beiden
1340 2644 1401 2670 etr.
1455 2635 1554 2673 Νυνί,

935 2688 1025 2730 quod
1064 2685 1287 2718 Grammatici
1329 2684 1450 2715 docent
1490 2692 1554 2715 non
