<?xml version="1.0" encoding="UTF-8"?>
<!DOCTYPE html PUBLIC "-//W3C//DTD XHTML 1.0 Transitional//EN"
    "http://www.w3.org/TR/xhtml1/DTD/xhtml1-transitional.dtd">
<html xmlns="http://www.w3.org/1999/xhtml" xml:lang="en" lang="en">
 <head>
  <title>
</title>
<meta http-equiv="Content-Type" content="text/html;charset=utf-8" />
  <meta name='ocr-system' content='tesseract 3.04.00' />
  <meta name='ocr-capabilities' content='ocr_page ocr_carea ocr_par ocr_line ocrx_word'/>
</head>
<body>
  <div class='ocr_page' id='page_1' title='image "./s1operaomniarece10platuoft_0397.png"; bbox 0 0 1612 2872; ppageno 0'>
   <div class='ocr_carea' id='block_1_1' title="bbox 236 102 1206 153">
    <p class='ocr_par' dir='ltr' id='par_1_1' title="bbox 236 102 1206 153">
     <span class='ocr_line' id='line_1_1' title="bbox 236 102 1206 153; baseline -0.004 -2"><span class='ocrx_word' id='word_1_1' title='bbox 236 109 321 152; x_wconf 85' lang='lat' dir='ltr'>DE</span> <span class='ocrx_word' id='word_1_2' title='bbox 357 106 642 153; x_wconf 87' lang='lat' dir='ltr'>LEGIBUS</span> <span class='ocrx_word' id='word_1_3' title='bbox 675 105 802 149; x_wconf 77' lang='lat' dir='ltr'><strong>LIB:</strong></span> <span class='ocrx_word' id='word_1_4' title='bbox 829 104 891 147; x_wconf 91' lang='grc' dir='ltr'>ΙΙ.</span> <span class='ocrx_word' id='word_1_5' title='bbox 923 105 975 147; x_wconf 92' lang='lat' dir='ltr'>P.</span> <span class='ocrx_word' id='word_1_6' title='bbox 1005 105 1103 146; x_wconf 81' lang='lat'>669.</span> <span class='ocrx_word' id='word_1_7' title='bbox 1137 102 1206 147; x_wconf 86' lang='lat' dir='ltr'>St.</span> 
     </span>
    </p>
   </div>
   <div class='ocr_carea' id='block_1_2' title="bbox 1329 102 1413 144">
    <p class='ocr_par' dir='ltr' id='par_1_2' title="bbox 1329 102 1413 144">
     <span class='ocr_line' id='line_1_2' title="bbox 1329 102 1413 144; baseline -0.012 0"><span class='ocrx_word' id='word_1_8' title='bbox 1329 102 1413 144; x_wconf 78' lang='lat'>217</span> 
     </span>
    </p>
   </div>
   <div class='ocr_carea' id='block_1_3' title="bbox 52 218 1413 482">
    <p class='ocr_par' dir='ltr' id='par_1_3' title="bbox 52 218 1413 482">
     <span class='ocr_line' id='line_1_3' title="bbox 57 218 1412 280; baseline -0.007 -10"><span class='ocrx_word' id='word_1_9' title='bbox 57 242 187 276; x_wconf 67' lang='grc' dir='ltr'><strong><em>σκειν,</em></strong></span> <span class='ocrx_word' id='word_1_10' title='bbox 213 242 237 268; x_wconf 90' lang='grc' dir='ltr'><strong><em>ο</em></strong></span> <span class='ocrx_word' id='word_1_11' title='bbox 278 229 317 268; x_wconf 78' lang='grc' dir='ltr'>τί</span> <span class='ocrx_word' id='word_1_12' title='bbox 353 242 395 268; x_wconf 81' lang='grc' dir='ltr'>τε</span> <span class='ocrx_word' id='word_1_13' title='bbox 429 225 639 280; x_wconf 60' lang='grc' dir='ltr'><strong><em>βούλεται</em></strong></span> <span class='ocrx_word' id='word_1_14' title='bbox 673 226 745 265; x_wconf 78' lang='grc' dir='ltr'>καὶ</span> <span class='ocrx_word' id='word_1_15' title='bbox 781 221 870 277; x_wconf 80' lang='grc' dir='ltr'>ὅτῳ</span> <span class='ocrx_word' id='word_1_16' title='bbox 907 225 1016 265; x_wconf 77' lang='grc' dir='ltr'><strong><em>ἔοικε</em></strong></span> <span class='ocrx_word' id='word_1_17' title='bbox 1052 222 1140 263; x_wconf 71' lang='grc' dir='ltr'>τῶν</span> <span class='ocrx_word' id='word_1_18' title='bbox 1164 218 1412 273; x_wconf 72' lang='grc' dir='ltr'><em>ἀξιολόγων</em></span> 
     </span>
     <span class='ocr_line' id='line_1_4' title="bbox 55 284 1413 349; baseline -0.005 -13"><span class='ocrx_word' id='word_1_19' title='bbox 55 293 347 349; x_wconf 75' lang='grc' dir='ltr'><strong><em>μιμημάτων,</em></strong></span> <span class='ocrx_word' id='word_1_20' title='bbox 383 291 499 335; x_wconf 78' lang='grc' dir='ltr'><strong><em>ἀλλὰ</em></strong></span> <span class='ocrx_word' id='word_1_21' title='bbox 543 291 785 345; x_wconf 77' lang='grc' dir='ltr'><em>ὑπολαβεῖν</em></span> <span class='ocrx_word' id='word_1_22' title='bbox 818 288 1094 343; x_wconf 68' lang='grc' dir='ltr'><em>ἀναγκαῖον,</em></span> <span class='ocrx_word' id='word_1_23' title='bbox 1128 286 1198 330; x_wconf 78' lang='grc' dir='ltr'><strong><em>ὅτι</em></strong></span> <span class='ocrx_word' id='word_1_24' title='bbox 1234 284 1285 329; x_wconf 77' lang='grc' dir='ltr'>τὸ</span> <span class='ocrx_word' id='word_1_25' title='bbox 1322 303 1413 330; x_wconf 81' lang='grc' dir='ltr'><strong><em>τοι·</em></strong></span> 
     </span>
     <span class='ocr_line' id='line_1_5' title="bbox 56 351 1411 414; baseline -0.005 -11"><span class='ocrx_word' id='word_1_26' title='bbox 56 360 192 404; x_wconf 76' lang='grc' dir='ltr'><strong>οῦῐόν</strong></span> <span class='ocrx_word' id='word_1_27' title='bbox 226 377 274 414; x_wconf 80' lang='grc' dir='ltr'>γε</span> <span class='ocrx_word' id='word_1_28' title='bbox 308 361 476 410; x_wconf 79' lang='grc' dir='ltr'><strong><em>πολλῆς</em></strong></span> <span class='ocrx_word' id='word_1_29' title='bbox 512 358 743 414; x_wconf 72' lang='grc' dir='ltr'><strong><em>ἀγροικίας</em></strong></span> <span class='ocrx_word' id='word_1_30' title='bbox 775 354 938 413; x_wconf 77' lang='grc' dir='ltr'><strong><em>μεστὸν</em></strong></span> <span class='ocrx_word' id='word_1_31' title='bbox 981 357 1093 404; x_wconf 78' lang='grc' dir='ltr'>πᾶν,</span> <span class='ocrx_word' id='word_1_32' title='bbox 1128 351 1299 398; x_wconf 78' lang='grc' dir='ltr'><strong><em>ὁπόσον</em></strong></span> <span class='ocrx_word' id='word_1_33' title='bbox 1334 353 1411 396; x_wconf 75' lang='grc' dir='ltr'><em>τοτ’·</em></span> 
     </span>
     <span class='ocr_line' id='line_1_6' title="bbox 52 420 1412 482; baseline -0.004 -13"><span class='ocrx_word' id='word_1_34' title='bbox 52 443 159 482; x_wconf 81' lang='grc' dir='ltr'><em>χυυς</em></span> <span class='ocrx_word' id='word_1_35' title='bbox 194 442 239 469; x_wconf 80' lang='grc' dir='ltr'>τε</span> <span class='ocrx_word' id='word_1_36' title='bbox 273 429 343 470; x_wconf 79' lang='grc' dir='ltr'>καὶ</span> <span class='ocrx_word' id='word_1_37' title='bbox 381 425 622 474; x_wconf 80' lang='grc' dir='ltr'><em>ἀπταισίας</em></span> <span class='ocrx_word' id='word_1_38' title='bbox 657 427 727 467; x_wconf 79' lang='grc' dir='ltr'>καὶ</span> <span class='ocrx_word' id='word_1_39' title='bbox 765 425 917 482; x_wconf 69' lang='grc' dir='ltr'><em>φωνῆς</em></span> <span class='ocrx_word' id='word_1_40' title='bbox 954 421 1208 479; x_wconf 72' lang='grc' dir='ltr'><strong><em>θηριώδους</em></strong></span> <span class='ocrx_word' id='word_1_41' title='bbox 1234 420 1412 479; x_wconf 65' lang='grc' dir='ltr'><strong><em>σφόδρα</em></strong></span> 
     </span>
    </p>
   </div>
   <div class='ocr_carea' id='block_1_4' title="bbox 59 553 228 598">
    <p class='ocr_par' dir='ltr' id='par_1_4' title="bbox 59 553 228 598">
     <span class='ocr_line' id='line_1_7' title="bbox 59 553 228 598; baseline -0.006 -10"><span class='ocrx_word' id='word_1_42' title='bbox 59 553 228 598; x_wconf 68' lang='grc' dir='ltr'>ῥυθμούς.</span> 
     </span>
    </p>
   </div>
   <div class='ocr_carea' id='block_1_5' title="bbox 53 666 703 2544">
    <p class='ocr_par' dir='ltr' id='par_1_5' title="bbox 53 666 703 2544">
     <span class='ocr_line' id='line_1_8' title="bbox 55 666 700 698; baseline -0.002 0"><span class='ocrx_word' id='word_1_43' title='bbox 55 667 198 698; x_wconf 89' lang='lat' dir='ltr'>malium</span> <span class='ocrx_word' id='word_1_44' title='bbox 247 676 269 698; x_wconf 91' lang='lat' dir='ltr'>a</span> <span class='ocrx_word' id='word_1_45' title='bbox 316 666 518 698; x_wconf 88' lang='lat' dir='ltr'>tibicinibus</span> <span class='ocrx_word' id='word_1_46' title='bbox 566 670 700 698; x_wconf 82' lang='lat' dir='ltr'>tentata</span> 
     </span>
     <span class='ocr_line' id='line_1_9' title="bbox 55 711 698 753; baseline 0.002 -9"><span class='ocrx_word' id='word_1_47' title='bbox 55 712 285 752; x_wconf 85' lang='lat' dir='ltr'>Aristoph.</span> <span class='ocrx_word' id='word_1_48' title='bbox 316 713 410 743; x_wconf 81' lang='lat' dir='ltr'>Avv.</span> <span class='ocrx_word' id='word_1_49' title='bbox 452 723 484 746; x_wconf 83' lang='lat' dir='ltr'>v,</span> <span class='ocrx_word' id='word_1_50' title='bbox 520 711 589 745; x_wconf 83' lang='lat'>223</span> <span class='ocrx_word' id='word_1_51' title='bbox 620 722 698 753; x_wconf 87' lang='lat' dir='ltr'><strong>sqq.</strong></span> 
     </span>
     <span class='ocr_line' id='line_1_10' title="bbox 55 756 700 799; baseline -0.002 -9"><span class='ocrx_word' id='word_1_52' title='bbox 55 757 128 790; x_wconf 92' lang='lat' dir='ltr'>Str</span> <span class='ocrx_word' id='word_1_53' title='bbox 140 758 199 790; x_wconf 89' lang='lat' dir='ltr'>ab.</span> <span class='ocrx_word' id='word_1_54' title='bbox 217 756 284 789; x_wconf 89' lang='lat' dir='ltr'>IX.</span> <span class='ocrx_word' id='word_1_55' title='bbox 301 768 335 799; x_wconf 87' lang='lat' dir='ltr'>p.</span> <span class='ocrx_word' id='word_1_56' title='bbox 349 757 429 792; x_wconf 83' lang='lat'>421.</span> <span class='ocrx_word' id='word_1_57' title='bbox 472 758 591 799; x_wconf 86' lang='lat' dir='ltr'>ltaque</span> <span class='ocrx_word' id='word_1_58' title='bbox 621 767 700 789; x_wconf 91' lang='lat' dir='ltr'>sen-</span> 
     </span>
     <span class='ocr_line' id='line_1_11' title="bbox 55 804 699 836; baseline -0.002 -1"><span class='ocrx_word' id='word_1_59' title='bbox 55 806 200 836; x_wconf 88' lang='lat' dir='ltr'>tentiam</span> <span class='ocrx_word' id='word_1_60' title='bbox 224 804 412 836; x_wconf 86' lang='lat' dir='ltr'>verborum</span> <span class='ocrx_word' id='word_1_61' title='bbox 445 804 495 836; x_wconf 88' lang='lat' dir='ltr'>sic</span> <span class='ocrx_word' id='word_1_62' title='bbox 519 804 699 836; x_wconf 86' lang='lat' dir='ltr'>declarare</span> 
     </span>
     <span class='ocr_line' id='line_1_12' title="bbox 55 850 698 891; baseline 0 -10"><span class='ocrx_word' id='word_1_63' title='bbox 55 850 194 882; x_wconf 84' lang='lat' dir='ltr'>licebit:</span> <span class='ocrx_word' id='word_1_64' title='bbox 219 851 295 881; x_wconf 85' lang='lat' dir='ltr'>sed</span> <span class='ocrx_word' id='word_1_65' title='bbox 327 852 374 882; x_wconf 92' lang='lat' dir='ltr'>in</span> <span class='ocrx_word' id='word_1_66' title='bbox 407 850 565 891; x_wconf 84' lang='lat' dir='ltr'>quibus</span> <span class='ocrx_word' id='word_1_67' title='bbox 589 850 698 881; x_wconf 83' lang='lat' dir='ltr'>adeo</span> 
     </span>
     <span class='ocr_line' id='line_1_13' title="bbox 54 896 699 928; baseline -0.002 0"><span class='ocrx_word' id='word_1_68' title='bbox 54 897 196 928; x_wconf 90' lang='lat' dir='ltr'>tacite</span> <span class='ocrx_word' id='word_1_69' title='bbox 234 896 476 928; x_wconf 85' lang='lat' dir='ltr'>iudicemus</span> <span class='ocrx_word' id='word_1_70' title='bbox 518 906 699 928; x_wconf 87' lang='lat' dir='ltr'>necesse</span> 
     </span>
     <span class='ocr_line' id='line_1_14' title="bbox 55 942 698 983; baseline -0.002 -9"><span class='ocrx_word' id='word_1_71' title='bbox 55 947 142 983; x_wconf 81' lang='lat' dir='ltr'>est,</span> <span class='ocrx_word' id='word_1_72' title='bbox 188 943 307 973; x_wconf 88' lang='lat' dir='ltr'>istud</span> <span class='ocrx_word' id='word_1_73' title='bbox 355 942 525 983; x_wconf 88' lang='lat' dir='ltr'>quidem</span> <span class='ocrx_word' id='word_1_74' title='bbox 573 952 698 983; x_wconf 88' lang='lat' dir='ltr'>nego-</span> 
     </span>
     <span class='ocr_line' id='line_1_15' title="bbox 54 988 698 1028; baseline 0 -9"><span class='ocrx_word' id='word_1_75' title='bbox 54 989 163 1019; x_wconf 85' lang='lat' dir='ltr'>tium</span> <span class='ocrx_word' id='word_1_76' title='bbox 198 992 334 1019; x_wconf 84' lang='lat' dir='ltr'>totum</span> <span class='ocrx_word' id='word_1_77' title='bbox 384 988 562 1028; x_wconf 88' lang='lat' dir='ltr'>plenum</span> <span class='ocrx_word' id='word_1_78' title='bbox 598 998 698 1020; x_wconf 88' lang='lat' dir='ltr'>esse</span> 
     </span>
     <span class='ocr_line' id='line_1_16' title="bbox 55 1034 699 1075; baseline 0 -10"><span class='ocrx_word' id='word_1_79' title='bbox 55 1035 192 1066; x_wconf 86' lang='lat' dir='ltr'>multa</span> <span class='ocrx_word' id='word_1_80' title='bbox 244 1034 523 1071; x_wconf 75' lang='lat' dir='ltr'>rusticitate,</span> <span class='ocrx_word' id='word_1_81' title='bbox 582 1034 699 1075; x_wconf 91' lang='lat' dir='ltr'>quod</span> 
     </span>
     <span class='ocr_line' id='line_1_17' title="bbox 55 1080 699 1112; baseline 0 -1"><span class='ocrx_word' id='word_1_82' title='bbox 55 1081 106 1112; x_wconf 89' lang='lat' dir='ltr'>ob</span> <span class='ocrx_word' id='word_1_83' title='bbox 131 1080 410 1111; x_wconf 76' lang='lat' dir='ltr'>celeritatem</span> <span class='ocrx_word' id='word_1_84' title='bbox 444 1080 699 1112; x_wconf 83' lang='lat' dir='ltr'>offensione</span> 
     </span>
     <span class='ocr_line' id='line_1_18' title="bbox 55 1126 699 1169; baseline -0.002 -11"><span class='ocrx_word' id='word_1_85' title='bbox 55 1130 274 1169; x_wconf 66' lang='lat' dir='ltr'>carentem</span> <span class='ocrx_word' id='word_1_86' title='bbox 317 1135 552 1167; x_wconf 82' lang='lat' dir='ltr'>vocemque</span> <span class='ocrx_word' id='word_1_87' title='bbox 599 1126 699 1157; x_wconf 83' lang='lat' dir='ltr'>feri·</span> 
     </span>
     <span class='ocr_line' id='line_1_19' title="bbox 54 1172 699 1211; baseline -0.002 -7"><span class='ocrx_word' id='word_1_88' title='bbox 54 1182 150 1204; x_wconf 80' lang='lat' dir='ltr'>nam</span> <span class='ocrx_word' id='word_1_89' title='bbox 178 1175 365 1211; x_wconf 82' lang='lat' dir='ltr'>amatur,</span> <span class='ocrx_word' id='word_1_90' title='bbox 389 1172 454 1203; x_wconf 88' lang='lat' dir='ltr'>ita</span> <span class='ocrx_word' id='word_1_91' title='bbox 488 1177 534 1202; x_wconf 89' lang='lat' dir='ltr'>ut</span> <span class='ocrx_word' id='word_1_92' title='bbox 558 1172 699 1203; x_wconf 84' lang='lat' dir='ltr'>tibiae</span> 
     </span>
     <span class='ocr_line' id='line_1_20' title="bbox 55 1218 700 1250; baseline -0.002 0"><span class='ocrx_word' id='word_1_93' title='bbox 55 1223 98 1250; x_wconf 89' lang='lat' dir='ltr'>et</span> <span class='ocrx_word' id='word_1_94' title='bbox 135 1218 340 1249; x_wconf 76' lang='lat' dir='ltr'>citharae</span> <span class='ocrx_word' id='word_1_95' title='bbox 382 1221 553 1249; x_wconf 85' lang='lat' dir='ltr'>cantum</span> <span class='ocrx_word' id='word_1_96' title='bbox 596 1228 700 1249; x_wconf 88' lang='lat' dir='ltr'>non-</span> 
     </span>
     <span class='ocr_line' id='line_1_21' title="bbox 54 1263 700 1305; baseline -0.002 -9"><span class='ocrx_word' id='word_1_97' title='bbox 54 1264 146 1296; x_wconf 84' lang='lat' dir='ltr'>nisi</span> <span class='ocrx_word' id='word_1_98' title='bbox 170 1269 353 1295; x_wconf 86' lang='lat' dir='ltr'>eatenus</span> <span class='ocrx_word' id='word_1_99' title='bbox 370 1263 700 1305; x_wconf 87' lang='lat' dir='ltr'>adhibeat‚qua-</span> 
     </span>
     <span class='ocr_line' id='line_1_22' title="bbox 55 1310 700 1342; baseline -0.002 -1"><span class='ocrx_word' id='word_1_100' title='bbox 55 1315 186 1342; x_wconf 88' lang='lat' dir='ltr'>tenus</span> <span class='ocrx_word' id='word_1_101' title='bbox 222 1310 273 1341; x_wconf 86' lang='lat' dir='ltr'>ad</span> <span class='ocrx_word' id='word_1_102' title='bbox 315 1310 609 1341; x_wconf 78' lang='lat' dir='ltr'><strong>saltationem</strong></span> <span class='ocrx_word' id='word_1_103' title='bbox 657 1313 700 1341; x_wconf 92' lang='lat' dir='ltr'>et</span> 
     </span>
     <span class='ocr_line' id='line_1_23' title="bbox 55 1355 699 1388; baseline -0.002 -1"><span class='ocrx_word' id='word_1_104' title='bbox 55 1360 229 1388; x_wconf 84' lang='lat' dir='ltr'>cantum</span> <span class='ocrx_word' id='word_1_105' title='bbox 266 1356 550 1387; x_wconf 86' lang='lat' dir='ltr'>necessarius</span> <span class='ocrx_word' id='word_1_106' title='bbox 584 1355 699 1386; x_wconf 88' lang='lat' dir='ltr'>vide·</span> 
     </span>
     <span class='ocr_line' id='line_1_24' title="bbox 55 1400 700 1434; baseline -0.002 -1"><span class='ocrx_word' id='word_1_107' title='bbox 55 1407 162 1434; x_wconf 90' lang='lat' dir='ltr'>atur.</span> <span class='ocrx_word' id='word_1_108' title='bbox 212 1400 284 1433; x_wconf 85' lang='lat' dir='ltr'>Sed</span> <span class='ocrx_word' id='word_1_109' title='bbox 319 1402 499 1433; x_wconf 81' lang='lat' dir='ltr'>videamus</span> <span class='ocrx_word' id='word_1_110' title='bbox 525 1402 631 1433; x_wconf 85' lang='lat' dir='ltr'>etiam</span> <span class='ocrx_word' id='word_1_111' title='bbox 656 1401 700 1432; x_wconf 87' lang='lat' dir='ltr'>de</span> 
     </span>
     <span class='ocr_line' id='line_1_25' title="bbox 55 1447 698 1488; baseline -0.002 -9"><span class='ocrx_word' id='word_1_112' title='bbox 55 1448 173 1479; x_wconf 83' lang='lat' dir='ltr'>verbis</span> <span class='ocrx_word' id='word_1_113' title='bbox 197 1447 365 1488; x_wconf 87' lang='lat' dir='ltr'>singulis,</span> <span class='ocrx_word' id='word_1_114' title='bbox 391 1457 482 1488; x_wconf 89' lang='lat' dir='ltr'>quae</span> <span class='ocrx_word' id='word_1_115' title='bbox 505 1452 599 1479; x_wconf 88' lang='lat' dir='ltr'>certe</span> <span class='ocrx_word' id='word_1_116' title='bbox 626 1457 698 1478; x_wconf 89' lang='lat' dir='ltr'>non</span> 
     </span>
     <span class='ocr_line' id='line_1_26' title="bbox 56 1493 700 1533; baseline -0.002 -8"><span class='ocrx_word' id='word_1_117' title='bbox 56 1498 174 1526; x_wconf 87' lang='lat' dir='ltr'>carent</span> <span class='ocrx_word' id='word_1_118' title='bbox 206 1494 279 1525; x_wconf 91' lang='lat' dir='ltr'>suis</span> <span class='ocrx_word' id='word_1_119' title='bbox 314 1493 522 1533; x_wconf 82' lang='lat' dir='ltr'>quibusdam</span> <span class='ocrx_word' id='word_1_120' title='bbox 548 1493 700 1526; x_wconf 82' lang='lat' dir='ltr'>difficul-</span> 
     </span>
     <span class='ocr_line' id='line_1_27' title="bbox 55 1539 700 1581; baseline -0.002 -10"><span class='ocrx_word' id='word_1_121' title='bbox 55 1539 199 1572; x_wconf 77' lang='lat' dir='ltr'><strong>tatibus.</strong></span> <span class='ocrx_word' id='word_1_122' title='bbox 254 1540 414 1581; x_wconf 82' lang='lat' dir='ltr'><strong>Apparet</strong></span> <span class='ocrx_word' id='word_1_123' title='bbox 442 1540 552 1580; x_wconf 84' lang='lat' dir='ltr'>igitur</span> <span class='ocrx_word' id='word_1_124' title='bbox 584 1540 630 1571; x_wconf 85' lang='lat' dir='ltr'>ad</span> <span class='ocrx_word' id='word_1_125' title='bbox 663 1549 700 1570; x_wconf 90' lang='lat' dir='ltr'>se</span> 
     </span>
     <span class='ocr_line' id='line_1_28' title="bbox 54 1582 701 1626; baseline -0.003 -8"><span class='ocrx_word' id='word_1_126' title='bbox 54 1590 176 1619; x_wconf 85' lang='lat' dir='ltr'>mutuo</span> <span class='ocrx_word' id='word_1_127' title='bbox 212 1585 336 1617; x_wconf 81' lang='lat' dir='ltr'>referri</span> <span class='ocrx_word' id='word_1_128' title='bbox 377 1582 415 1616; x_wconf 74' lang='grc' dir='ltr'>τό</span> <span class='ocrx_word' id='word_1_129' title='bbox 462 1583 626 1617; x_wconf 81' lang='grc' dir='ltr'><strong><em>τοιοῦτόν</em></strong></span> <span class='ocrx_word' id='word_1_130' title='bbox 661 1595 701 1626; x_wconf 84' lang='grc' dir='ltr'>γε</span> 
     </span>
     <span class='ocr_line' id='line_1_29' title="bbox 56 1627 699 1663; baseline 0.002 -1"><span class='ocrx_word' id='word_1_131' title='bbox 56 1631 125 1662; x_wconf 75' lang='grc' dir='ltr'>πᾶν</span> <span class='ocrx_word' id='word_1_132' title='bbox 165 1635 201 1662; x_wconf 89' lang='lat' dir='ltr'>et</span> <span class='ocrx_word' id='word_1_133' title='bbox 240 1627 387 1662; x_wconf 74' lang='grc' dir='ltr'>ὁπόσον.</span> <span class='ocrx_word' id='word_1_134' title='bbox 448 1630 551 1663; x_wconf 86' lang='lat' dir='ltr'>Unde</span> <span class='ocrx_word' id='word_1_135' title='bbox 594 1631 699 1663; x_wconf 64' lang='lat' dir='ltr'>facile</span> 
     </span>
     <span class='ocr_line' id='line_1_30' title="bbox 53 1677 699 1718; baseline -0.002 -9"><span class='ocrx_word' id='word_1_136' title='bbox 53 1677 159 1709; x_wconf 86' lang='lat' dir='ltr'>alicui</span> <span class='ocrx_word' id='word_1_137' title='bbox 183 1677 415 1708; x_wconf 86' lang='lat' dir='ltr'>snbnascatur</span> <span class='ocrx_word' id='word_1_138' title='bbox 440 1677 609 1718; x_wconf 84' lang='lat' dir='ltr'>suspicio,</span> <span class='ocrx_word' id='word_1_139' title='bbox 633 1687 699 1718; x_wconf 91' lang='lat' dir='ltr'>pro</span> 
     </span>
     <span class='ocr_line' id='line_1_31' title="bbox 55 1719 698 1765; baseline 0.002 -11"><span class='ocrx_word' id='word_1_140' title='bbox 55 1720 94 1754; x_wconf 74' lang='lat' dir='ltr'>ui</span> <span class='ocrx_word' id='word_1_141' title='bbox 121 1719 281 1754; x_wconf 80' lang='grc' dir='ltr'><strong><em>τοιοῦτόν</em></strong></span> <span class='ocrx_word' id='word_1_142' title='bbox 305 1733 343 1765; x_wconf 81' lang='grc' dir='ltr'>γε</span> <span class='ocrx_word' id='word_1_143' title='bbox 357 1724 598 1764; x_wconf 88' lang='lat' dir='ltr'>reponendum</span> <span class='ocrx_word' id='word_1_144' title='bbox 620 1733 698 1755; x_wconf 88' lang='lat' dir='ltr'>esse</span> 
     </span>
     <span class='ocr_line' id='line_1_32' title="bbox 57 1766 699 1810; baseline 0.002 -11"><span class='ocrx_word' id='word_1_145' title='bbox 57 1767 96 1800; x_wconf 70' lang='grc' dir='ltr'>τὸ</span> <span class='ocrx_word' id='word_1_146' title='bbox 121 1766 296 1800; x_wconf 69' lang='grc' dir='ltr'>τοσοῦτόν</span> <span class='ocrx_word' id='word_1_147' title='bbox 312 1779 361 1810; x_wconf 81' lang='grc' dir='ltr'>γε.</span> <span class='ocrx_word' id='word_1_148' title='bbox 392 1767 463 1800; x_wconf 86' lang='lat' dir='ltr'>Sed</span> <span class='ocrx_word' id='word_1_149' title='bbox 487 1779 594 1810; x_wconf 87' lang='lat' dir='ltr'>quum</span> <span class='ocrx_word' id='word_1_150' title='bbox 617 1773 699 1810; x_wconf 87' lang='lat' dir='ltr'>post</span> 
     </span>
     <span class='ocr_line' id='line_1_33' title="bbox 57 1814 699 1855; baseline 0 -9"><span class='ocrx_word' id='word_1_151' title='bbox 57 1814 236 1851; x_wconf 75' lang='grc' dir='ltr'><strong><em>τοιοῦτον,</em></strong></span> <span class='ocrx_word' id='word_1_152' title='bbox 260 1814 356 1855; x_wconf 89' lang='lat' dir='ltr'>quod</span> <span class='ocrx_word' id='word_1_153' title='bbox 385 1819 478 1845; x_wconf 90' lang='lat' dir='ltr'>certe</span> <span class='ocrx_word' id='word_1_154' title='bbox 502 1825 564 1855; x_wconf 91' lang='lat' dir='ltr'>per</span> <span class='ocrx_word' id='word_1_155' title='bbox 585 1825 622 1846; x_wconf 85' lang='lat' dir='ltr'>se</span> <span class='ocrx_word' id='word_1_156' title='bbox 646 1815 699 1846; x_wconf 89' lang='lat' dir='ltr'>rei</span> 
     </span>
     <span class='ocr_line' id='line_1_34' title="bbox 57 1860 699 1900; baseline -0.002 -8"><span class='ocrx_word' id='word_1_157' title='bbox 57 1865 111 1892; x_wconf 91' lang='lat' dir='ltr'>est</span> <span class='ocrx_word' id='word_1_158' title='bbox 145 1860 535 1900; x_wconf 87' lang='lat' dir='ltr'>convenientissimum,</span> <span class='ocrx_word' id='word_1_159' title='bbox 573 1860 699 1891; x_wconf 88' lang='lat' dir='ltr'>deinde</span> 
     </span>
     <span class='ocr_line' id='line_1_35' title="bbox 58 1905 699 1942; baseline 0 -5"><span class='ocrx_word' id='word_1_160' title='bbox 58 1906 281 1938; x_wconf 83' lang='lat' dir='ltr'>subiunctum</span> <span class='ocrx_word' id='word_1_161' title='bbox 310 1907 356 1936; x_wconf 75' lang='lat' dir='ltr'>nit</span> <span class='ocrx_word' id='word_1_162' title='bbox 380 1905 458 1942; x_wconf 78' lang='grc' dir='ltr'>πᾶν,</span> <span class='ocrx_word' id='word_1_163' title='bbox 489 1905 556 1936; x_wconf 86' lang='lat' dir='ltr'>hac</span> <span class='ocrx_word' id='word_1_164' title='bbox 585 1911 699 1937; x_wconf 87' lang='lat' dir='ltr'>muta-</span> 
     </span>
     <span class='ocr_line' id='line_1_36' title="bbox 57 1949 702 1992; baseline -0.003 -8"><span class='ocrx_word' id='word_1_165' title='bbox 57 1953 154 1984; x_wconf 83' lang='lat' dir='ltr'>tione</span> <span class='ocrx_word' id='word_1_166' title='bbox 195 1951 292 1982; x_wconf 91' lang='lat' dir='ltr'>nullo</span> <span class='ocrx_word' id='word_1_167' title='bbox 336 1949 449 1984; x_wconf 75' lang='lat' dir='ltr'>modo&#39;</span> <span class='ocrx_word' id='word_1_168' title='bbox 491 1961 580 1992; x_wconf 90' lang='lat' dir='ltr'>opus</span> <span class='ocrx_word' id='word_1_169' title='bbox 625 1961 702 1983; x_wconf 80' lang='lat' dir='ltr'>esse</span> 
     </span>
     <span class='ocr_line' id='line_1_37' title="bbox 57 1997 701 2030; baseline -0.003 0"><span class='ocrx_word' id='word_1_170' title='bbox 57 2007 248 2030; x_wconf 84' lang='lat' dir='ltr'>censemus.</span> <span class='ocrx_word' id='word_1_171' title='bbox 284 1997 367 2029; x_wconf 84' lang='lat' dir='ltr'>Plus</span> <span class='ocrx_word' id='word_1_172' title='bbox 381 1997 600 2030; x_wconf 83' lang='lat' dir='ltr'>difficultatis</span> <span class='ocrx_word' id='word_1_173' title='bbox 612 1997 701 2028; x_wconf 92' lang='lat' dir='ltr'>obii-</span> 
     </span>
     <span class='ocr_line' id='line_1_38' title="bbox 58 2037 700 2084; baseline -0.002 -8"><span class='ocrx_word' id='word_1_174' title='bbox 58 2044 106 2076; x_wconf 90' lang='lat' dir='ltr'>cit</span> <span class='ocrx_word' id='word_1_175' title='bbox 151 2043 247 2084; x_wconf 85' lang='lat' dir='ltr'>quod</span> <span class='ocrx_word' id='word_1_176' title='bbox 301 2044 460 2084; x_wconf 87' lang='lat' dir='ltr'>sequitur</span> <span class='ocrx_word' id='word_1_177' title='bbox 507 2037 700 2075; x_wconf 72' lang='grc' dir='ltr'><strong><em>ἀπταισίας.</em></strong></span> 
     </span>
     <span class='ocr_line' id='line_1_39' title="bbox 57 2089 701 2131; baseline -0.002 -9"><span class='ocrx_word' id='word_1_178' title='bbox 57 2089 248 2122; x_wconf 81' lang='lat' dir='ltr'>Ficinus</span> <span class='ocrx_word' id='word_1_179' title='bbox 280 2089 366 2120; x_wconf 89' lang='lat' dir='ltr'>illud</span> <span class='ocrx_word' id='word_1_180' title='bbox 405 2089 580 2131; x_wconf 81' lang='lat' dir='ltr'>expressit</span> <span class='ocrx_word' id='word_1_181' title='bbox 617 2093 701 2121; x_wconf 89' lang='lat' dir='ltr'>tar-</span> 
     </span>
     <span class='ocr_line' id='line_1_40' title="bbox 57 2135 703 2175; baseline 0 -9"><span class='ocrx_word' id='word_1_182' title='bbox 57 2135 214 2167; x_wconf 87' lang='lat' dir='ltr'>ditatis</span> <span class='ocrx_word' id='word_1_183' title='bbox 246 2135 439 2175; x_wconf 85' lang='lat' dir='ltr'>vocabulo;</span> <span class='ocrx_word' id='word_1_184' title='bbox 473 2136 579 2167; x_wconf 82' lang='lat' dir='ltr'>vertit</span> <span class='ocrx_word' id='word_1_185' title='bbox 610 2136 703 2167; x_wconf 92' lang='lat' dir='ltr'>enim</span> 
     </span>
     <span class='ocr_line' id='line_1_41' title="bbox 59 2181 702 2223; baseline 0 -11"><span class='ocrx_word' id='word_1_186' title='bbox 59 2181 174 2212; x_wconf 80' lang='lat' dir='ltr'>locum</span> <span class='ocrx_word' id='word_1_187' title='bbox 194 2181 259 2212; x_wconf 85' lang='lat' dir='ltr'>sic:</span> <span class='ocrx_word' id='word_1_188' title='bbox 286 2183 583 2223; x_wconf 82' lang='lat' dir='ltr'>quodcunque</span> <span class='ocrx_word' id='word_1_189' title='bbox 608 2182 702 2213; x_wconf 86' lang='lat' dir='ltr'>sive</span> 
     </span>
     <span class='ocr_line' id='line_1_42' title="bbox 60 2226 703 2261; baseline 0.003 -5"><span class='ocrx_word' id='word_1_190' title='bbox 60 2226 345 2258; x_wconf 86' lang='lat' dir='ltr'>velocitatem</span> <span class='ocrx_word' id='word_1_191' title='bbox 391 2239 467 2261; x_wconf 84' lang='lat' dir='ltr'>seu</span> <span class='ocrx_word' id='word_1_192' title='bbox 514 2228 703 2259; x_wconf 84' lang='lat' dir='ltr'>tardita-</span> 
     </span>
     <span class='ocr_line' id='line_1_43' title="bbox 60 2273 703 2314; baseline 0.003 -12"><span class='ocrx_word' id='word_1_193' title='bbox 60 2276 141 2304; x_wconf 88' lang='lat' dir='ltr'>tem</span> <span class='ocrx_word' id='word_1_194' title='bbox 203 2281 441 2314; x_wconf 85' lang='lat' dir='ltr'>vocemque</span> <span class='ocrx_word' id='word_1_195' title='bbox 508 2273 703 2305; x_wconf 85' lang='lat' dir='ltr'>ferarum</span> 
     </span>
     <span class='ocr_line' id='line_1_44' title="bbox 59 2318 702 2359; baseline 0.003 -11"><span class='ocrx_word' id='word_1_196' title='bbox 59 2318 258 2359; x_wconf 83' lang='lat' dir='ltr'>proxime</span> <span class='ocrx_word' id='word_1_197' title='bbox 296 2322 510 2359; x_wconf 86' lang='lat' dir='ltr'>sequitur.</span> <span class='ocrx_word' id='word_1_198' title='bbox 568 2319 702 2351; x_wconf 85' lang='lat' dir='ltr'>ldcirco</span> 
     </span>
     <span class='ocr_line' id='line_1_45' title="bbox 61 2359 703 2406; baseline 0 -10"><span class='ocrx_word' id='word_1_199' title='bbox 61 2363 175 2396; x_wconf 91' lang='lat' dir='ltr'>Corn</span> <span class='ocrx_word' id='word_1_200' title='bbox 186 2365 305 2395; x_wconf 85' lang='lat' dir='ltr'>arius</span> <span class='ocrx_word' id='word_1_201' title='bbox 326 2359 429 2403; x_wconf 77' lang='grc' dir='ltr'><strong><em>ὀψίας</em></strong></span> <span class='ocrx_word' id='word_1_202' title='bbox 441 2366 599 2406; x_wconf 86' lang='lat' dir='ltr'>corrigit.</span> <span class='ocrx_word' id='word_1_203' title='bbox 627 2364 703 2396; x_wconf 87' lang='lat' dir='ltr'>Nec</span> 
     </span>
     <span class='ocr_line' id='line_1_46' title="bbox 60 2402 702 2452; baseline -0.002 -10"><span class='ocrx_word' id='word_1_204' title='bbox 60 2414 177 2442; x_wconf 84' lang='lat' dir='ltr'>tamen</span> <span class='ocrx_word' id='word_1_205' title='bbox 202 2409 239 2440; x_wconf 92' lang='lat' dir='ltr'>id</span> <span class='ocrx_word' id='word_1_206' title='bbox 268 2410 439 2443; x_wconf 79' lang='lat' dir='ltr'>satisfecit</span> <span class='ocrx_word' id='word_1_207' title='bbox 461 2402 614 2451; x_wconf 58' lang='lat' dir='ltr'>Rstio,</span> <span class='ocrx_word' id='word_1_208' title='bbox 643 2411 702 2452; x_wconf 92' lang='lat' dir='ltr'>qui</span> 
     </span>
     <span class='ocr_line' id='line_1_47' title="bbox 60 2451 702 2498; baseline 0.002 -12"><span class='ocrx_word' id='word_1_209' title='bbox 60 2451 267 2486; x_wconf 76' lang='grc' dir='ltr'><em>ἀπνευστιάε</em></span> <span class='ocrx_word' id='word_1_210' title='bbox 304 2458 469 2494; x_wconf 83' lang='lat' dir='ltr'>tentavit,</span> <span class='ocrx_word' id='word_1_211' title='bbox 511 2457 608 2498; x_wconf 86' lang='lat' dir='ltr'>quod</span> <span class='ocrx_word' id='word_1_212' title='bbox 649 2457 702 2487; x_wconf 89' lang='lat' dir='ltr'>in-</span> 
     </span>
     <span class='ocr_line' id='line_1_48' title="bbox 61 2501 700 2544; baseline 0.002 -12"><span class='ocrx_word' id='word_1_213' title='bbox 61 2501 282 2541; x_wconf 85' lang='lat' dir='ltr'>telligeretur</span> <span class='ocrx_word' id='word_1_214' title='bbox 337 2502 380 2533; x_wconf 86' lang='lat' dir='ltr'>de</span> <span class='ocrx_word' id='word_1_215' title='bbox 436 2502 582 2544; x_wconf 86' lang='lat' dir='ltr'>spiritus</span> <span class='ocrx_word' id='word_1_216' title='bbox 645 2512 700 2533; x_wconf 91' lang='lat' dir='ltr'>re-</span> 
     </span>
    </p>
   </div>
   <div class='ocr_carea' id='block_1_6' title="bbox 61 2547 702 2679">
    <p class='ocr_par' dir='ltr' id='par_1_6' title="bbox 61 2547 702 2679">
     <span class='ocr_line' id='line_1_49' title="bbox 61 2547 701 2593; baseline 0 -15"><span class='ocrx_word' id='word_1_217' title='bbox 61 2547 235 2593; x_wconf 78' lang='lat' dir='ltr'>tentione,</span> <span class='ocrx_word' id='word_1_218' title='bbox 296 2556 400 2588; x_wconf 88' lang='lat' dir='ltr'>quam</span> <span class='ocrx_word' id='word_1_219' title='bbox 465 2549 542 2589; x_wconf 86' lang='lat' dir='ltr'>ipse</span> <span class='ocrx_word' id='word_1_220' title='bbox 604 2548 701 2586; x_wconf 86' lang='lat' dir='ltr'>dicit,</span> 
     </span>
     <span class='ocr_line' id='line_1_50' title="bbox 61 2591 702 2633; baseline 0 -9"><span class='ocrx_word' id='word_1_221' title='bbox 61 2602 167 2633; x_wconf 88' lang='lat' dir='ltr'>quum</span> <span class='ocrx_word' id='word_1_222' title='bbox 222 2591 299 2632; x_wconf 89' lang='lat' dir='ltr'>quis</span> <span class='ocrx_word' id='word_1_223' title='bbox 330 2593 416 2625; x_wconf 83' lang='lat' dir='ltr'>tibia</span> <span class='ocrx_word' id='word_1_224' title='bbox 472 2594 566 2625; x_wconf 86' lang='lat' dir='ltr'>canit</span> <span class='ocrx_word' id='word_1_225' title='bbox 625 2595 702 2625; x_wconf 89' lang='lat' dir='ltr'>sine</span> 
     </span>
     <span class='ocr_line' id='line_1_51' title="bbox 61 2637 702 2679; baseline 0.002 -10"><span class='ocrx_word' id='word_1_226' title='bbox 61 2637 358 2679; x_wconf 75' lang='lat' dir='ltr'>interspiratione.</span> <span class='ocrx_word' id='word_1_227' title='bbox 431 2638 481 2670; x_wconf 84' lang='lat' dir='ltr'>At</span> <span class='ocrx_word' id='word_1_228' title='bbox 530 2648 616 2670; x_wconf 81' lang='lat' dir='ltr'>vero</span> <span class='ocrx_word' id='word_1_229' title='bbox 658 2639 702 2670; x_wconf 91' lang='lat' dir='ltr'>de</span> 
     </span>
    </p>
   </div>
   <div class='ocr_carea' id='block_1_7' title="bbox 63 2683 702 2725">
    <p class='ocr_par' dir='ltr' id='par_1_7' title="bbox 63 2683 702 2725">
     <span class='ocr_line' id='line_1_52' title="bbox 63 2683 702 2725; baseline 0.002 -10"><span class='ocrx_word' id='word_1_230' title='bbox 63 2684 140 2715; x_wconf 71' lang='lat' dir='ltr'>sola</span> <span class='ocrx_word' id='word_1_231' title='bbox 195 2683 284 2715; x_wconf 85' lang='lat' dir='ltr'>tibia</span> <span class='ocrx_word' id='word_1_232' title='bbox 338 2684 395 2715; x_wconf 90' lang='lat' dir='ltr'>hic</span> <span class='ocrx_word' id='word_1_233' title='bbox 457 2694 528 2716; x_wconf 92' lang='lat' dir='ltr'>non</span> <span class='ocrx_word' id='word_1_234' title='bbox 574 2684 702 2725; x_wconf 88' lang='lat' dir='ltr'>agitur.</span> 
     </span>
    </p>
   </div>
   <div class='ocr_carea' id='block_1_8' title="bbox 765 664 1417 2726">
    <p class='ocr_par' dir='ltr' id='par_1_8' title="bbox 765 664 1417 2726">
     <span class='ocr_line' id='line_1_53' title="bbox 768 664 1412 706; baseline -0.002 -9"><span class='ocrx_word' id='word_1_235' title='bbox 768 664 1008 704; x_wconf 78' lang='lat' dir='ltr'>Quamobrem</span> <span class='ocrx_word' id='word_1_236' title='bbox 1031 674 1096 696; x_wconf 88' lang='lat' dir='ltr'>nec</span> <span class='ocrx_word' id='word_1_237' title='bbox 1120 664 1278 704; x_wconf 84' lang='lat' dir='ltr'>alteram,</span> <span class='ocrx_word' id='word_1_238' title='bbox 1308 674 1412 706; x_wconf 89' lang='lat' dir='ltr'>quam</span> 
     </span>
     <span class='ocr_line' id='line_1_54' title="bbox 767 711 1410 750; baseline -0.002 -7"><span class='ocrx_word' id='word_1_239' title='bbox 767 711 851 743; x_wconf 83' lang='lat' dir='ltr'>fecit</span> <span class='ocrx_word' id='word_1_240' title='bbox 887 711 942 742; x_wconf 82' lang='lat' dir='ltr'>vir</span> <span class='ocrx_word' id='word_1_241' title='bbox 981 711 1123 750; x_wconf 81' lang='lat' dir='ltr'>doctus,</span> <span class='ocrx_word' id='word_1_242' title='bbox 1161 711 1410 750; x_wconf 85' lang='lat' dir='ltr'>coniecturam,</span> 
     </span>
     <span class='ocr_line' id='line_1_55' title="bbox 766 752 1413 797; baseline -0.002 -9"><span class='ocrx_word' id='word_1_243' title='bbox 766 752 958 789; x_wconf 78' lang='grc' dir='ltr'><strong><em>α’παυσιιάς</em></strong></span> <span class='ocrx_word' id='word_1_244' title='bbox 989 758 1025 788; x_wconf 90' lang='lat' dir='ltr'>in</span> <span class='ocrx_word' id='word_1_245' title='bbox 1058 756 1193 788; x_wconf 84' lang='lat' dir='ltr'>Lexico</span> <span class='ocrx_word' id='word_1_246' title='bbox 1225 757 1413 797; x_wconf 88' lang='lat' dir='ltr'>legendum</span> 
     </span>
     <span class='ocr_line' id='line_1_56' title="bbox 765 802 1415 844; baseline 0 -9"><span class='ocrx_word' id='word_1_247' title='bbox 765 808 884 843; x_wconf 87' lang='lat' dir='ltr'>ratus,</span> <span class='ocrx_word' id='word_1_248' title='bbox 922 803 993 834; x_wconf 94' lang='lat' dir='ltr'>ullo</span> <span class='ocrx_word' id='word_1_249' title='bbox 1030 803 1138 834; x_wconf 90' lang='lat' dir='ltr'>modo</span> <span class='ocrx_word' id='word_1_250' title='bbox 1179 802 1267 834; x_wconf 86' lang='lat' dir='ltr'>ferri</span> <span class='ocrx_word' id='word_1_251' title='bbox 1308 811 1415 844; x_wconf 81' lang='lat' dir='ltr'>posse</span> 
     </span>
     <span class='ocr_line' id='line_1_57' title="bbox 767 847 1415 881; baseline -0.003 0"><span class='ocrx_word' id='word_1_252' title='bbox 767 859 958 881; x_wconf 88' lang='lat' dir='ltr'>censemus.</span> <span class='ocrx_word' id='word_1_253' title='bbox 985 847 1175 880; x_wconf 88' lang='lat' dir='ltr'>Orelliio</span> <span class='ocrx_word' id='word_1_254' title='bbox 1200 849 1238 879; x_wconf 92' lang='lat' dir='ltr'>in</span> <span class='ocrx_word' id='word_1_255' title='bbox 1261 853 1415 880; x_wconf 88' lang='lat' dir='ltr'>mentem</span> 
     </span>
     <span class='ocr_line' id='line_1_58' title="bbox 768 890 1414 936; baseline -0.003 -9"><span class='ocrx_word' id='word_1_256' title='bbox 768 896 866 927; x_wconf 83' lang='lat' dir='ltr'>venit</span> <span class='ocrx_word' id='word_1_257' title='bbox 888 895 1068 936; x_wconf 85' lang='lat' dir='ltr'>corrigere</span> <span class='ocrx_word' id='word_1_258' title='bbox 1088 890 1300 934; x_wconf 74' lang='grc' dir='ltr'><em>ἀποτάσεωε,</em></span> <span class='ocrx_word' id='word_1_259' title='bbox 1318 894 1414 936; x_wconf 92' lang='lat' dir='ltr'>qnod</span> 
     </span>
     <span class='ocr_line' id='line_1_59' title="bbox 769 941 1415 983; baseline -0.003 -10"><span class='ocrx_word' id='word_1_260' title='bbox 769 951 838 983; x_wconf 92' lang='lat' dir='ltr'>quo</span> <span class='ocrx_word' id='word_1_261' title='bbox 873 951 978 973; x_wconf 88' lang='lat' dir='ltr'>sensu</span> <span class='ocrx_word' id='word_1_262' title='bbox 1012 941 1166 972; x_wconf 90' lang='lat' dir='ltr'>voluerit</span> <span class='ocrx_word' id='word_1_263' title='bbox 1194 941 1324 982; x_wconf 81' lang='lat' dir='ltr'>accipi,</span> <span class='ocrx_word' id='word_1_264' title='bbox 1349 950 1415 972; x_wconf 84' lang='lat' dir='ltr'>nec</span> 
     </span>
     <span class='ocr_line' id='line_1_60' title="bbox 769 985 1413 1027; baseline -0.002 -8"><span class='ocrx_word' id='word_1_265' title='bbox 769 988 897 1019; x_wconf 85' lang='lat' dir='ltr'>scimus</span> <span class='ocrx_word' id='word_1_266' title='bbox 923 997 988 1018; x_wconf 86' lang='lat' dir='ltr'>nec</span> <span class='ocrx_word' id='word_1_267' title='bbox 1012 987 1102 1018; x_wconf 89' lang='lat' dir='ltr'>scire</span> <span class='ocrx_word' id='word_1_268' title='bbox 1128 987 1298 1027; x_wconf 86' lang='lat' dir='ltr'>cupimus.</span> <span class='ocrx_word' id='word_1_269' title='bbox 1338 985 1413 1018; x_wconf 90' lang='lat' dir='ltr'>Nec</span> 
     </span>
     <span class='ocr_line' id='line_1_61' title="bbox 768 1033 1413 1065; baseline -0.003 0"><span class='ocrx_word' id='word_1_270' title='bbox 768 1033 798 1064; x_wconf 87' lang='lat' dir='ltr'>L</span> <span class='ocrx_word' id='word_1_271' title='bbox 809 1033 860 1065; x_wconf 90' lang='lat' dir='ltr'>ob</span> <span class='ocrx_word' id='word_1_272' title='bbox 870 1043 888 1064; x_wconf 89' lang='lat' dir='ltr'>e</span> <span class='ocrx_word' id='word_1_273' title='bbox 900 1034 948 1065; x_wconf 88' lang='lat' dir='ltr'>ck</span> <span class='ocrx_word' id='word_1_274' title='bbox 957 1034 969 1064; x_wconf 92' lang='lat' dir='ltr'>i</span> <span class='ocrx_word' id='word_1_275' title='bbox 978 1043 1025 1064; x_wconf 89' lang='lat' dir='ltr'>us</span> <span class='ocrx_word' id='word_1_276' title='bbox 1040 1033 1154 1064; x_wconf 89' lang='lat' dir='ltr'>locum</span> <span class='ocrx_word' id='word_1_277' title='bbox 1168 1034 1305 1064; x_wconf 88' lang='lat' dir='ltr'>censuit</span> <span class='ocrx_word' id='word_1_278' title='bbox 1323 1033 1413 1063; x_wconf 86' lang='lat' dir='ltr'>vitio</span> 
     </span>
     <span class='ocr_line' id='line_1_62' title="bbox 769 1078 1412 1120; baseline -0.003 -9"><span class='ocrx_word' id='word_1_279' title='bbox 769 1089 901 1119; x_wconf 87' lang='lat' dir='ltr'>carere,</span> <span class='ocrx_word' id='word_1_280' title='bbox 927 1079 986 1120; x_wconf 91' lang='lat' dir='ltr'>qui</span> <span class='ocrx_word' id='word_1_281' title='bbox 1008 1079 1054 1110; x_wconf 87' lang='lat' dir='ltr'>ad</span> <span class='ocrx_word' id='word_1_282' title='bbox 1075 1078 1264 1120; x_wconf 85' lang='lat' dir='ltr'>Phrynich.</span> <span class='ocrx_word' id='word_1_283' title='bbox 1282 1089 1316 1119; x_wconf 91' lang='lat' dir='ltr'>p.</span> <span class='ocrx_word' id='word_1_284' title='bbox 1331 1078 1412 1112; x_wconf 83' lang='lat'>510.</span> 
     </span>
     <span class='ocr_line' id='line_1_63' title="bbox 768 1125 1415 1167; baseline -0.002 -11"><span class='ocrx_word' id='word_1_285' title='bbox 768 1126 859 1157; x_wconf 85' lang='lat' dir='ltr'>hanc</span> <span class='ocrx_word' id='word_1_286' title='bbox 890 1125 1050 1167; x_wconf 86' lang='lat' dir='ltr'>prodidit</span> <span class='ocrx_word' id='word_1_287' title='bbox 1086 1125 1344 1166; x_wconf 88' lang='lat' dir='ltr'>suspicionem,</span> <span class='ocrx_word' id='word_1_288' title='bbox 1376 1128 1415 1155; x_wconf 88' lang='lat' dir='ltr'>ut</span> 
     </span>
     <span class='ocr_line' id='line_1_64' title="bbox 769 1168 1413 1212; baseline -0.002 -10"><span class='ocrx_word' id='word_1_289' title='bbox 769 1168 959 1212; x_wconf 75' lang='grc' dir='ltr'><em>πτοήσεως,</em></span> <span class='ocrx_word' id='word_1_290' title='bbox 987 1171 1022 1202; x_wconf 85' lang='lat' dir='ltr'>h.</span> <span class='ocrx_word' id='word_1_291' title='bbox 1052 1180 1081 1204; x_wconf 93' lang='lat' dir='ltr'>e.</span> <span class='ocrx_word' id='word_1_292' title='bbox 1109 1170 1413 1212; x_wconf 86' lang='lat' dir='ltr'>perturbatio-</span> 
     </span>
     <span class='ocr_line' id='line_1_65' title="bbox 767 1216 1415 1258; baseline 0 -10"><span class='ocrx_word' id='word_1_293' title='bbox 767 1217 858 1258; x_wconf 88' lang='lat' dir='ltr'>nis,</span> <span class='ocrx_word' id='word_1_294' title='bbox 906 1216 1093 1258; x_wconf 80' lang='lat' dir='ltr'>legendum</span> <span class='ocrx_word' id='word_1_295' title='bbox 1145 1226 1224 1249; x_wconf 88' lang='lat' dir='ltr'>esse</span> <span class='ocrx_word' id='word_1_296' title='bbox 1273 1216 1415 1248; x_wconf 85' lang='lat' dir='ltr'>dixerit.</span> 
     </span>
     <span class='ocr_line' id='line_1_66' title="bbox 768 1262 1415 1303; baseline -0.005 -8"><span class='ocrx_word' id='word_1_297' title='bbox 768 1262 840 1295; x_wconf 88' lang='lat' dir='ltr'>Sed</span> <span class='ocrx_word' id='word_1_298' title='bbox 868 1263 972 1295; x_wconf 91' lang='lat' dir='ltr'>nimis</span> <span class='ocrx_word' id='word_1_299' title='bbox 1004 1262 1076 1294; x_wconf 86' lang='lat' dir='ltr'>late</span> <span class='ocrx_word' id='word_1_300' title='bbox 1116 1263 1277 1303; x_wconf 82' lang='lat' dir='ltr'>profecto</span> <span class='ocrx_word' id='word_1_301' title='bbox 1315 1266 1415 1303; x_wconf 80' lang='lat' dir='ltr'>patet</span> 
     </span>
     <span class='ocr_line' id='line_1_67' title="bbox 767 1309 1414 1350; baseline -0.002 -10"><span class='ocrx_word' id='word_1_302' title='bbox 767 1309 872 1341; x_wconf 86' lang='lat' dir='ltr'>huius</span> <span class='ocrx_word' id='word_1_303' title='bbox 915 1309 1078 1341; x_wconf 77' lang='lat' dir='ltr'>vocabuli</span> <span class='ocrx_word' id='word_1_304' title='bbox 1114 1309 1350 1350; x_wconf 84' lang='lat' dir='ltr'>significatio,</span> <span class='ocrx_word' id='word_1_305' title='bbox 1373 1312 1414 1339; x_wconf 82' lang='lat' dir='ltr'>nt</span> 
     </span>
     <span class='ocr_line' id='line_1_68' title="bbox 766 1354 1414 1398; baseline -0.002 -11"><span class='ocrx_word' id='word_1_306' title='bbox 766 1356 971 1398; x_wconf 86' lang='lat' dir='ltr'>neutiquam</span> <span class='ocrx_word' id='word_1_307' title='bbox 995 1356 1190 1387; x_wconf 86' lang='lat' dir='ltr'>sententiae</span> <span class='ocrx_word' id='word_1_308' title='bbox 1220 1355 1291 1387; x_wconf 82' lang='lat' dir='ltr'>loci</span> <span class='ocrx_word' id='word_1_309' title='bbox 1315 1354 1414 1386; x_wconf 72' lang='lat' dir='ltr'>vide:</span> 
     </span>
     <span class='ocr_line' id='line_1_69' title="bbox 767 1400 1413 1434; baseline -0.003 -1"><span class='ocrx_word' id='word_1_310' title='bbox 767 1406 847 1434; x_wconf 88' lang='lat' dir='ltr'>atur</span> <span class='ocrx_word' id='word_1_311' title='bbox 894 1411 972 1433; x_wconf 87' lang='lat' dir='ltr'>esse</span> <span class='ocrx_word' id='word_1_312' title='bbox 1020 1402 1246 1433; x_wconf 88' lang='lat' dir='ltr'>conveniens.</span> <span class='ocrx_word' id='word_1_313' title='bbox 1316 1400 1413 1432; x_wconf 84' lang='lat' dir='ltr'>Fieri</span> 
     </span>
     <span class='ocr_line' id='line_1_70' title="bbox 766 1447 1415 1489; baseline -0.002 -10"><span class='ocrx_word' id='word_1_314' title='bbox 766 1451 904 1489; x_wconf 80' lang='lat' dir='ltr'>potest,</span> <span class='ocrx_word' id='word_1_315' title='bbox 931 1451 970 1478; x_wconf 89' lang='lat' dir='ltr'>ut</span> <span class='ocrx_word' id='word_1_316' title='bbox 998 1447 1060 1478; x_wconf 91' lang='lat' dir='ltr'>alii</span> <span class='ocrx_word' id='word_1_317' title='bbox 1085 1448 1190 1479; x_wconf 90' lang='lat' dir='ltr'>etiam</span> <span class='ocrx_word' id='word_1_318' title='bbox 1213 1447 1286 1479; x_wconf 85' lang='lat' dir='ltr'>alia</span> <span class='ocrx_word' id='word_1_319' title='bbox 1310 1455 1415 1478; x_wconf 84' lang='lat' dir='ltr'>exco-</span> 
     </span>
     <span class='ocr_line' id='line_1_71' title="bbox 768 1493 1415 1535; baseline 0.002 -11"><span class='ocrx_word' id='word_1_320' title='bbox 768 1494 977 1535; x_wconf 82' lang='lat' dir='ltr'>gitaverint,</span> <span class='ocrx_word' id='word_1_321' title='bbox 1011 1502 1101 1534; x_wconf 84' lang='lat' dir='ltr'>quae</span> <span class='ocrx_word' id='word_1_322' title='bbox 1136 1503 1202 1525; x_wconf 90' lang='lat' dir='ltr'>nos</span> <span class='ocrx_word' id='word_1_323' title='bbox 1234 1493 1415 1525; x_wconf 87' lang='lat' dir='ltr'>latuerint.</span> 
     </span>
     <span class='ocr_line' id='line_1_72' title="bbox 768 1539 1417 1580; baseline -0.003 -9"><span class='ocrx_word' id='word_1_324' title='bbox 768 1539 839 1571; x_wconf 93' lang='lat' dir='ltr'>Sed</span> <span class='ocrx_word' id='word_1_325' title='bbox 864 1549 1092 1580; x_wconf 88' lang='lat' dir='ltr'>quaecunque</span> <span class='ocrx_word' id='word_1_326' title='bbox 1118 1540 1259 1571; x_wconf 91' lang='lat' dir='ltr'>demum</span> <span class='ocrx_word' id='word_1_327' title='bbox 1283 1539 1417 1570; x_wconf 86' lang='lat' dir='ltr'>fuerint</span> 
     </span>
     <span class='ocr_line' id='line_1_73' title="bbox 766 1585 1416 1627; baseline -0.002 -10"><span class='ocrx_word' id='word_1_328' title='bbox 766 1586 919 1627; x_wconf 82' lang='lat' dir='ltr'>prolata,</span> <span class='ocrx_word' id='word_1_329' title='bbox 944 1594 1009 1616; x_wconf 89' lang='lat' dir='ltr'>nos</span> <span class='ocrx_word' id='word_1_330' title='bbox 1035 1585 1177 1626; x_wconf 88' lang='lat' dir='ltr'>quidem</span> <span class='ocrx_word' id='word_1_331' title='bbox 1195 1586 1416 1618; x_wconf 82' lang='lat' dir='ltr'>coniecturas</span> 
     </span>
     <span class='ocr_line' id='line_1_74' title="bbox 768 1630 1413 1673; baseline -0.003 -9"><span class='ocrx_word' id='word_1_332' title='bbox 768 1642 890 1664; x_wconf 87' lang='lat' dir='ltr'>omnes</span> <span class='ocrx_word' id='word_1_333' title='bbox 929 1630 1072 1662; x_wconf 83' lang='lat' dir='ltr'>inutiles</span> <span class='ocrx_word' id='word_1_334' title='bbox 1112 1641 1154 1663; x_wconf 86' lang='lat' dir='ltr'>ac</span> <span class='ocrx_word' id='word_1_335' title='bbox 1201 1640 1413 1673; x_wconf 83' lang='lat' dir='ltr'>supervaca-</span> 
     </span>
     <span class='ocr_line' id='line_1_75' title="bbox 766 1676 1413 1719; baseline -0.002 -10"><span class='ocrx_word' id='word_1_336' title='bbox 766 1688 851 1709; x_wconf 82' lang='lat' dir='ltr'>neas</span> <span class='ocrx_word' id='word_1_337' title='bbox 898 1687 975 1709; x_wconf 92' lang='lat' dir='ltr'>esse</span> <span class='ocrx_word' id='word_1_338' title='bbox 1017 1686 1219 1717; x_wconf 85' lang='lat' dir='ltr'>censemus,</span> <span class='ocrx_word' id='word_1_339' title='bbox 1255 1676 1413 1719; x_wconf 89' lang='lat' dir='ltr'>quando-</span> 
     </span>
     <span class='ocr_line' id='line_1_76' title="bbox 767 1723 1414 1765; baseline -0.002 -10"><span class='ocrx_word' id='word_1_340' title='bbox 767 1724 907 1765; x_wconf 89' lang='lat' dir='ltr'>quidem</span> <span class='ocrx_word' id='word_1_341' title='bbox 931 1724 1030 1755; x_wconf 80' lang='lat' dir='ltr'>locus</span> <span class='ocrx_word' id='word_1_342' title='bbox 1055 1733 1129 1754; x_wconf 91' lang='lat' dir='ltr'>non</span> <span class='ocrx_word' id='word_1_343' title='bbox 1153 1723 1414 1755; x_wconf 78' lang='lat' dir='ltr'>emendationis</span> 
     </span>
     <span class='ocr_line' id='line_1_77' title="bbox 766 1769 1414 1810; baseline 0 -9"><span class='ocrx_word' id='word_1_344' title='bbox 766 1770 917 1801; x_wconf 88' lang='lat' dir='ltr'>artificio</span> <span class='ocrx_word' id='word_1_345' title='bbox 954 1769 1015 1800; x_wconf 89' lang='lat' dir='ltr'>sed</span> <span class='ocrx_word' id='word_1_346' title='bbox 1047 1774 1165 1801; x_wconf 86' lang='lat' dir='ltr'>rectae</span> <span class='ocrx_word' id='word_1_347' title='bbox 1202 1770 1414 1810; x_wconf 88' lang='lat' dir='ltr'>interpreta-</span> 
     </span>
     <span class='ocr_line' id='line_1_78' title="bbox 766 1815 1414 1858; baseline 0 -12"><span class='ocrx_word' id='word_1_348' title='bbox 766 1816 876 1847; x_wconf 90' lang='lat' dir='ltr'>tionis</span> <span class='ocrx_word' id='word_1_349' title='bbox 905 1817 983 1847; x_wconf 86' lang='lat' dir='ltr'>luce</span> <span class='ocrx_word' id='word_1_350' title='bbox 1007 1815 1152 1856; x_wconf 83' lang='lat' dir='ltr'>indiget.</span> <span class='ocrx_word' id='word_1_351' title='bbox 1195 1816 1339 1858; x_wconf 82' lang='lat' dir='ltr'>Agitur,</span> <span class='ocrx_word' id='word_1_352' title='bbox 1366 1815 1414 1847; x_wconf 86' lang='lat' dir='ltr'>si·</span> 
     </span>
     <span class='ocr_line' id='line_1_79' title="bbox 767 1860 1416 1905; baseline -0.003 -13"><span class='ocrx_word' id='word_1_353' title='bbox 767 1862 839 1892; x_wconf 89' lang='lat' dir='ltr'>cuti</span> <span class='ocrx_word' id='word_1_354' title='bbox 864 1861 1035 1905; x_wconf 72' lang='lat' dir='ltr'>vidimus,</span> <span class='ocrx_word' id='word_1_355' title='bbox 1062 1861 1106 1892; x_wconf 92' lang='lat' dir='ltr'>de</span> <span class='ocrx_word' id='word_1_356' title='bbox 1135 1862 1223 1893; x_wconf 85' lang='lat' dir='ltr'>artis</span> <span class='ocrx_word' id='word_1_357' title='bbox 1253 1860 1416 1893; x_wconf 86' lang='lat' dir='ltr'>sollertia</span> 
     </span>
     <span class='ocr_line' id='line_1_80' title="bbox 768 1906 1414 1946; baseline -0.002 -9"><span class='ocrx_word' id='word_1_358' title='bbox 768 1908 806 1938; x_wconf 87' lang='lat' dir='ltr'>in</span> <span class='ocrx_word' id='word_1_359' title='bbox 846 1907 943 1938; x_wconf 88' lang='lat' dir='ltr'>sonis</span> <span class='ocrx_word' id='word_1_360' title='bbox 987 1906 1170 1938; x_wconf 86' lang='lat' dir='ltr'>eliciendis</span> <span class='ocrx_word' id='word_1_361' title='bbox 1211 1906 1414 1946; x_wconf 83' lang='lat' dir='ltr'>conspicua.</span> 
     </span>
     <span class='ocr_line' id='line_1_81' title="bbox 769 1947 1415 1992; baseline 0 -10"><span class='ocrx_word' id='word_1_362' title='bbox 769 1950 948 1989; x_wconf 87' lang='lat' dir='ltr'>Quorsum</span> <span class='ocrx_word' id='word_1_363' title='bbox 996 1947 1132 1992; x_wconf 74' lang='lat' dir='ltr'>spectat</span> <span class='ocrx_word' id='word_1_364' title='bbox 1180 1951 1244 1982; x_wconf 81' lang='grc' dir='ltr'>τοῦ</span> <span class='ocrx_word' id='word_1_365' title='bbox 1291 1948 1415 1991; x_wconf 78' lang='grc' dir='ltr'><em>τάχους</em></span> 
     </span>
     <span class='ocr_line' id='line_1_82' title="bbox 770 1996 1415 2031; baseline -0.003 -1"><span class='ocrx_word' id='word_1_366' title='bbox 770 1998 915 2031; x_wconf 82' lang='lat' dir='ltr'>mentio.</span> <span class='ocrx_word' id='word_1_367' title='bbox 963 1996 1035 2028; x_wconf 90' lang='lat' dir='ltr'>lam</span> <span class='ocrx_word' id='word_1_368' title='bbox 1066 2006 1151 2028; x_wconf 83' lang='lat' dir='ltr'>vero</span> <span class='ocrx_word' id='word_1_369' title='bbox 1182 2007 1260 2029; x_wconf 91' lang='lat' dir='ltr'>cum</span> <span class='ocrx_word' id='word_1_370' title='bbox 1291 2006 1334 2029; x_wconf 87' lang='lat' dir='ltr'>ea</span> <span class='ocrx_word' id='word_1_371' title='bbox 1357 2006 1415 2028; x_wconf 81' lang='lat' dir='ltr'>ve—</span> 
     </span>
     <span class='ocr_line' id='line_1_83' title="bbox 770 2043 1417 2074; baseline 0 0"><span class='ocrx_word' id='word_1_372' title='bbox 770 2044 914 2074; x_wconf 88' lang='lat' dir='ltr'>locitate</span> <span class='ocrx_word' id='word_1_373' title='bbox 942 2043 1168 2074; x_wconf 87' lang='lat' dir='ltr'>coniunctum</span> <span class='ocrx_word' id='word_1_374' title='bbox 1199 2043 1246 2074; x_wconf 84' lang='lat' dir='ltr'>sit</span> <span class='ocrx_word' id='word_1_375' title='bbox 1272 2052 1417 2074; x_wconf 88' lang='lat' dir='ltr'>necesse</span> 
     </span>
     <span class='ocr_line' id='line_1_84' title="bbox 772 2088 1417 2130; baseline 0 -10"><span class='ocrx_word' id='word_1_376' title='bbox 772 2094 826 2121; x_wconf 89' lang='lat' dir='ltr'>est</span> <span class='ocrx_word' id='word_1_377' title='bbox 856 2089 960 2120; x_wconf 89' lang='lat' dir='ltr'>etiam</span> <span class='ocrx_word' id='word_1_378' title='bbox 995 2088 1092 2120; x_wconf 88' lang='lat' dir='ltr'>aliud</span> <span class='ocrx_word' id='word_1_379' title='bbox 1122 2089 1220 2130; x_wconf 89' lang='lat' dir='ltr'>quid.</span> <span class='ocrx_word' id='word_1_380' title='bbox 1273 2088 1417 2120; x_wconf 87' lang='lat' dir='ltr'>Debent</span> 
     </span>
     <span class='ocr_line' id='line_1_85' title="bbox 773 2134 1416 2174; baseline 0 -8"><span class='ocrx_word' id='word_1_381' title='bbox 773 2135 865 2166; x_wconf 87' lang='lat' dir='ltr'>enim</span> <span class='ocrx_word' id='word_1_382' title='bbox 902 2137 981 2167; x_wconf 89' lang='lat' dir='ltr'>soni</span> <span class='ocrx_word' id='word_1_383' title='bbox 1014 2144 1086 2166; x_wconf 91' lang='lat' dir='ltr'>non</span> <span class='ocrx_word' id='word_1_384' title='bbox 1111 2134 1216 2166; x_wconf 90' lang='lat' dir='ltr'>modo</span> <span class='ocrx_word' id='word_1_385' title='bbox 1242 2134 1416 2174; x_wconf 86' lang='lat' dir='ltr'>celeriter,</span> 
     </span>
     <span class='ocr_line' id='line_1_86' title="bbox 773 2180 1417 2216; baseline 0 -4"><span class='ocrx_word' id='word_1_386' title='bbox 773 2181 835 2212; x_wconf 77' lang='lat' dir='ltr'>secl</span> <span class='ocrx_word' id='word_1_387' title='bbox 866 2181 971 2213; x_wconf 87' lang='lat' dir='ltr'>etiam</span> <span class='ocrx_word' id='word_1_388' title='bbox 1008 2181 1060 2212; x_wconf 88' lang='lat' dir='ltr'>sic</span> <span class='ocrx_word' id='word_1_389' title='bbox 1083 2180 1184 2216; x_wconf 85' lang='lat' dir='ltr'>elici,</span> <span class='ocrx_word' id='word_1_390' title='bbox 1208 2183 1247 2211; x_wconf 88' lang='lat' dir='ltr'>ut</span> <span class='ocrx_word' id='word_1_391' title='bbox 1269 2180 1417 2212; x_wconf 88' lang='lat' dir='ltr'>ludendi</span> 
     </span>
     <span class='ocr_line' id='line_1_87' title="bbox 773 2226 1415 2267; baseline -0.002 -9"><span class='ocrx_word' id='word_1_392' title='bbox 773 2226 955 2267; x_wconf 87' lang='lat' dir='ltr'>negotium</span> <span class='ocrx_word' id='word_1_393' title='bbox 986 2230 1105 2258; x_wconf 80' lang='lat' dir='ltr'>careat</span> <span class='ocrx_word' id='word_1_394' title='bbox 1135 2226 1331 2259; x_wconf 86' lang='lat' dir='ltr'>offensione</span> <span class='ocrx_word' id='word_1_395' title='bbox 1361 2226 1415 2258; x_wconf 91' lang='lat' dir='ltr'>ni-</span> 
     </span>
     <span class='ocr_line' id='line_1_88' title="bbox 772 2268 1414 2314; baseline 0 -11"><span class='ocrx_word' id='word_1_396' title='bbox 772 2271 892 2313; x_wconf 87' lang='lat' dir='ltr'>hilque</span> <span class='ocrx_word' id='word_1_397' title='bbox 939 2273 976 2304; x_wconf 89' lang='lat' dir='ltr'>in</span> <span class='ocrx_word' id='word_1_398' title='bbox 1030 2272 1223 2303; x_wconf 77' lang='lat' dir='ltr'>tractandis</span> <span class='ocrx_word' id='word_1_399' title='bbox 1269 2268 1414 2314; x_wconf 82' lang='lat' dir='ltr'>organis</span> 
     </span>
     <span class='ocr_line' id='line_1_89' title="bbox 770 2317 1414 2359; baseline 0 -10"><span class='ocrx_word' id='word_1_400' title='bbox 770 2323 933 2359; x_wconf 88' lang='lat' dir='ltr'>peccetur</span> <span class='ocrx_word' id='word_1_401' title='bbox 957 2320 1019 2350; x_wconf 88' lang='lat' dir='ltr'>ant</span> <span class='ocrx_word' id='word_1_402' title='bbox 1049 2317 1247 2350; x_wconf 85' lang='lat' dir='ltr'>haereatur.</span> <span class='ocrx_word' id='word_1_403' title='bbox 1298 2317 1414 2350; x_wconf 88' lang='lat' dir='ltr'>Veluti</span> 
     </span>
     <span class='ocr_line' id='line_1_90' title="bbox 771 2363 1413 2406; baseline 0.002 -12"><span class='ocrx_word' id='word_1_404' title='bbox 771 2374 878 2405; x_wconf 91' lang='lat' dir='ltr'>quum</span> <span class='ocrx_word' id='word_1_405' title='bbox 890 2364 918 2395; x_wconf 89' lang='lat' dir='ltr'>L</span> <span class='ocrx_word' id='word_1_406' title='bbox 931 2364 1095 2396; x_wconf 80' lang='lat' dir='ltr'>isztius</span> <span class='ocrx_word' id='word_1_407' title='bbox 1120 2364 1249 2406; x_wconf 82' lang='lat' dir='ltr'>aliquis</span> <span class='ocrx_word' id='word_1_408' title='bbox 1265 2367 1327 2396; x_wconf 79' lang='lat' dir='ltr'>aut</span> <span class='ocrx_word' id='word_1_409' title='bbox 1341 2363 1413 2395; x_wconf 78' lang='lat' dir='ltr'>Pa-</span> 
     </span>
     <span class='ocr_line' id='line_1_91' title="bbox 770 2409 1415 2450; baseline 0 -9"><span class='ocrx_word' id='word_1_410' title='bbox 770 2420 852 2450; x_wconf 84' lang='lat' dir='ltr'>gan</span> <span class='ocrx_word' id='word_1_411' title='bbox 865 2410 986 2441; x_wconf 83' lang='lat' dir='ltr'>iuius</span> <span class='ocrx_word' id='word_1_412' title='bbox 1011 2409 1244 2442; x_wconf 84' lang='lat' dir='ltr'>instrumenta</span> <span class='ocrx_word' id='word_1_413' title='bbox 1266 2410 1415 2448; x_wconf 87' lang='lat' dir='ltr'>musica,</span> 
     </span>
     <span class='ocr_line' id='line_1_92' title="bbox 771 2455 1414 2497; baseline 0 -11"><span class='ocrx_word' id='word_1_414' title='bbox 771 2456 898 2496; x_wconf 90' lang='lat' dir='ltr'>quibus</span> <span class='ocrx_word' id='word_1_415' title='bbox 940 2455 1089 2497; x_wconf 87' lang='lat' dir='ltr'>gloriam</span> <span class='ocrx_word' id='word_1_416' title='bbox 1130 2456 1259 2488; x_wconf 87' lang='lat' dir='ltr'>debent</span> <span class='ocrx_word' id='word_1_417' title='bbox 1302 2465 1414 2494; x_wconf 87' lang='lat' dir='ltr'>suam,</span> 
     </span>
     <span class='ocr_line' id='line_1_93' title="bbox 769 2501 1413 2542; baseline 0 -10"><span class='ocrx_word' id='word_1_418' title='bbox 769 2505 939 2542; x_wconf 78' lang='lat' dir='ltr'>tractant,</span> <span class='ocrx_word' id='word_1_419' title='bbox 966 2501 1012 2534; x_wconf 82' lang='lat' dir='ltr'>ad</span> <span class='ocrx_word' id='word_1_420' title='bbox 1042 2502 1210 2534; x_wconf 83' lang='lat' dir='ltr'>tuendam</span> <span class='ocrx_word' id='word_1_421' title='bbox 1242 2503 1299 2533; x_wconf 83' lang='lat' dir='ltr'>vel</span> <span class='ocrx_word' id='word_1_422' title='bbox 1330 2510 1413 2533; x_wconf 88' lang='lat' dir='ltr'>con-</span> 
     </span>
     <span class='ocr_line' id='line_1_94' title="bbox 769 2546 1413 2589; baseline -0.002 -11"><span class='ocrx_word' id='word_1_423' title='bbox 769 2547 983 2588; x_wconf 85' lang='lat' dir='ltr'>sequendam</span> <span class='ocrx_word' id='word_1_424' title='bbox 1045 2548 1219 2589; x_wconf 85' lang='lat' dir='ltr'>praeclari</span> <span class='ocrx_word' id='word_1_425' title='bbox 1271 2546 1413 2580; x_wconf 83' lang='lat' dir='ltr'>artificii</span> 
     </span>
     <span class='ocr_line' id='line_1_95' title="bbox 769 2593 1414 2631; baseline -0.002 -7"><span class='ocrx_word' id='word_1_426' title='bbox 769 2593 908 2625; x_wconf 87' lang='lat' dir='ltr'>laudem</span> <span class='ocrx_word' id='word_1_427' title='bbox 951 2597 1044 2625; x_wconf 84' lang='lat' dir='ltr'>certe</span> <span class='ocrx_word' id='word_1_428' title='bbox 1065 2603 1139 2625; x_wconf 91' lang='lat' dir='ltr'>non</span> <span class='ocrx_word' id='word_1_429' title='bbox 1163 2593 1248 2625; x_wconf 89' lang='lat' dir='ltr'>satis</span> <span class='ocrx_word' id='word_1_430' title='bbox 1280 2598 1350 2631; x_wconf 84' lang='lat' dir='ltr'>est,</span> <span class='ocrx_word' id='word_1_431' title='bbox 1374 2596 1414 2622; x_wconf 91' lang='lat' dir='ltr'>ut</span> 
     </span>
     <span class='ocr_line' id='line_1_96' title="bbox 768 2637 1411 2681; baseline -0.003 -11"><span class='ocrx_word' id='word_1_432' title='bbox 768 2639 946 2681; x_wconf 84' lang='lat' dir='ltr'>ingentem</span> <span class='ocrx_word' id='word_1_433' title='bbox 991 2649 1161 2670; x_wconf 88' lang='lat' dir='ltr'>sonorum</span> <span class='ocrx_word' id='word_1_434' title='bbox 1207 2637 1411 2671; x_wconf 82' lang='lat' dir='ltr'>diversissi-</span> 
     </span>
     <span class='ocr_line' id='line_1_97' title="bbox 769 2684 1411 2726; baseline -0.003 -10"><span class='ocrx_word' id='word_1_435' title='bbox 769 2694 902 2717; x_wconf 86' lang='lat' dir='ltr'>morum</span> <span class='ocrx_word' id='word_1_436' title='bbox 927 2685 1187 2717; x_wconf 88' lang='lat' dir='ltr'>multitudinem</span> <span class='ocrx_word' id='word_1_437' title='bbox 1215 2694 1319 2726; x_wconf 86' lang='lat' dir='ltr'>quam</span> <span class='ocrx_word' id='word_1_438' title='bbox 1332 2684 1411 2715; x_wconf 90' lang='lat' dir='ltr'>bre-</span> 
     </span>
    </p>
   </div>
  </div>
 </body>
</html>
