1612 2872
222 129 309 176 DE
340 127 620 173 LEGIBUS
650 127 772 171 LIB.
804 125 889 170 III.
922 125 970 168 P.
998 127 1095 168 677.
1130 123 1195 169 St.
1314 125 1396 166 255

33 248 120 296 δὸν
153 246 294 306 ὄρειοί
326 265 440 299 τινες
474 245 534 291 ἂν
569 245 653 290 εἶεν
687 246 846 302 νομῆς,
870 249 918 289 ὲν
938 251 1159 303 κορυφαῖς
1179 259 1268 288 που
1302 258 1399 299 σμι-

34 316 123 374 κρὰ
160 315 339 374 ζώπυρα
376 317 457 359 τοῦ
494 315 584 358 τῶν
607 312 869 371 ἀνθρώπων
888 314 1213 367 διασεσωσμένοι
1234 314 1399 367 γένους.

139 395 244 440 ΚΛ.
315 396 478 447 Δῆλον.

138 474 240 518 ΛΘ.
312 473 404 515 Καὶ
442 469 495 525 δὴ
521 469 626 522 τοὺς
646 467 882 520 τοιούτους
906 485 954 524 γε
978 465 1155 522 ἀνάγκη
1191 483 1278 510 που
1315 467 1404 509 τῶν

37 538 187 584 ἄλλων
220 538 431 596 ἀπείρους
467 538 579 582 εἶναι
617 539 780 594 τεχνῶν
810 538 882 580 καὶ
921 537 1008 579 τῶν
1043 539 1089 577 ἐν
1127 542 1220 584 τοῖς
1254 530 1403 577 ἄστεσι

40 607 153 665 πρὸς
189 605 412 659 ἀλλήλους
441 608 654 662 μηχανῶν
690 606 749 655 εἴς
773 621 818 647 τε
838 603 1092 655 πλεονεξίας
1112 604 1184 644 καὶ
1208 604 1404 660 φιλονει-

40 679 159 729 κίας,
193 678 267 718 καὶ
311 671 443 717 ὁπόσ’
484 670 598 715 ἄλλα
643 670 993 728 κακουργήματα
1042 665 1154 726 πρὸς
1186 667 1404 721 ἀλλήλους

41 743 311 787 ἐπινοοῦσιν.

141 810 247 852 ΚΛ.
318 803 449 856 Εἰκὸς
483 807 608 860 γοῦν.

144 876 245 918 ΑΘ.
317 875 472 930 Θῶμεν
517 871 570 925 δὴ
618 869 701 922 τὰς
734 875 781 914 ἐν
817 877 912 921 τοῖς
947 871 1113 920 πεδίοις
1148 867 1297 919 πόλεις
1332 870 1405 912 καὶ

46 1028 192 1061 Eusebii
215 1038 281 1069 pro
306 1029 401 1071 vulg,
427 1033 552 1070 νομεῖς.

136 1072 471 1115 διασεσωσμένοι
507 1075 689 1118 γένους]
722 1076 826 1107 Hune
855 1074 1014 1107 ordinem
1046 1074 1234 1108 verborum
1266 1080 1409 1109 tuentur

49 1122 87 1154 Α.
119 1118 158 1152 Ω.
184 1119 225 1152 Β.
256 1131 288 1151 v.
315 1121 340 1153 f.
364 1123 398 1154 h.
424 1133 453 1154 r.
479 1133 510 1155 a.
532 1133 563 1165 c.
590 1120 620 1153 δ.
647 1133 683 1155 ο.
709 1133 787 1155 cum
813 1121 995 1154 codicibus
1013 1122 1172 1154 Eusebii.
1207 1123 1410 1165 Legebatur

47 1166 175 1209 γένους
192 1165 466 1218 ἱδιασεσωσμένα.

50 1303 148 1335 hius
184 1300 342 1343 Sophist.
377 1313 413 1344 Ρ.
451 1303 532 1338 217.
572 1304 623 1336 A:
666 1304 700 1334 τί

53 1348 90 1381 δὲ
114 1346 265 1388 μάλιστα,
290 1348 344 1380 καὶ
371 1347 408 1380 τὸ
437 1347 542 1382 ποῖόν
567 1361 595 1381 τι
621 1350 696 1392 περὶ

54 1392 171 1428 αὐτῶν
195 1393 435 1437 διαπορηθεὶε,
461 1395 605 1437 ἐρέσθαι
630 1394 696 1428 διε-

54 1440 211 1483 νοήθηςς
247 1441 334 1473 lbid.
373 1453 407 1484 p.
449 1443 528 1477 240.
569 1442 619 1475 C:
652 1442 700 1483 πῇ

56 1489 110 1520 καὶ
138 1485 176 1518 ui
202 1485 307 1518 ποῖόν
331 1498 359 1519 τι
385 1488 613 1530 φοβούμενος
638 1486 699 1520 οὔ·

56 1545 102 1566 ιω
128 1533 252 1575 λέγειε,·
284 1533 340 1566 De
372 1534 459 1576 Rep.
485 1535 534 1567 X.
559 1546 594 1577 p.
620 1535 700 1570 602.

59 1580 198 1612 0:101:
222 1580 328 1611 ποίου
359 1579 453 1613 utos·
477 1580 553 1622 πέρι
578 1580 703 1624 λέγεις·

58 1626 194 1659 Phaed.
226 1637 262 1668 Ρ.
297 1626 351 1661 78.
386 1627 505 1669 Ιιετῷ
528 1638 617 1670 ποιῳ
641 1628 703 1659 τινὶ

57 1670 125 1715 ἄρα
149 1669 333 1714 προςήκει;
380 1673 429 1705 De
459 1674 702 1715 interrogandi

58 1718 210 1751 formula
245 1716 283 1750 τὸ
318 1722 437 1756 ποῖον,·
461 1721 555 1762 apud
582 1720 703 1752 Plato·

57 1775 138 1797 nem
163 1765 267 1806 longe
296 1766 565 1800 creberrima-v,
582 1766 704 1808 Wyt·

60 1810 262 1843 tenbach.
286 1812 333 1843 ad
358 1811 542 1844 Phaedon.
570 1822 604 1854 Ρ.
623 1812 704 1847 237.

62 1867 106 1889 =
136 1855 206 1889 233
231 1867 280 1898 sq.
308 1857 361 1888 ed.
384 1857 561 1898 Lipsiens.
589 1863 623 1890 et
646 1859 706 1900 qui

63 1902 237 1934 rationem
262 1903 338 1935 eius
365 1903 578 1942 declaravit,
599 1904 706 1937 Her-

65 1957 160 1980 man
173 1957 254 1979 nus
279 1949 325 1980 ad
349 1948 473 1990 Viger.
501 1954 629 1983 annot.
649 1949 708 1984 25.

65 2004 88 2036 P
116 2040 157 2072 B.
208 2036 357 2081 ὄρειοί
390 2048 504 2072 τινες
542 2036 592 2071 ἄν
623 2036 712 2072 εἶεν

67 2084 233 2127 νομῆς]
270 2084 327 2117 De
363 2087 522 2126 optativo
558 2096 636 2118 cum
670 2084 713 2118 ἄν

68 2132 128 2164 hic
152 2132 335 2163 commode
359 2133 479 2172 posito
509 2133 646 2164 monuit
672 2137 710 2164 Αἵ

69 2178 291 2213 Matthiae
333 2175 395 2211 Gr
437 2177 467 2219 ξ
501 2178 581 2213 514.
614 2178 648 2212 2.
681 2188 712 2210 a.

70 2223 207 2256 Eodem
236 2223 343 2255 modo
371 2223 466 2256 infra
495 2235 529 2266 Ρ.
559 2224 641 2259 677.
667 2226 712 2257 Ε·

74 2269 131 2300 καὶ
165 2269 211 2300 ἔτι
242 2269 381 2300 πλείονα
414 2267 643 2311 ἠφανισμέναι
669 2268 717 2302 ἂι

74 2310 162 2347 ειεν
186 2313 224 2345 ἐν
247 2317 293 2357 τῳ
319 2312 403 2346 τότε.
437 2322 472 2349 et
501 2328 534 2359 p.
560 2317 639 2352 687
672 2317 715 2349 Β·

74 2361 147 2401 μῶν
173 2371 216 2392 ου
242 2358 374 2391 τούτων
396 2359 494 2404 χάριν
512 2362 718 2403 ἐπιθυμοῖεν

77 2405 431 2459 ‹¹1'v5Libr.IV.p.
470 2410 550 2444 719.
585 2409 630 2441 B:
675 2406 718 2440 οὐ

78 2450 143 2495 γὰρ
167 2449 212 2483 ἂν
235 2449 371 2493 εἰδεῖενς
408 2453 502 2489 Libr.
529 2455 552 2490 l.
579 2465 601 2497 Ρ
639 2455 720 2490 627.

9 2499 13 2503 “
78 2499 125 2531 D.
152 2502 187 2530 et
211 2498 252 2531 Ε.
277 2497 363 2540 Rep.
391 2499 480 2533 vni.
506 2511 540 2543 p.
564 2501 645 2536 549.
672 2503 718 2534 A.

80 2544 141 2576 ubi
173 2554 205 2576 v,
239 2553 323 2578 ann.
375 2544 426 2578 Dc
464 2547 579 2580 forma
612 2548 722 2590 νομῆς

81 2591 214 2622 dictum
239 2599 347 2632 supra
369 2595 423 2623 est
441 2591 476 2625 in
492 2595 720 2626 annotatione

80 2637 212 2668 critica.

129 2679 285 2723 σμικρὰ
320 2680 495 2725 ζώπυρα
534 2695 605 2717 τοι
640 2685 722 2717 τῶν

86 2724 225 2770 ἐνέην]
271 2727 512 2771 Metaphoriee
547 2731 720 2774 loquitur.

763 1313 844 1336 nam
889 1303 1051 1341 homines
1094 1303 1147 1335 illi
1194 1313 1238 1335 ex
1274 1304 1411 1335 diluvio

766 1351 896 1382 servati
925 1354 1098 1381 vocantur
1111 1350 1229 1392 exigui
1244 1354 1413 1392 tanquam

765 1396 912 1438 igniculi
964 1396 1009 1428 ad
1056 1404 1168 1437 genus
1222 1396 1414 1429 humanum

767 1443 867 1484 aquis
876 1442 1070 1474 extinctum
1085 1443 1201 1474 denuo
1221 1443 1415 1475 fovendum

768 1494 803 1520 et
846 1489 1138 1522 conservandum.
1203 1487 1325 1521 Genus
1362 1489 1415 1521 lo·

769 1535 898 1576 quendi
924 1535 967 1566 ab
988 1535 1226 1567 imitatoribus
1241 1535 1420 1574 Platonis,

770 1586 808 1612 ut
833 1581 891 1621 fit,
922 1581 1082 1613 certatim
1112 1587 1319 1623 usurpatum
1351 1586 1417 1624 cst,

771 1628 875 1659 sicuti
925 1627 1258 1660 demonstraverunt
1302 1628 1418 1660 Hem·

771 1683 787 1705 s
799 1673 1027 1705 terhusius
1043 1674 1088 1705 ad
1104 1674 1254 1706 Lucian.
1273 1675 1415 1706 Timon.

771 1719 895 1761 p.370.
910 1720 965 1752 ed.
983 1719 1107 1752 Lehm.
1131 1720 1204 1754 vol.
1226 1720 1256 1752 Ι.
1273 1720 1302 1753 R
1314 1721 1418 1753 uhu-

772 1766 865 1800 kcn.
899 1766 943 1798 ad
968 1765 1060 1798 Tim.
1087 1766 1251 1800 Glossar.
1275 1777 1307 1809 ΡΔ
1336 1767 1417 1801 129.

773 1822 826 1854 sq.
851 1813 1158 1854 Wyttenbach.
1177 1815 1222 1845 ad
1236 1813 1417 1846 Plutarch.

773 1858 857 1889 Vol.
882 1858 946 1889 vl.
977 1857 1019 1890 P.
1046 1859 1087 1892 ΙΙ.
1118 1869 1152 1900 Ρ.
1185 1859 1286 1894 1219
1313 1859 1420 1891 Din-

775 1903 892 1937 dorf.
920 1904 965 1935 ad
987 1903 1159 1936 Themist.
1178 1904 1290 1938 Oratt.
1305 1916 1338 1947 p.
1363 1905 1423 1939 52.

824 1949 904 1980 τῶν
928 1945 1324 2007 ἄλλωνᾶπείρουε].
1329 1950 1423 1983 Scri-

777 1996 930 2027 bendum
970 2004 1096 2027 censeo
1138 2006 1206 2027 των
1242 1993 1266 2028 ι’
1302 1995 1424 2030 ἄλλων.

763 2041 1009 2082 Respondent
1022 2042 1112 2074 enim
1130 2041 1218 2098 huaec
1233 2045 1426 2085 proximis:

781 2087 836 2118 καὶ
871 2086 939 2118 τῶν
969 2085 1006 2118 ἐν
1039 2091 1112 2120 τοῖς
1140 2085 1257 2121 ἄστεσι
1283 2101 1313 2122 κ.
1342 2101 1370 2122 τ.
1396 2090 1424 2123 λ.

781 2134 1005 2174 Quamquam
1030 2135 1159 2167 vocula
1184 2131 1209 2166 ι’
1233 2146 1303 2168 non
1329 2147 1424 2169 com·

781 2183 882 2221 paret
911 2179 947 2210 in
982 2180 1173 2214 codicibus.
1222 2182 1318 2215 Miro
1342 2193 1425 2216 con·

783 2235 888 2258 sensu
930 2226 1035 2257 etiam
1074 2226 1361 2262 Hei-mannus>
1391 2239 1427 2261 τε

784 2272 827 2303 de
853 2281 917 2303 suo
942 2273 1102 2304 inseruit.
1150 2274 1238 2306 Mox
1276 2275 1323 2308 ad
1353 2273 1424 2307 ἐπι-

787 2317 935 2349 νοοῦσιν
965 2318 1115 2360 intelligi
1150 2319 1272 2354 licebit
1301 2320 1339 2353 οἱ
1365 2319 1424 2353 ἄν·

785 2363 945 2405 θ’ρωποι,
978 2365 1073 2405 quod
1103 2369 1219 2399 tamen
1253 2368 1291 2400 in
1320 2369 1428 2401 tertia

784 2411 847 2442 illa
870 2420 1034 2452 persona,
1048 2411 1078 2442 si
1104 2411 1173 2445 vim
1199 2414 1274 2446 eius
1292 2419 1427 2456 specta-

787 2467 876 2496 mus,
921 2456 989 2487 iam
1024 2457 1128 2489 inest.
1183 2458 1296 2492 Usum
1332 2461 1427 2492 hunc

788 2502 959 2544 loquendi
990 2502 1132 2535 Platoni
1169 2506 1430 2539 vindicavimus

788 2549 834 2580 ad
872 2547 1004 2590 Cratyl.
1042 2559 1076 2591 Ρ.
1114 2549 1195 2585 387.
1230 2552 1270 2584 C.
1373 2553 1430 2588 50.

788 2594 860 2626 Pro
884 2594 933 2626 εἴς
960 2605 994 2626 τε
1017 2595 1218 2638 πλεοιεξίας
1239 2599 1336 2631 haud
1366 2599 1433 2632 sci·

786 2650 864 2673 mus
901 2650 947 2673 an
984 2651 1066 2674 vere
1096 2643 1288 2677 Cobotus
1325 2645 1431 2677 Varr.

787 2686 897 2720 Lectt.
927 2697 962 2728 Ρ.
991 2687 1070 2722 370.
1101 2691 1295 2724 correxerit
1330 2690 1372 2721 ἔκ
1399 2699 1430 2722 1⁸

789 2732 992 2772 πλεονεξίας.
