1612 2872
235 98 434 140 LXXIV
636 94 1112 137 PROLEGOMENA

234 209 503 260 viderentur,
545 223 630 262 quo
661 206 812 247 saltem
843 210 1023 258 tantum,
1054 211 1260 258 quantuni
1300 207 1470 259 liceret,
1502 206 1555 247 ad

235 280 422 307 summae
477 261 752 319 perfectionis
805 260 991 315 speciem
1037 266 1165 313 atque
1213 262 1389 302 formam
1435 276 1555 303 acce-

236 321 421 362 deretur.

347 417 434 461 Sed
464 433 516 458 ex
547 416 622 457 his
645 414 842 458 omnibus
872 431 1003 470 quum
1035 416 1119 458 iam
1148 416 1255 457 satis
1285 415 1450 469 liquido
1482 431 1557 470 ap-

249 489 385 516 ›arere
418 472 624 525 videatur,
656 471 882 513 consilium
921 472 1088 527 Legum
1118 470 1437 514 scribendarum
1462 486 1556 512 cum
1591 516 1595 518 ,

235 491 515 584 lteipublicae
563 527 803 568 rationibus
841 527 1043 569 facillime
1079 542 1206 582 posse
1242 525 1461 568 conciliari
1499 527 1556 580 ³⁸),

236 584 449 639 siquidem
477 599 564 625 non
595 589 661 625 est
689 580 880 636 dubium,
911 584 1012 636 quin
1030 589 1213 637 utraque
1236 582 1423 624 civitatis
1453 582 1556 622 ima-

235 656 291 696 go
329 640 390 681 ita
429 644 678 693 comparata
716 638 790 691 sit,
830 649 878 679 ut
916 653 1110 693 quaeque
1149 637 1453 693 philosophum
1490 637 1557 678 vel

236 696 417 737 maxime
468 695 642 745 deceat3
694 703 836 735 tamen
873 694 1039 735 futuros
1088 709 1181 735 esse
1222 699 1445 748 putamus,
1486 694 1558 746 qui

236 766 331 794 cum
362 751 582 792 Zellero
613 749 834 802 mirentur,
866 749 983 803 quod
1012 749 1283 805 significatur
1311 747 1557 800 identidem,

235 807 364 849 etiam
404 805 589 848 civitatis
630 803 686 846 ad
723 805 836 846 vitae
876 805 1099 846 veritatem
1139 809 1408 859 comparatae
1457 818 1559 844 con-

234 862 501 906 stitutionem
521 875 621 902 suas
647 860 854 915 quasdam
874 859 1151 902 difficultates
1183 859 1423 902 habituram
1449 874 1556 911 esse,

234 917 279 960 id
309 917 426 972 quod
453 917 505 958 fit
534 916 651 957 Libr.
684 915 764 958 IV.
796 931 838 970 p.
870 917 963 972 708.
994 916 1046 957 E.
1078 918 1172 957 709.
1203 918 1254 958 A.
1277 915 1327 955 B.
1352 914 1471 956 Libr.
1503 914 1558 955 V.

236 989 277 1028 p.
309 975 403 1016 745.
434 973 486 1016 E.
524 987 618 1026 sqq.
677 973 739 1012 At
775 971 886 1012 enim
917 986 1018 1013 vero
1049 977 1214 1012 tantum
1244 971 1367 1012 abest
1397 981 1445 1011 ut
1474 971 1559 1011 isto

234 1028 363 1070 modo
403 1033 554 1069 auctor
593 1028 734 1082 operis
771 1026 990 1082 professus
1027 1027 1084 1069 sit
1129 1042 1256 1082 aegre
1298 1025 1390 1067 fieri
1434 1039 1559 1080 posse

236 1084 394 1138 videri,
438 1091 489 1125 ut
517 1082 615 1124 talis
653 1082 806 1124 civitas
845 1097 992 1123 revera
1021 1081 1254 1135 condatur,
1285 1087 1333 1122 ut
1363 1096 1481 1122 mens
1510 1095 1560 1121 ac

235 1140 448 1183 sententia
484 1139 620 1194 ipsius
659 1137 786 1193 longe
825 1138 907 1178 alia
946 1138 1087 1179 fuerit.
1154 1137 1268 1178 Nam
1298 1136 1414 1192 quod
1441 1136 1559 1178 Libr.

236 1196 315 1238 IV.
354 1211 395 1251 p.
437 1196 530 1236 708.
569 1194 621 1235 Ε.
650 1195 743 1235 709.
775 1195 815 1235 A
846 1208 911 1248 sq.
951 1194 1085 1235 multa
1114 1193 1309 1235 fortunae
1341 1206 1391 1234 ac
1419 1191 1565 1247 provi-

236 1252 405 1294 dentiae
437 1249 613 1291 deorum
641 1249 903 1301 tribuuntur,
936 1247 988 1290 de
1020 1264 1104 1303 qua
1131 1263 1176 1290 re
1206 1265 1245 1289 v.
1276 1249 1404 1290 etiam
1431 1247 1562 1289 Ari-

235 1307 420 1350 stotel.
452 1305 547 1347 Pol.
579 1304 683 1347 VII.
719 1307 806 1354 13.;
845 1310 991 1359 aperte
1022 1305 1067 1346 in
1098 1304 1290 1360 Legibus
1320 1303 1431 1345 idem
1469 1302 1562 1344 fieri

236 1378 363 1420 posse
393 1361 596 1414 sumitur,
637 1358 753 1415 quod
781 1360 826 1401 in
860 1360 955 1416 ipsa
984 1360 1073 1402 vita
1102 1359 1287 1401 humana
1316 1358 1562 1414 saepissime

236 1433 316 1460 usu
337 1418 482 1460 venire
512 1416 732 1469 novimu8‚
763 1422 811 1457 ut
841 1422 996 1457 natura
1026 1415 1222 1457 humanis
1257 1414 1446 1457 consiliis
1476 1429 1562 1455 non

235 1489 404 1530 semper
424 1474 567 1514 faveat
587 1486 781 1527 opusque
803 1470 1001 1512 videatur
1022 1471 1167 1512 divino
1199 1471 1372 1512 auxilio.
1433 1469 1564 1512 Unde

236 1531 333 1585 quis
371 1528 547 1571 tandem
585 1527 667 1569 sibi
702 1526 979 1582 persuadebit
1007 1533 1211 1582 protenus
1242 1526 1388 1581 colligi
1418 1525 1562 1578 licere,

236 1585 539 1641 philosophum
577 1583 718 1638 ipsum
763 1582 816 1624 de
854 1581 1105 1637 perficiendi
1135 1582 1304 1623 consilii
1333 1582 1399 1623 sui
1429 1580 1563 1622 facul-

236 1647 323 1683 tate
354 1640 526 1683 omnino
557 1637 883 1692 desperavisse?
941 1639 1010 1679 Ac
1033 1638 1180 1680 similis
1211 1638 1320 1678 ratio
1342 1643 1409 1678 est
1438 1635 1563 1677 etiam

237 1697 355 1741 Libr.
395 1696 451 1738 V.
491 1711 532 1750 p.
575 1695 669 1737 745.
708 1694 759 1734 E.
800 1708 895 1748 sqq.
931 1693 1006 1735 ubi
1045 1695 1080 1735 si
1121 1708 1206 1747 qua
1243 1693 1359 1735 cives
1386 1692 1563 1733 moleste

210 1753 376 1795 ‘ferant
405 1751 605 1792 instituta
645 1749 907 1804 reipublicae
935 1748 1229 1801 insolentiora‚
1260 1748 1415 1789 malum
1448 1746 1564 1789 istud

236 1808 452 1850 iudicatur
471 1806 531 1847 ita
549 1804 851 1847 removendum
871 1820 920 1845 ac
939 1804 1175 1845 tollendum
1198 1819 1305 1856 esse,
1326 1813 1376 1845 ut
1396 1803 1447 1845 iis
1465 1817 1563 1856 per-

237 1863 483 1915 suadeatur,
509 1861 650 1903 omnia
665 1860 719 1901 ad
741 1874 1009 1902 communem
1040 1860 1222 1902 salutem
1253 1859 1562 1912 maximamque

236 1919 374 1961 civilis
403 1917 620 1960 societatis
644 1916 844 1959 virtutem
884 1922 927 1956 et
954 1915 1263 1970 perfectionem
1290 1930 1383 1956 esse
1413 1920 1572 1955 attemv

235 1981 405 2031 perata3
444 1974 511 2015 sin
533 1978 676 2014 autem
704 1971 846 2025 aliqua
872 1971 1070 2012 instituta
1099 1987 1175 2027 per
1202 1986 1341 2012 rerum
1370 1975 1563 2011 naturam

237 2037 280 2073 et
308 2029 598 2072 conditionem
627 2026 778 2083 perfici
806 2033 1045 2081 nequeant,
1087 2042 1136 2068 ea
1166 2026 1366 2067 dicuntur
1394 2025 1562 2080 sapien-

237 2094 303 2128 ter
333 2083 635 2128 commutanda
664 2097 774 2136 esse,
805 2090 854 2124 ut
882 2097 936 2124 ne
967 2083 1154 2124 civitatis
1184 2080 1431 2122 condendae
1462 2095 1562 2121 con-

238 2142 333 2183 silia
363 2147 405 2182 et
433 2140 623 2182 rationes
653 2139 779 2193 plane
810 2138 1117 2180 conturbentur
1159 2144 1233 2178 aut
1262 2136 1561 2192 impediantur.

238 2197 453 2239 Nimirum
488 2194 794 2250 impedimenta
840 2194 892 2235 ab
921 2194 1015 2248 ipsa
1044 2208 1184 2234 rerum
1215 2199 1367 2233 natura
1397 2192 1563 2233 obiecta

237 2258 339 2294 sunt
379 2251 574 2307 profecto
621 2264 821 2306 magnam
869 2255 1033 2305 partem
1086 2247 1319 2300 eiusmodi,
1361 2253 1410 2289 ut
1446 2247 1563 2288 nulla

237 2313 327 2350 arte
365 2307 569 2361 nulloque
608 2305 788 2348 consilio
828 2305 1014 2346 humano
1055 2304 1168 2345 vinci
1198 2303 1324 2358 plane
1354 2317 1404 2345 ae
1437 2317 1561 2358 supe-

304 2518 342 2558 *)
375 2517 476 2549 Conf.
503 2518 603 2549 etiam
635 2527 722 2558 quae
751 2518 842 2549 infra
873 2516 958 2557 Cap.
983 2516 1066 2547 XII.
1102 2516 1262 2551 diximus,
1287 2517 1343 2548 ubi
1371 2517 1560 2556 disputavi-

375 2573 485 2639 niust’a
503 2572 598 2639 islama
621 2567 847 2639 {tlazgssteenus
877 2562 1031 2594 idearum
1057 2561 1216 2593 doctrina
1255 2561 1290 2592 in
1323 2562 1475 2602 Legibus
1505 2571 1561 2592 ne-

373 2618 448 2648 gec
772 2630 778 2638 .
