1612 2872
488 81 570 124 DE
603 80 882 125 LEGIBUS
913 88 993 123 etr.
1227 78 1399 121 Ohvll

0 214 2 241 ;
52 201 144 256 gari
176 200 309 242 cultui
355 199 575 255 Apollinis
606 206 649 239 ct
682 197 849 238 Dianae
886 195 1134 249 finitimam,
1169 210 1257 250 qua
1286 201 1404 237 astra

0 267 3 274 '
54 258 210 299 statuit
244 272 322 313 pro
360 255 444 297 diis
484 254 714 297 mundanis
744 253 944 296 habenda
977 268 1096 306 esse,
1138 267 1267 309 quam
1305 267 1403 294 sen-

54 316 231 357 tentiam
272 313 437 355 dudum
477 314 559 354 iam
603 328 628 354 a
670 312 967 369 superioribus
1007 309 1280 367 philosophis
1324 310 1402 351 im·

55 372 294 428 primisque
326 370 612 428 Pythagoreis
641 377 888 424 susceptam
920 368 1050 410 etiam
1082 368 1126 409 in
1160 367 1403 423 Republica

54 445 104 471 ac
148 430 327 470 Timaeo
369 427 583 481 defendit,
631 426 684 468 de
726 442 812 482 quo
842 442 892 469 .V.
927 426 1131 482 Prolegg.
1162 432 1312 467 nostra
1345 424 1399 466 ad

54 487 166 528 Tim.
206 501 248 541 p.
298 488 359 528 15.
420 485 595 527 Etenim
625 485 711 526 isto
742 491 871 540 pacto
901 482 1098 525 condidit
1128 483 1278 538 utique
1307 498 1402 524 eam

52 544 273 600 religionis
321 542 621 598 disciplinam,
686 556 797 595 quae
848 556 982 595 quum
1030 547 1151 583 recta
1198 540 1402 596 opinione

53 601 197 656 (ὀρθῇ
237 599 366 655 δόξῃ)
408 607 453 640 et
498 598 808 655 adspectabilis
859 606 1040 640 naturae
1091 598 1230 654 signis
1287 604 1404 640 esset

50 657 329 710 confirmata,
371 662 463 698 tum
503 656 632 698 etiam
676 656 714 697 ei
746 655 804 696 rei
840 655 1035 707 ublicae,
1070 670 1181 709 quae
1213 653 1403 711 vulgari-

51 716 130 757 bus
161 714 408 757 civitatibus
441 720 557 756 esset
588 671 918 769 praestabilior,
951 722 1053 768 apta
1083 712 1305 754 videretur
1334 718 1401 754 at-

50 787 134 828 que
174 778 480 814 consentanea.
557 771 675 813 Hinc
713 771 848 827 igitur
885 770 1108 826 profectus
1149 768 1319 812 studuit
1357 770 1402 811 in

49 830 295 872 universum
326 829 524 882 efficere,
557 843 653 871 esse
683 828 770 870 vim
801 842 1048 882 numenque
1079 826 1290 879 divinum,
1324 841 1401 869 cu-

49 888 115 930 ius
158 896 268 928 nutu
311 893 354 928 et
397 886 576 928 arbitrio
626 893 714 928 tam
756 886 896 927 omnis
942 900 1084 926 rerum
1132 884 1399 927 universitas

49 960 179 999 quam
218 959 287 986 res
326 944 537 985 humanae
577 950 834 1000 regerentur
873 948 1006 997 atque
1035 942 1398 999 gubernarentur.

48 1002 149 1055 Qua
177 1000 349 1056 quidem
381 1001 549 1042 ratione
581 1000 710 1043 simul
739 999 784 1042 id
816 1006 883 1042 est
914 1006 1241 1055 consequutus,
1276 1006 1326 1042 ut
1355 1005 1401 1042 et

46 1059 233 1101 nefariae
278 1074 426 1101 eorum
463 1058 679 1113 impietati
723 1063 992 1111 occurreret,
1025 1058 1100 1112 qui
1132 1071 1303 1099 omnem
1333 1072 1400 1099 re-

44 1117 218 1173 ligionis
250 1117 527 1158 sanctitatem
556 1115 818 1171 virtutisque
856 1115 1065 1157 honorem
1096 1122 1291 1156 evertere
1323 1129 1402 1157 co-

44 1180 268 1227 narentur,
313 1173 513 1220 et.cives
554 1173 819 1230 reipublicae
851 1187 978 1228 quam
1012 1172 1173 1228 optime
1204 1182 1398 1214 moratae

47 1237 209 1272 tantam
241 1237 465 1273 servarent
494 1230 563 1271 vel
592 1231 851 1273 imbiberent
879 1245 1023 1271 rerum
1055 1229 1300 1271 divinarum
1331 1244 1398 1271 re-

46 1288 303 1341 verentiam,
348 1293 551 1343 quantam
592 1294 758 1330 mentes
795 1287 1018 1342 ’animique
1059 1302 1208 1329 eorum
1239 1302 1397 1343 capere

0 1377 2 1382 .
44 1359 174 1402 posse
213 1343 475 1387 viderentur.
548 1345 616 1387 De
655 1345 810 1387 ceteris
851 1351 994 1386 autem
1026 1343 1134 1397 diis,
1175 1344 1398 1401 populari-

0 1448 2 1458 :
45 1403 124 1445 bus
152 1402 436 1459 religionibus
470 1403 757 1456 consecratis,
791 1401 910 1458 quod
941 1402 1069 1459 plane
1098 1402 1238 1444 tacuit
1265 1409 1397 1458 atque

0 1459 5 1479 ἱ
42 1459 252 1502 iudicium
281 1475 408 1502 suum
441 1460 652 1515 cohibuit,
684 1460 812 1503 huius
841 1459 904 1502 rei
935 1474 1116 1502 caussae
1145 1459 1320 1502 minime
1350 1460 1396 1502 in

1 1530 7 1540 '
43 1517 228 1559 obscuro
268 1516 417 1559 latent.
496 1517 611 1559 Nam
660 1518 846 1574 primum
896 1516 1072 1571 quidem
1121 1517 1251 1559 facile
1298 1532 1398 1574 per-

42 1574 185 1631 spexit
222 1589 275 1617 ex
308 1575 483 1632 'vulgari
523 1575 833 1631 superstitione
874 1590 963 1617 non
994 1590 1124 1630 posse
1155 1575 1292 1631 repeti
1326 1590 1395 1617 ar-

43 1638 270 1690 gumenta,
313 1633 470 1687 quibus
507 1633 595 1674 vim
634 1647 882 1686 numenque
922 1631 1114 1674 divinum
1147 1647 1243 1676 esse
1276 1632 1396 1675 evin-

43 1692 224 1731 ceretur.
294 1689 464 1732 Deinde
503 1690 613 1732 istos
656 1705 752 1733 esse
793 1690 898 1732 deos
941 1689 1205 1732 credendum
1246 1690 1396 1746 potius

44 1761 172 1801 quam
211 1748 475 1803 argumentis
515 1747 788 1804 probandum
827 1762 921 1790 esse
959 1747 1091 1798 vidit3
1137 1747 1191 1789 de
1233 1763 1320 1804 qua
1349 1762 1396 1790 re

44 1804 332 1845 memorabilis
381 1810 502 1846 extat
538 1804 660 1848 locus
710 1805 843 1847 Tim„
872 1821 914 1861 p.
964 1806 1032 1848 40.
1074 1805 1131 1848 Ι).
1194 1809 1293 1862 περὶ
1348 1807 1396 1848 δὲ

44 1861 131 1901 τῶν
178 1856 343 1902 ἄλλων.
374 1862 599 1916 δαιμόνων
640 1867 774 1904 εἰπεῖν
816 1879 888 1905 και
940 1864 1105 1917 γνῶναι
1143 1861 1224 1914 τὴν
1277 1866 1394 1916 γένε-

46 1931 140 1970 σιν,
185 1917 335 1971 μεῖζον
376 1914 403 1970 ἢ
451 1917 555 1960 καθ’
610 1918 745 1973 ἡμᾶς·
789 1924 989 1962 πειστέον
1037 1920 1084 1961 δὲ
1136 1928 1232 1969 τοῖς
1279 1924 1396 1974 εἰρη-

44 1970 171 2015 κόσιν
201 1976 485 2030 ἔμπροσθεν,
526 1973 725 2029 ἐκγόνοις
753 1979 834 2030 μὲν
863 1977 987 2018 θεῶν
1016 1971 1167 2031 οὖσιν,
1199 1975 1257 2026 ὡς
1286 1978 1395 2034 ἔφα-

42 2045 139 2084 σαν,
171 2034 327 2088 σαφῶς
355 2033 403 2074 δέ
432 2049 517 2074 που
549 2030 654 2083 τούς
683 2049 728 2088 γε
760 2031 906 2075 αὑτῶν
931 2030 1182 2088 προγόνους
1213 2031 1394 2076 εἰδόσιν.

43 2086 266 2130 ἀδύνατον
309 2084 386 2131 οὖν
416 2091 538 2131 θεῶν
569 2093 721 2133 παισὶν
753 2090 976 2143 ἀπιστεῖν,
1017 2107 1055 2132 κ.
1087 2106 1124 2133 τ.
1154 2092 1194 2132 λ.
1254 2090 1394 2133 Deni-

44 2159 127 2200 que
163 2146 447 2201 popularibus
498 2146 581 2189 diis
632 2147 769 2203 probe
818 2146 1035 2189 intellexit
1081 2146 1211 2191 etiam
1258 2148 1396 2192 multa

42 2201 175 2258 vulgo
204 2208 364 2246 temere
395 2204 563 2262 affingi,
593 2220 704 2260 quae
735 2204 895 2261 corrigi
924 2204 1070 2261 potius
1102 2211 1144 2247 et
1172 2205 1392 2248 emendari

43 2272 172 2313 quam
215 2259 261 2301 in
309 2261 387 2302 tali
434 2261 732 2318 disputatione
781 2262 1105 2304 commemorari
1159 2269 1392 2318 oporteret.

43 2315 141 2381 Etsi
180 2316 314 2373 igitur
356 2333 431 2361 eos
471 2335 558 2362 non
598 2320 799 2374 sustulit,
833 2319 951 2375 quod
979 2335 1062 2362 nec
1092 2320 1294 2377 vulgares
1324 2336 1393 2364 re-

44 2372 229 2430 ligiones
271 2375 447 2430 pietatis
493 2392 624 2420 sensu
655 2392 800 2420 cassas
831 2392 925 2420 esse
956 2377 1192 2420 arbitratus
1222 2385 1304 2432 est,
1337 2378 1391 2421 de

46 2445 132 2484 qua
167 2433 382 2474 sententia
400 2449 440 2476 v.
474 2434 661 2476 Phaedr.
693 2451 734 2491 p.
767 2436 864 2477 ⁶229.
896 2433 946 2477 C.
976 2459 1029 2466 --
1060 2435 1114 2478 E.
1143 2435 1220 2478 ubi
1248 2436 1391 2478 facete

46 2495 282 2552 carpuntur
318 2489 562 2534 fabularum
603 2492 657 2534 de
698 2491 781 2535 diis
803 2491 1089 2549 proditarum
1126 2492 1390 2549 interpretes

44 2550 210 2608 argutis
247 2549 506 2612 ‘commentis
546 2550 636 2592 suis
672 2549 888 2593 illustrare
915 2549 1011 2593 illas
1041 2555 1275 2605 conantes,
1313 2550 1392 2594 sed

44 2615 105 2642 rei
135 2603 429 2661 grawssimae,
462 2606 530 2649 sui
562 2607 842 2664 cognitionis,
862 2608 1002 2666 'plane
1027 2608 1252 2662 incuriosi,
1291 2607 1389 2651 coll.

0 2691 5 2696 .
42 2671 84 2713 p.
129 2659 224 2702 245.
285 2660 336 2703 C.
375 2668 520 2708 tamen
565 2665 995 2721 reliquissermonis
1024 2666 1222 2722 partibus
1255 2664 1390 2709 admi-
