1612 2872
469 85 554 128 DE
588 83 865 129 LEGIBUS
897 95 979 127 etc.
1188 83 1399 126 LXXIX

55 200 266 243 habuerit.
338 198 560 252 Quocirca
597 212 870 254 consequens
909 204 1000 251 est,
1035 203 1084 239 ut
1115 197 1262 253 Leges
1292 197 1406 238 intra

0 303 1 306 Ἴ
54 258 230 316 Olymp.
275 256 368 299 106.
404 259 438 298 l.
475 271 549 294 =
584 257 681 299 356.
713 271 752 298 a.
786 254 890 297 Chr.
922 270 964 297 n.
1006 260 1050 296 et
1089 252 1265 311 Olymp.
1312 254 1405 296 108.

60 318 94 358 l.
131 330 202 351 Ξ
247 313 343 355 348.
384 327 471 368 quo
515 327 627 354 anno
666 312 793 354 Plato
835 311 950 353 diem
991 326 1240 367 supremum
1281 310 1405 363 obiit,

52 370 208 413 litteris
239 369 521 426 consignatae
560 370 661 411 sint.
731 368 1008 423 Quamquam
1045 383 1192 410 earum
1223 367 1405 423 scriptio

52 428 203 482 utique
245 427 329 468 iam
370 433 499 468 antea
538 425 607 468 vel
646 426 815 469 institui
857 425 925 467 vel
963 424 1214 482 praeparari
1244 424 1404 479 potuit,

52 483 268 540 siquidem
309 482 595 539 philosophus
627 481 806 539 Olymp.
860 483 959 523 105.
1001 488 1032 523 1.
1067 496 1135 520 =
1167 496 1204 523 a.
1241 482 1337 522 360.
1368 495 1405 526 a.

52 541 155 586 Chr.
187 555 228 583 n.
260 555 313 582 ex
344 539 493 581 ultimo
523 539 678 580 itinere
707 539 751 580 in
780 539 964 594 patriam
994 538 1185 580 redierat
1208 538 1263 593 ²⁸²).
1323 538 1405 579 At-

52 612 136 652 que
168 597 277 639 haec
307 597 344 638 si
383 602 502 637 recte
532 596 678 651 posita
716 602 833 648 sunt,
867 595 1030 651 poterit
1069 596 1199 636 etiam
1231 593 1405 636 definiri

52 653 313 707 accuratius,
345 651 522 707 quando
552 652 700 708 Leges
729 652 774 694 in
813 651 954 693 lucem
973 651 1228 707 prodierint.
1290 651 1404 693 Nam

51 712 88 754 si
117 711 411 753 Isocrates
443 708 568 751 Orat.
599 708 656 750 ad
688 708 877 765 Philipp.
909 709 946 764 ξ.
981 710 1046 750 12.
1079 723 1231 750 revera
1261 708 1404 764 Leges

49 766 246 809 Platonis
284 767 497 822 respexit,
548 779 686 820 eaque
733 765 871 808 oratio
919 764 1096 822 Olymp.
1149 765 1240 808 108.
1288 779 1404 806 anno

51 822 246 867 secundo
279 824 442 879 scripta
473 828 554 875 est,
587 838 765 879 prorsus
795 837 974 864 necesse
995 829 1062 864 est
1081 821 1230 864 statim
1262 821 1403 877 primo

50 896 164 924 anno
194 887 294 936 post
321 880 486 923 obitum
519 879 714 923 Platonis
743 878 886 921 editae
917 879 1020 933 sint,
1052 877 1268 934 siquidem
1300 893 1404 920 vera

51 944 118 981 est
146 937 336 979 narratio
377 952 402 978 a
435 936 689 993 Diogene
721 936 955 978 Laertio
995 936 1178 991 aliisque
1208 934 1402 991 prodita,

51 1009 162 1052 opus
191 993 503 1050 amplissimum
533 999 634 1049 post
653 994 845 1035 auctoris
865 997 1046 1035 mortem
1077 991 1251 1034 demum
1282 992 1403 1034 evul-

50 1058 198 1109 gatum
229 1065 343 1102 esse3
385 1049 440 1092 de
472 1065 560 1104 qua
588 1050 838 1097 narratione
868 1056 1022 1106 postea
1051 1049 1299 1092 accuratius
1329 1064 1404 1091 ex-

50 1108 319 1165 plicabimus.
388 1107 544 1162 Itaque
585 1107 650 1149 Le
685 1122 731 1149 es
770 1108 885 1149 intra
922 1106 1008 1164 Oly
1058 1121 1100 1162 p.
1145 1108 1238 1148 106.
1284 1108 1321 1147 1.
1361 1111 1416 1148 et·

54 1167 146 1208 108.
183 1168 217 1207 1.
249 1164 520 1219 compositae
551 1170 595 1206 et
618 1123 794 1222 OIymp.
829 1164 922 1208 108.
947 1164 986 1205 2.
1017 1163 1265 1219 publicatae
1287 1169 1403 1206 sunt.

52 1225 202 1277 Atque
241 1221 373 1263 hu-ius
414 1219 590 1276 quidem
628 1221 809 1263 rationis
855 1221 1084 1262 veritatem
1133 1220 1264 1262 etiam
1320 1219 1405 1262 alia

51 1285 153 1321 sunt
192 1293 304 1333 quae
342 1293 429 1320 non
469 1278 747 1320 mediocriter
788 1277 1096 1320 communiant.
1165 1276 1282 1319 Nam
1312 1276 1401 1332 pri-

52 1351 168 1378 mum
208 1333 381 1390 quidem
419 1348 530 1389 quae
572 1335 693 1377 Libr.
726 1334 812 1378 ΙΙΙ.
844 1350 887 1391 p.
920 1336 1015 1376 695.
1047 1348 1142 1390 sqq.
1175 1335 1272 1375 697.
1303 1348 1402 1388 sqq.

51 1392 106 1434 de
135 1407 271 1448 regno
300 1391 530 1434 Persarum
558 1390 851 1448 disputantur⁷
883 1397 986 1434 sunt
1014 1391 1090 1432 illa
1118 1391 1265 1433 omnia
1289 1390 1403 1433 eius-

51 1448 184 1501 modi,
216 1454 266 1490 ut
304 1455 402 1505 post
431 1448 672 1490 Alexandri
709 1449 866 1506 Magni
908 1447 1210 1505 expeditiones
1249 1453 1405 1490 contra

52 1506 210 1548 Persas
241 1511 467 1561 susceptas
484 1505 617 1547 scribi
643 1505 763 1548 nullo
782 1511 912 1562 pacto
964 1505 1169 1547 otuerint.
1228 1503 1403 1546 Deinde

53 1563 182 1605 etiam
222 1569 514 1604 memorantur
542 1578 631 1604 non
691 1577 818 1615 auca,
850 1577 910 1604 un
945 1578 967 1604 e
997 1577 1087 1604 non
1117 1559 1248 1603 modo
1280 1561 1403 1603 colli-

52 1634 155 1677 gas,
203 1619 389 1676 scriptos
431 1634 524 1661 esse
556 1618 636 1662 hos
660 1578 801 1662 libros
832 1634 857 1660 a
887 1618 1153 1675 philosopho
1183 1624 1286 1674 post
1315 1618 1403 1674 pri-

51 1691 167 1718 mum
203 1676 286 1718 iter
325 1676 380 1718 ab
417 1676 513 1732 ipso
544 1683 812 1734 susceptum,
859 1691 913 1718 ex
952 1691 1039 1730 quo
1089 1676 1174 1716 iam
1220 1673 1402 1732 Olymp.

51 1734 118 1776 98.
149 1733 207 1774 in.
242 1749 312 1770 =
347 1733 443 1775 388.
477 1747 514 1774 a.
546 1730 650 1775 Chr.
681 1749 724 1775 n.
754 1733 955 1787 revertit,
1003 1731 1081 1775 sed
1120 1732 1250 1774 etiam
1282 1738 1403 1774 certo

51 1788 305 1842 concludas,
349 1804 424 1831 eos
461 1795 564 1846 post
603 1788 781 1847 Olymp.
830 1791 924 1832 103.
966 1792 1006 1832 4.
1049 1795 1180 1844 atque
1223 1787 1402 1846 Olymp.

55 1847 146 1888 105.
181 1849 218 1888 1.
248 1845 332 1887 hoc
360 1851 449 1899 est,
490 1852 592 1902 post
620 1846 859 1889 secundum
891 1861 942 1889 ac
971 1847 1148 1888 tertium
1176 1845 1274 1899 iter,
1306 1860 1404 1888 esse

51 1901 330 1957 compositos.
415 1901 640 1944 Pei-tinent
692 1903 778 1945 huc
825 1910 926 1946 ante
976 1902 1122 1945 omnia
1172 1916 1283 1968 quae
1349 1901 1404 1943 de

51 1959 216 2001 musica
253 1958 498 2014 ceterisque
538 1959 706 2002 artibus
745 1960 1065 2016 Aegyptiorum
1106 1958 1227 2000 Libr.
1267 1958 1330 2000 II.
1361 1974 1405 2014 p.

52 2017 147 2057 656.
181 2029 277 2069 sqq.
310 2014 364 2056 de
392 2014 668 2057 institutione
703 2016 943 2058 iuventutis
988 2014 1104 2072 apud
1136 2029 1210 2057 eos
1241 2015 1404 2058 usitata

54 2071 174 2114 Libr.
218 2071 350 2114 VIII.
392 2088 434 2128 p.
477 2073 575 2114 819.
619 2074 672 2113 A.
712 2087 807 2128 sqq.
847 2072 902 2115 de
941 2072 1114 2129 hymnis
1153 2081 1197 2113 et
1235 2071 1406 2115 choreis

53 2129 98 2170 in
129 2128 263 2171 sacris
291 2127 470 2170 deorum
498 2128 616 2185 apud
645 2129 744 2172 illos
775 2145 864 2172 non
886 2129 1109 2184 usurpatis
1138 2128 1261 2173 Libr.
1295 2129 1403 2171 VII.

55 2201 96 2241 p.
126 2186 221 2226 796.
261 2185 315 2226 E.
347 2211 402 2216 —
435 2186 532 2227 799.
574 2185 627 2228 E.
666 2185 721 2228 de
757 2186 959 2229 illiberali
998 2186 1318 2242 Aegyptiorum
1361 2193 1405 2228 et

55 2241 323 2285 Phoenicum
361 2242 547 2296 astutia,
600 2245 695 2284 799.
743 2243 812 2297 E„
854 2243 950 2286 aliis
991 2243 1205 2286 similibus
1257 2243 1403 2297 rebus,

122 2466 155 2508 ²⁸²)
188 2465 706 2544 {adiit-enim-philosophus
746 2479 789 2501 ex
833 2469 968 2510 Sicilia,
1019 2481 1093 2523 quo
1135 2476 1293 2524 tempore
1329 2472 1403 2503 ludi

191 2567 223 2599 p.
238 2523 369 2593 γὲίιῦμέ
381 2518 605 2601 τῗέεῗιΐέὶ
629 2515 791 2594 g-linftlozr
800 2517 1076 2595 ΠὲέἒιηΪ-Ιοῐῗίΐιξ..
1102 2517 1337 2605 ΣὴὲὲἰΡριῗῗ
1347 2517 1403 2597 251).

192 2602 424 2690 Soli-lainius
455 2605 511 2639 De
537 2607 646 2640 natali
672 2608 729 2639 die
756 2607 895 2640 Platon.
929 2609 964 2640 in
996 2609 1100 2642 Gor-ii
1132 2608 1305 2650 Symboll.
1339 2610 1403 2640 litt.
