1612 2872
197 71 280 114 DE
311 70 588 116 LEGIBUS
622 71 742 115 LIB.
778 72 857 115 IV.
890 71 934 115 P.
969 74 1063 117 712.
1096 74 1190 115 713.
1229 72 1293 116 St.

1354 76 1439 115 415

77 189 265 243 οἰκήσεις
314 192 646 247 δεσποζομένων
690 207 735 234 τε
780 194 851 234 καὶ
912 191 1215 234 δουλευουσῶν
1268 195 1443 248 μέρεσιν

75 258 249 300 ἑαυτῶν
284 260 384 308 τισί,
420 257 470 301 τὸ
511 260 590 301 τοῦ
628 258 846 302 δεσπότου
883 261 927 301 δὲ
966 258 1103 310 ἑκάςη
1122 258 1442 315 προςαγορεύε-
1475 269 1558 308 713

78 341 154 367 ται
189 322 371 380 κράτος.
404 327 521 380 χρῆν
558 326 618 377 δ’,
666 326 784 381 εἴπερ
822 327 903 371 τοῦ
942 324 1148 368 τοιούτοιν
1190 325 1271 379 τὴν
1307 325 1443 370 πόλιν

76 394 159 434 ἔδει
192 390 587 446 ἐπονομάζεσθαι,
635 391 686 437 τὸ
727 395 809 437 τοῦ
852 391 1047 445 ἀληθῶς
1081 394 1169 435 τῶν
1205 391 1287 437 τὸν
1325 396 1437 438 νοῦν

75 458 266 514 ἐχόντων
302 458 594 512 δεσπόζοντος
629 463 746 504 θεοῦ
781 459 927 515 ὄνομα
963 462 1190 515 λέγεσθαι.

80 613 164 646 Ven.
193 614 231 647 Ξ.
258 613 340 646 item
367 613 398 646 h.
425 625 470 655 x„
499 626 549 658 pr.
575 616 623 649 Ω.
655 621 690 650 et
716 626 824 659 marg.
854 615 883 647 ὅ.
935 614 1028 648 Dein
1053 620 1138 648 vett
1165 615 1261 648 editt.
1290 614 1354 648 τοῦ
1379 617 1446 649 τῶν

79 660 166 693 νοῦν
190 656 355 701 ἐχόντων,
388 660 480 694 unde
514 663 631 695 Antius
663 662 798 696 extudit
838 662 905 694 τῶν
928 661 1017 693 νοῦν
1041 660 1209 704 ἐχόντων,
1241 663 1336 704 quod
1370 664 1443 706 pla-

79 707 149 739 cuit
180 707 286 739 etiam
323 704 548 741 Schneidero.

79 753 109 785 h.
135 762 162 784 r.
190 763 220 786 o.
249 763 276 785 c.
305 750 334 784 ὃ.
363 763 393 787 ο,
421 763 453 785 x.

121 887 280 923 Ὄντως
315 888 414 931 γάρ,
466 885 492 922 ὦ
537 889 730 933 ἄριστοι,

80 936 315 968 πολιτειῶν
351 937 408 979 μ.]
449 937 553 969 Statu
596 938 730 980 optimo

80 985 154 1015 vuit
202 993 277 1016 eam
329 993 408 1015 esse
469 983 733 1026 rempublicam,

79 1039 170 1070 quae
195 1029 241 1061 ita
275 1029 321 1061 sit
346 1033 565 1072 temperata,
594 1034 632 1062 ut
660 1030 729 1064 sor-

81 1085 159 1108 mae
206 1075 321 1108 variae
370 1075 505 1118 imperii
563 1079 728 1119 tanquam

82 1120 251 1154 confusae
278 1126 313 1154 et
338 1121 373 1154 in
399 1132 501 1154 unum
524 1122 730 1155 coniunctae

82 1167 279 1207 videantur3
314 1167 347 1199 in
374 1178 415 1200 ea
441 1168 530 1201 enirn
557 1169 648 1201 nuiia
676 1179 730 1201 re-

83 1213 186 1256 periri
220 1213 371 1256 partium
412 1213 526 1246 studia
563 1224 625 1247 nec
664 1215 729 1247 do-

83 1259 202 1292 minari
231 1270 356 1302 pravas
395 1261 638 1303 imperantium
670 1271 728 1293 cu-

83 1305 260 1349 piditates.
310 1305 436 1348 Itaque
462 1307 538 1339 illas
553 1307 728 1347 civitates,

83 1352 114 1385 in
151 1352 277 1393 quibus
326 1353 382 1384 aiii
432 1354 622 1395 imperent,
674 1354 731 1386 alii

83 1399 256 1437 serviant,
298 1407 367 1431 non
408 1403 530 1432 censet
562 1399 733 1431 πολιτείας

82 1443 306 1487 nppeilandas
354 1455 455 1486 esse,
504 1445 565 1478 sed
615 1447 733 1487 potius

84 1489 254 1533 οἰκήσεις)
296 1491 424 1524 sedes
465 1502 512 1523 ac
551 1491 732 1524 domici-

85 1537 144 1569 lia
170 1547 197 1568 ο.
226 1535 538 1578 habitationes,
566 1548 655 1580 quae
674 1548 731 1571 ve·

83 1592 146 1615 rae
185 1584 448 1615 communitatis
496 1585 632 1617 vinculo
669 1594 723 1617 ca-

83 1633 192 1665 ream.

130 1697 172 1730 P.
199 1697 279 1732 713.
330 1695 375 1729 τὸ
403 1697 480 1730 τοῦ
506 1695 730 1731 δεσπότου

86 1762 129 1766 -
192 1741 373 1786 κράτος]
439 1754 731 1787 unaquaeque

87 1795 237 1830 nomen
289 1789 456 1830 accipit
511 1791 562 1823 ab
614 1792 731 1832 eiua,

87 1835 160 1876 qui
210 1835 556 1869 dominationem
613 1847 732 1870 exer-

87 1878 173 1921 cet,
200 1882 426 1924 potentia3
461 1892 488 1914 a.
515 1882 732 1916 tribuitur

70 1928 127 1960 'ei
165 1937 326 1960 nomeu
362 1928 598 1970 potentiae
623 1930 731 1970 eius,

89 1983 223 2016 penes
249 1983 374 2015 quem
396 1976 728 2017 estimperium3

39 2057 42 2059 .
89 2024 126 2051 ut
157 2029 266 2061 quum
297 2019 494 2053 monarchia
528 2032 546 2054 a
583 2026 730 2063 tyranno

89 2069 124 2098 et
154 2075 258 2108 rege,
298 2066 518 2099 aristocratia
553 2068 598 2100 ab
640 2068 732 2110 opti·

90 2111 256 2149 mutibus,
292 2113 459 2154 populare
497 2114 678 2156 imperium
713 2125 731 2146 a

90 2159 218 2200 populo
247 2163 402 2191 vocatur.
433 2158 735 2203 Προεαγορεύ-

90 2213 179 2236 etat
205 2202 249 2236 τὸ
278 2205 354 2236 τοῦ
392 2203 615 2239 δεσπότου
641 2205 734 2250 κρά-

93 2258 164 2282 tos·
194 2250 317 2283 eodem
345 2252 451 2284 modo
470 2253 630 2297 dicitur,
667 2264 736 2295 quo

93 2291 331 2338 ὀνομάζεσθαί
354 2309 381 2329 τι
407 2308 471 2340 pro
500 2296 736 2341 ονομάζεσθαι

93 2339 202 2382 ὄνομά
242 2352 346 2375 τινος.
387 2354 420 2376 v.
453 2345 505 2378 ad
538 2346 667 2387 CratyL
702 2357 734 2389 p.

59 2387 172 2424 *392
210 2389 256 2422 A.
307 2390 345 2421 Β.
386 2391 466 2424 coll.
515 2391 736 2426 Matthiae

94 2433 156 2467 Gr.
183 2435 214 2477 ξ,
239 2434 321 2469 424.
348 2435 381 2469 2.

136 2505 248 2546 χρῆν
273 2501 457 2547 δ’,εἴπερ
482 2507 567 2538 τοῦ
592 2504 738 2539 τοιού-

96 2559 172 2582 του
197 2551 264 2593 -]
291 2550 369 2583 Nou
393 2552 436 2584 ab
459 2552 522 2594 iis,
549 2554 609 2595 qui
635 2555 737 2586 istam

94 2595 288 2639 imperandi
320 2601 536 2638 potestatem
573 2599 737 2639 babeant,

95 2641 307 2684 reipubiicae
332 2641 478 2677 formam
507 2649 542 2678 et
566 2645 737 2678 rationem

47 2723 52 2727 ,
98 2685 383 2722 denominandam
426 2701 504 2723 esse
539 2691 738 2732 arbitratur,

607 709 772 743 Dedimus
805 707 900 751 quod
926 707 1053 741 habent
1079 709 1124 741 A.
1155 709 1194 741 Β.
1222 708 1254 742 Ξ
1254 707 1332 741 ..Ω
1361 719 1391 742 v.
1421 708 1442 742 s.

800 901 918 925 verum
946 892 989 924 ab
1014 901 1096 932 uno,
1124 891 1181 933 qui
1207 901 1288 924 esse
1305 891 1446 931 debent,

799 938 874 972 eius
887 943 1026 971 rectore
1042 942 1077 970 et
1102 938 1352 980 gubernatore,
1378 938 1448 971 hoe

799 988 854 1016 est
888 984 974 1022 deo,
1007 985 1152 1017 rationis
1187 987 1223 1016 et
1255 985 1448 1027 sapientiae

777 1035 961 1072 „tanquam
989 1030 1250 1072 dispensatore.
1296 1031 1458 1063 Senten-.

800 1078 846 1110 tia
872 1077 949 1119 ipsa
975 1077 1095 1119 utique
1121 1077 1212 1109 ciera
1228 1081 1283 1109 est
1308 1081 1343 1109 et
1370 1087 1446 1119 per—

800 1124 935 1166 spicua;
964 1126 1202 1155 verumtamen
1218 1123 1355 1155 laborat
1369 1133 1447 1155 ver-

801 1169 922 1202 borum
959 1170 1186 1201 constructio.
1235 1168 1322 1202 Nam
1353 1167 1445 1201 ἐπο-

799 1213 1009 1258 νομάζειν
1035 1212 1129 1249 τινά
1154 1223 1287 1253 τινος,
1311 1215 1447 1248 nomi-

802 1271 907 1294 nare
944 1262 1142 1303 aliquem
1181 1261 1231 1292 ab
1273 1261 1447 1303 aliquo,

800 1317 867 1340 non
911 1307 1055 1348 dicitur,
1089 1305 1257 1349 siquidem
1303 1317 1447 1350 prorsus

800 1353 889 1386 alius
923 1355 1060 1395 generis
1099 1358 1154 1386 est
1191 1353 1286 1394 quod
1322 1354 1448 1407 iegitur

801 1398 888 1431 infra
928 1400 1023 1434 Libr.
1057 1400 1100 1434 V.
1128 1411 1160 1442 p.
1188 1399 1267 1443 738.
1294 1399 1343 1431 B:
1379 1394 1446 1432 ὧι-

803 1456 904 1478 τινων
951 1439 1230 1487 ἐπονομάζεσθαι
1278 1445 1376 1478 θεῶν
1426 1443 1448 1488 ἦ

801 1490 987 1532 δαιμόνων.
1032 1492 1238 1525 Addendum
1262 1496 1359 1525 certe
1385 1491 1448 1525 fuit

800 1535 882 1570 ἀπό.
924 1539 1053 1582 CratyL
1092 1550 1125 1580 p.
1164 1538 1245 1573 397.
1285 1538 1335 1572 Ε.
1375 1535 1445 1571 ἀπὸ

799 1583 924 1626 ταύτης
949 1585 1008 1626 τῆς
1034 1583 1176 1625 φύσεως
1202 1585 1263 1626 τῆς
1280 1586 1343 1617 τοῦ
1366 1585 1447 1616 θεῖν

798 1628 912 1663 θεοὺς
933 1628 1064 1663 αὐτοὺς
1083 1628 1309 1673 ἐπονομάσαι.
1337 1631 1446 1664 ibid.

799 1688 831 1720 p.
857 1676 938 1711 406.
969 1680 1007 1709 Α.
1035 1678 1080 1710 ai.
1134 1678 1254 1719 itaque
1282 1687 1352 1710 non
1378 1677 1445 1710 du·

801 1725 952 1756 bitarnus
987 1724 1070 1765 quin
1102 1733 1144 1756 ex
1175 1724 1257 1756 Vnt.
1296 1724 1446 1766 aliisque

799 1768 1036 1813 reponendum
1063 1770 1109 1802 sit
1134 1768 1172 1801 τὸ
1190 1769 1254 1802 τοῦ
1268 1768 1444 1802 τοιούτου.

800 1826 832 1848 ν.
875 1815 1294 1849 1ectionis.varietatem.
1352 1816 1446 1849 Dein

800 1861 902 1894 codd.
931 1861 1050 1903 optimi
1076 1865 1183 1903 atque
1205 1862 1343 1904 piurimi
1368 1860 1446 1904 άλη-

801 1908 878 1939 θῶς
894 1908 962 1939 τῶν
987 1904 1047 1938 τὸν
1072 1908 1161 1939 νοῦν
1174 1905 1322 1949 ἑχόντων
1337 1906 1447 1947 δέσπ.,

801 1953 894 1995 quod
928 1954 961 1986 in
995 1954 1108 1986 locum
1141 1956 1231 1997 vulg.
1267 1955 1332 1987 τοῦ
1368 1951 1446 1997 ἄλη·

800 2000 898 2032 θὀῦε
929 1999 994 2031 τοῦ
1028 2000 1095 2031 τῶν
1132 2000 1221 2032 νοῦν
1244 1999 1395 2042 ἐχόντων
1419 1999 1449 2035 δ.

803 2045 1019 2079 substituere
1075 2055 1145 2079 non
1203 2047 1450 2081 dubitavimus.

804 2092 1039 2125 Bekkerus
1073 2098 1108 2126 et
1146 2091 1458 2128 8οΙιηείἀετιιι

805 2138 849 2171 de
887 2138 1085 2171 coniectura
1129 2140 1250 2173 Astii
1300 2140 1452 2184 scripse·

805 2188 902 2218 runt·
950 2185 1014 2217 τοῦ
1065 2181 1127 2228 ἄλη
1131 2185 1208 2218 θῶς
1252 2186 1319 2219 τῶν
1366 2187 1453 2220 νοῦν

805 2228 956 2272 ἑχόντων
984 2229 1080 2265 δεσπ,
1108 2198 1202 2265 ⁷YSed
1229 2243 1344 2273 veram
1371 2243 1452 2267 esse

805 2278 993 2310 lectionem
1020 2277 1180 2312 codicum
1214 2289 1282 2312 non
1311 2279 1450 2312 dubita-

806 2323 916 2363 veris,
943 2324 1001 2356 ubi
1029 2326 1237 2359 sententiam
1262 2327 1448 2359 verborum

806 2370 1022 2411 reputaveris
1044 2370 1130 2404 hanc
1147 2382 1247 2405 ene:
1273 2377 1448 2415 oporte-

806 2416 886 2448 bat
910 2425 1014 2449 vero
1038 2427 1058 2449 a
1083 2416 1168 2452 deo
1197 2417 1450 2452 denomina-

806 2461 863 2502 ri,
894 2471 1055 2496 revera
1087 2463 1360 2507 imperante,
1390 2465 1450 2498 iio

807 2507 976 2550 quidem
1030 2510 1099 2552 qui
1161 2517 1344 2545 mentem
1400 2511 1449 2544 ad

809 2563 898 2587 eam
937 2565 1024 2589 rem
1070 2559 1320 2591 aenariam
1362 2555 1452 2599 (τὸν

808 2600 914 2643 νοῦν)
939 2599 1108 2636 habent.
1158 2604 1297 2648 Quippe
1322 2604 1451 2637 inteili-

807 2651 934 2688 guntur
957 2647 1166 2689 daemones,
1197 2651 1322 2692 quibus
1355 2660 1451 2683 stim·

808 2702 883 2725 mus
914 2693 1000 2727 deus
1034 2694 1162 2728 dicitur
1187 2695 1361 2730 hominum
1387 2696 1449 2729 im-
