1612 2872
184 59 194 63 “
227 69 307 117 2232
706 67 1071 111 PLATONIS

327 183 425 224 ΑΘ.
501 178 560 221 Τὸ
611 182 654 222 δέ
701 196 745 232 γε
782 179 894 223 κατὰ
932 179 1013 233 τὴν
1046 185 1124 226 τοῦ
1161 182 1362 238 σώματος
1394 186 1559 236 κίνησιν

228 246 410 308 ῥυθμὸν
437 247 516 298 μὲν
551 242 700 287 κοινὸν
736 247 785 304 τῇ
822 249 899 298 τῆς
933 251 1082 306 φωνῆς
1103 247 1182 303 εἶχε
1204 248 1380 301 κινήσει,
1419 252 1559 305 σχῆμα

228 314 271 354 δὲ
308 311 433 354 ἰ’διον.
468 314 552 351 ἐκεῖ
587 311 630 351 δὲ
665 312 792 365 μέλος
826 310 852 363 ἡ
889 314 968 364 τῆς
1004 316 1154 371 φωνῆς
1189 318 1364 367 κίνησις.

328 378 430 418 ΚΛ.
495 373 788 426 Ἀληθέςατα.

330 441 428 483 ΑΘ.
502 438 566 482 Τὰ
612 443 691 495 μὲν
725 445 873 484 τοίνυν
908 445 989 495 τῆν
1023 446 1171 501 φωνῆς
1204 451 1325 502 μέχρι
1360 447 1437 497 τῆς
1472 458 1557 503 ψυ-

222 509 304 562 χῆς
339 505 448 562 πρὸς
484 504 641 559 ἀρετῆς
677 511 904 558 παιδείαν,
950 508 1029 552 οὐκ
1067 509 1148 553 οἶδ’
1192 509 1343 553 ὅντινα
1379 508 1557 565 τρόπον,

187 594 189 599 “
225 570 514 627 ὠνομάσαμεν
549 572 772 626 μουσικήν.

329 639 429 680 ΚΛ.
496 635 666 692 Ὀρθῶς
700 641 779 691 μὲν
814 632 906 681 οὖν.

325 704 422 746 ΑΘ.
498 702 567 745 Τὰ
605 706 648 746 δέ
681 721 728 757 γε
764 706 842 747 τοῦ
879 720 1104 760 σωματος,
1139 702 1167 747 ἃ
1204 704 1450 757 παιζόντων
1484 703 1558 763 ὅρ-

223 783 351 823 χησιν
386 768 582 824 εἴπομει,
617 767 695 812 ἐὰν
723 776 843 825 μέχρι
879 773 956 821 τῆς
987 772 1067 814 τοῦ
1101 769 1301 825 σώματος
1334 771 1495 827 ἀρετῆς
1529 770 1554 822 ἡ

227 834 409 886 τοιαύτη
453 839 616 886 κίνησις
651 853 870 889 ριγνηται,
920 835 999 888 τὴν
1043 839 1240 896 ἔντεχνον
1279 836 1454 892 ἀρωγὴν
1489 843 1555 880 ἐπὶ
1596 877 1598 880 ,

227 898 276 942 τὸ
314 903 518 943 τοιοῦτον
554 899 692 944 αὐτοῦ
728 900 996 956 γυμναςικὴν
1031 907 1335 957 προςείπωμεν.

331 968 430 1011 ΚΛ.
494 965 761 1018 Ὀρθότατα.

156 1036 193 1076 Β
331 1033 427 1074 ΑΘ.
514 1030 572 1074 Τὸ
630 1035 672 1074 δὲ
733 1034 810 1085 τῆς
854 1035 1081 1087 μουσικῆς,
1126 1032 1148 1076 ὃ
1194 1036 1273 1076 νῦν
1316 1032 1367 1086 δὴ
1404 1031 1556 1089 σχεδὸν

226 1094 360 1151 ἥμισυ
394 1099 696 1149 διεληλυθέναι
734 1099 810 1149 τῆς
842 1101 1022 1153 χορείας
1041 1098 1214 1155 εἴπομεν
1250 1102 1320 1142 καὶ
1357 1101 1557 1142 διαπεπε-

225 1161 426 1218 ράνθαι,
473 1165 545 1206 καὶ
593 1166 675 1206 νῦν
721 1162 858 1214 οὕτως
901 1162 1119 1218 εἰρήσθω·
1157 1163 1207 1207 τὸ
1244 1164 1280 1207 δ’
1324 1162 1455 1220 ἤμιου
1492 1168 1556 1208 λέ-

226 1245 377 1283 γωμεν.
415 1226 441 1280 ἢ
480 1231 570 1278 πῶς
601 1232 673 1271 καὶ
711 1232 767 1289 πῇ
804 1234 1034 1284 ποιητέονς

119 379 198 420 673

317 1355 356 1389 Ρ.
382 1355 461 1390 673.
517 1355 815 1399 γυμναστικὴν
844 1358 1167 1398 προςείηωμεν]
1200 1359 1418 1400 προςείηομεν
1458 1359 1495 1390 Ξ.
1526 1369 1551 1390 r.

225 1400 316 1442 quod
341 1400 436 1434 dedit
461 1401 658 1435 Schneider.
685 1403 728 1434 de
757 1402 901 1434 Bekkeri
928 1403 1110 1435 sententia.

926 1512 1250 1555 προςείπωμεν.]
1275 1511 1383 1543 Recte
1405 1521 1483 1543 sese
1496 1510 1553 1543 ha-

225 1522 303 1544 esse
350 1511 614 1554 disputaturum.
667 1511 752 1544 Nan·
802 1523 858 1545 res

926 1557 983 1589 bet
1007 1557 1251 1589 coniunctivus.
1279 1555 1436 1588 Nondum
1465 1557 1554 1589 enim

224 1566 407 1598 sanequam
427 1557 614 1590 absolvitur
632 1557 856 1598 paucissimis.

224 1611 255 1633 v.
271 1613 303 1644 p.
321 1602 399 1636 673.
425 1601 463 1633 C.
488 1600 569 1633 οὐδὲ
592 1599 657 1643 γὰρ
682 1601 746 1632 πάν
734 1613 771 1633 vv
791 1614 860 1643 χα-

224 1645 328 1678 λεπόν
358 1648 430 1678 ἐστι
462 1659 491 1678 κ.
525 1658 557 1677 τ.
590 1646 620 1677 λ.
669 1645 751 1678 Mox
775 1645 857 1678 wv'-

223 1703 289 1722 του
329 1690 365 1720 δ’
396 1703 438 1722 αυ
476 1690 602 1722 dictum
635 1700 697 1731 pro
729 1689 858 1731 ταύτης

224 1730 488 1767 «5’112'1.v.ad
525 1735 856 1776 12egg.1.638.c.

222 1779 300 1815 645.
327 1780 366 1812 Ι).
392 1779 470 1814 646.
498 1780 537 1811 D.
564 1779 704 1814 11.653.
728 1783 765 1812 Α.
791 1780 856 1812 Ce-

222 1830 335 1858 terum
363 1825 416 1856 hic
439 1834 576 1866 quoque
603 1826 784 1867 respicitur
808 1825 853 1858 ad

223 1881 255 1912 p.
282 1869 359 1904 653.
387 1869 426 1901 C.
454 1870 493 1903 D.

291 1914 344 1946 Τὸ
395 1914 443 1946 δέ
493 1924 538 1955 γε
576 1931 620 1937 -—·
657 1915 852 1956 κίνησιν]

221 1958 482 2003 Rhymmus,
508 1958 626 2000 inquit,
651 1959 852 1991 saltatio·

221 2005 261 2037 ui
317 2008 359 2036 et
412 2004 558 2036 cantui
614 2005 853 2037 communis

221 2053 308 2088 est3
345 2052 533 2089 uterque
575 2049 681 2081 enim
714 2059 851 2081 uume-

221 2103 350 2126 rosus
397 2103 497 2126 esse
543 2092 711 2133 doben
764 2094 849 2126 sed

220 2142 371 2180 gestus
436 2138 704 2180 habitusque
757 2149 849 2180 pro-

219 2184 342 2223 prius
375 2187 443 2215 est
471 2183 713 2224 saltationi,
739 2184 850 2215 sicn-

219 2228 249 2259 ti
279 2226 326 2260 τό
359 2228 486 2269 μέλος
517 2227 556 2260 in
581 2238 701 2261 unum
729 2229 849 2260 vocis

219 2275 388 2304 cantum
440 2274 655 2305 convenit.
698 2291 737 2296 -
797 2272 845 2304 τὰ

217 2317 293 2358 μὲν
331 2317 477 2348 τοίνυν
512 2320 588 2358 τῆς
629 2320 761 2359 φωνῆς
805 2336 847 2340 —

219 2360 341 2394 vocis
388 2362 584 2395 rationes
632 2372 762 2404 usque
799 2361 848 2394 ad

217 2406 396 2438 animum
448 2411 752 2447 penetrantes,
806 2410 849 2439 et

216 2450 267 2483 ad
320 2450 502 2483 virtutis
560 2451 846 2493 disciplinam

215 2494 522 2536 pertinentes.
555 2496 847 2538 appellavi-

215 2549 303 2573 mus
328 2549 552 2573 musicam.

284 2584 323 2617 P·
348 2584 426 2619 673.
480 2584 853 2629 γυμναστικὴν

924 1612 980 1633 res
1004 1605 1104 1634 antea
1135 1602 1303 1643 explicata
1334 1605 1405 1639 est,
1438 1600 1553 1633 defini-

925 1650 1049 1687 turque
1074 1656 1159 1678 nunc
1185 1646 1347 1688 primum,
1371 1655 1552 1686 quamnam

924 1691 1168 1732 gymnasticam
1195 1691 1334 1732 intelligi
1348 1692 1461 1722 velint.
1494 1690 1552 1723 Li-

924 1736 1052 1767 centius
1092 1736 1179 1768 enim
1221 1735 1284 1768 hoc
1317 1736 1453 1767 nomine
1486 1736 1551 1768 inm

924 1783 1076 1812 utuntur.
1116 1780 1341 1813 Bekkerus
1374 1785 1486 1812 tamen
1518 1784 1554 1813 et

921 1825 1099 1864 Astius,
1139 1829 1173 1857 et
1212 1825 1479 1858 Turicenses
1511 1835 1552 1858 ex

921 1869 1137 1910 paucissimis
1169 1870 1271 1902 codd.
1310 1871 1421 1912 iisque
1458 1870 1553 1902 dete.-

922 1915 1066 1946 rioribus
1092 1914 1259 1947 dederunt
1281 1915 1513 1958 προςείνιομεν.

969 1958 1102 1991 Β.τό
1132 1959 1170 1991 δὲ
1195 1958 1347 2001 ημιιῑυ]
1365 1961 1550 1995 alterum

918 2004 1057 2045 χορείας
1089 2004 1331 2044 dimidium,
1363 2003 1394 2036 h.
1429 2015 1458 2037 e.
1485 2005 1551 2036 sal-

919 2049 1096 2080 tationem.
1597 2049 1601 2054 '

962 2088 1005 2125 Ὦ
1038 2092 1194 2136 ἄριστε
1224 2110 1266 2116 ——
1301 2091 1552 2136 ἔρωτησιη]

918 2137 1016 2179 quid
1042 2137 1212 2170 tandem
1260 2141 1387 2178 putas
1430 2138 1549 2171 alte-

918 2186 1082 2215 rutrum
1122 2182 1324 2224 (Cretem
1365 2186 1436 2214 aut
1470 2182 1549 2217 La-

916 2227 1263 2266 cedaemonium)
1336 2227 1415 2259 tibi
1480 2236 1548 2259 re-

916 2280 1173 2314 sponsurum
1203 2281 1317 2311 esse,
1344 2271 1437 2303 siin
1463 2271 1526 2303 dia

915 2316 1104 2349 serendo
1139 2317 1189 2349 de
1220 2315 1386 2349 musica
1416 2327 1548 2358 expo-

915 2361 1155 2401 suerimus,
1195 2365 1332 2394 artem
1377 2371 1546 2403 gymna-

916 2406 1068 2439 sticam
1100 2408 1201 2448 (quae
1233 2405 1371 2446 quidem
1404 2406 1452 2438 ad
1474 2419 1546 2447 χο-

915 2451 1034 2494 ρεῖαν
1062 2451 1275 2492 pertinet,
1301 2460 1367 2483 nou
1393 2452 1478 2484 enim
1504 2451 1547 2484 de

915 2496 1074 2528 universa
1137 2495 1351 2537 gymnastica
1408 2496 1546 2538 agitur)

915 2539 1365 2583 praetermiserimus?
1408 2541 1459 2572 De
1484 2539 1545 2570 πό-

913 2596 1022 2629 τερος,
1081 2585 1364 2625 alteruter,
1411 2583 1543 2617 Einen·
