1612 2872
530 84 613 128 DE
647 83 925 128 LEGIBUS
959 92 1040 126 etc.
1231 82 1446 127 CXXXI

86 199 342 256 obtingere,
388 199 522 241 veluti
577 198 803 241 Phaedon.
848 214 889 253 p.
931 199 999 239 58.
1042 197 1096 240 E.
1137 196 1366 254 Protagor.
1408 213 1447 255 p.

86 258 184 299 322.
218 258 273 299 A.
303 255 492 298 Phaedr.
525 271 567 312 p.
599 257 699 298 244.
730 253 781 297 C.
814 254 1008 311 Apolog.
1041 253 1166 298 Socr.
1198 270 1242 311 p.
1274 257 1342 298 33.
1369 253 1421 297 C.

201 333 291 378 Sed
331 342 601 378 revertamur
637 333 874 390 aliquando
904 333 1022 388 illuc,
1065 333 1180 376 unde
1211 333 1451 391 paullisper

86 390 276 448 digressi
316 406 480 436 sumus.
548 392 753 435 Vidimus
797 390 933 447 igitur
976 391 1205 433 Platonem
1245 391 1331 433 tria
1361 397 1448 434 sta-

85 448 223 491 tuisse
252 449 428 492 virtutis
459 465 636 506 genera,
668 463 803 490 unum
823 447 1047 503 proprium
1071 447 1448 505 philosophorum,

85 505 267 547 alterum
292 506 418 549 civile
450 514 495 549 et
525 505 753 562 populare,
786 504 963 546 tertium
998 505 1193 547 naturale
1226 515 1269 547 et
1300 503 1450 547 divina

86 561 276 616 quadam
314 563 480 620 ingenii
522 563 733 606 felicitate
774 566 1043 603 contentum.
1113 562 1184 603 Ex
1215 562 1284 604 his
1315 562 1326 603 i
1363 562 1450 604 itur

83 619 320 675 generibus
362 619 584 675 quodnam
621 617 800 661 tandem
849 618 1102 673 putabimus
1137 578 1448 674 philosopffium

82 676 128 718 in
168 676 339 732 Legum
378 676 558 719 civitate
598 675 784 718 maxime
823 674 973 729 vigere
1013 675 1235 718 voluisse?
1296 676 1448 717 Enim-

83 748 188 775 vero
230 732 348 787 quod
388 734 518 776 tertio
568 733 666 775 loco
709 731 961 788 posuimuS,
1004 731 1050 773 id
1078 738 1236 787 sponte
1266 739 1450 788 apparet

83 804 137 831 ex
165 789 476 847 legumlatione
517 789 625 833 nihil
666 787 880 845 pendere3
924 794 993 830 est
1037 789 1151 830 enim
1193 804 1351 831 munus
1383 787 1448 830 di-

83 847 248 901 vinum,
289 846 409 901 quod
449 847 569 889 nulla
599 852 691 888 arte
722 845 928 900 nullaque
961 845 1194 902 disciplina
1225 845 1342 888 effici
1374 852 1450 887 aut

83 903 317 946 accelerari
345 909 509 960 potest.
567 903 671 946 Nisi
703 903 815 945 forte
845 903 1071 959 putaveris
1112 902 1277 960 ingenii
1310 902 1447 944 divini

83 960 335 1003 felicitatem
379 960 511 1004 etiam
551 961 595 1002 vi
626 959 880 1014 extorqueri
909 974 1067 1014 posse,
1108 966 1157 1001 ut
1187 958 1317 1002 hodie
1346 974 1450 1016 pae-

84 1017 248 1075 dagogi
288 1017 466 1074 quidam
508 1017 791 1069 arbitrantur,
824 1016 996 1058 mirifici
1036 1031 1142 1059 sane
1173 1016 1349 1059 virtutis
1381 1031 1448 1058 ar-

81 1074 239 1117 tifices.
320 1074 476 1130 Itaque
514 1073 636 1117 istud
689 1073 868 1128 quidem
908 1073 1084 1116 virtutis
1125 1089 1266 1130 genus
1306 1073 1449 1115 mitta-

83 1147 194 1174 mus.
270 1130 511 1185 Quaeritur
553 1137 701 1173 autem
751 1129 805 1171 de
854 1129 1027 1173 duobus
1077 1131 1282 1185 reliquis,
1335 1145 1450 1185 quae

83 1188 212 1231 ambo
251 1196 370 1231 certe
411 1189 457 1230 in
498 1188 664 1244 optima
693 1187 768 1229 illa
799 1187 977 1229 civitate
1007 1188 1301 1243 reperiuntur.
1363 1191 1448 1229 At-

84 1245 160 1300 qui
198 1260 253 1287 ne
288 1244 343 1288 de
380 1245 449 1288 his
491 1244 667 1300 quidem
706 1259 866 1300 magna
902 1259 999 1293 esse
1030 1249 1181 1299 potest
1211 1243 1448 1286 dubitatio.

83 1302 199 1345 Nam
239 1317 372 1357 quum
415 1318 439 1344 e
476 1302 647 1359 Legum
689 1301 864 1343 civitate
906 1301 1111 1350 summoti
1153 1301 1242 1344 sint
1271 1300 1448 1357 penitus

83 1358 307 1415 principes
347 1359 411 1401 illi
452 1357 728 1416 philosophi,
772 1372 906 1415 penes
947 1373 1059 1413 quos
1098 1374 1209 1401 unos
1241 1364 1309 1400 est
1350 1373 1448 1415 per-

31 1444 34 1446 ,
83 1417 200 1459 fecta
229 1416 459 1472 sapientia,
490 1422 581 1459 tum
613 1431 667 1458 ne
698 1415 838 1458 virtus
871 1415 1049 1470 quidem
1080 1414 1448 1472 philosophorum

85 1473 261 1531 propria
290 1473 336 1515 in
375 1473 450 1514 illa
487 1473 716 1529 reperitur.
777 1472 936 1528 Itaque
969 1473 1115 1514 omnia
1143 1473 1235 1515 fere
1265 1471 1450 1515 redeant

84 1545 265 1573 neeesse
297 1536 364 1573 est
394 1529 450 1572 ad
480 1545 614 1572 unam
653 1529 791 1572 solam
831 1530 1036 1572 virtutem
1082 1529 1254 1571 civilem
1285 1544 1337 1571 ac
1369 1544 1449 1586 po-

84 1587 295 1644 pularem,
329 1588 492 1644 quippe
527 1587 746 1629 communi
775 1586 999 1628 hominum
1030 1586 1149 1628 vitae
1182 1586 1312 1641 unice
1344 1601 1449 1629 con-

31 1658 37 1662 ·
85 1644 342 1687 venientem.
411 1642 562 1700 Atque
605 1643 718 1686 hanc
758 1658 910 1685 revera
957 1659 983 1685 a
1022 1642 1282 1688 Platonein
1313 1643 1449 1700 Legi-

86 1701 167 1744 bus
195 1716 326 1743 unam
347 1701 436 1743 fere
467 1700 585 1758 exigi
616 1706 660 1743 et
690 1700 1002 1753 commendari,
1035 1699 1081 1741 id
1106 1715 1242 1755 quum
1273 1699 1450 1742 aliunde

85 1757 382 1815 intelligatur,
428 1764 522 1800 tum
563 1757 801 1800 clarissime
833 1773 886 1799 ex
916 1773 968 1800 eo
998 1757 1288 1814 perspicitur,
1329 1756 1451 1813 quod

85 1815 307 1857 virtutum'
337 1815 607 1871 singularum
647 1815 735 1857 vim
777 1820 1069 1869 naturamque
1111 1814 1157 1856 in
1200 1814 1284 1857 hoc
1315 1829 1450 1870 opere

86 1873 175 1914 non
205 1871 408 1914 subtilius
441 1871 757 1928 pervestigavit
795 1878 872 1913 aut
910 1871 966 1913 ad
996 1870 1141 1914 varias
1172 1871 1305 1914 animi
1333 1871 1450 1913 vires

87 1928 259 1982 retulit,
292 1928 421 1970 sicuti
449 1927 555 1970 fecit
582 1929 628 1970 in
659 1924 924 1984 Republica,
965 1927 1045 1970 sed
1074 1933 1212 1970 totam
1241 1927 1361 1969 illam
1393 1926 1451 1969 ad

87 1984 341 2041 popularem
396 1984 611 2039 rationem
656 1984 765 2027 locis
815 1984 1076 2040 opportunis
1124 1983 1359 2040 descripsit
1406 1989 1452 2026 et

86 2041 349 2084 informavit.
410 2041 689 2096 Quamquam
721 2041 850 2083 etiam
880 2041 952 2083 hic
984 2040 1091 2083 satis
1118 2040 1202 2083 sibi
1233 2040 1450 2095 constitit,

88 2105 138 2140 ut
176 2114 231 2141 ne
273 2099 317 2140 in
358 2098 543 2155 singulis
593 2098 768 2153 quidem
815 2098 1052 2140 virtutibus
1096 2097 1210 2139 inter
1250 2097 1450 2154 singulas

70 2155 224 2198 ‘totius
266 2155 533 2211 reipublicae
554 2162 719 2211 partes
750 2153 1066 2211 distribuendis
1096 2154 1283 2197 multum
1315 2154 1370 2197 ab
1399 2169 1451 2196 ea

90 2212 258 2254 ratione
298 2211 580 2266 discesserit,
618 2226 749 2266 quam
791 2212 845 2254 ab
890 2211 987 2268 ipso
1019 2211 1220 2254 novimus
1250 2211 1296 2253 in
1326 2210 1450 2254 libris

88 2268 274 2312 Politiae
304 2269 531 2326 probatam
561 2284 673 2311 esse.

204 2357 296 2402 Sed
331 2358 558 2417 videamus
597 2356 864 2414 aliquando,
897 2357 1048 2412 quales
1079 2357 1281 2415 singulae
1312 2357 1448 2400 virtu-

91 2424 159 2465 tes
198 2416 252 2458 ab
293 2424 345 2458 eo
386 2416 431 2459 in
468 2415 667 2473 Legibus
717 2415 806 2457 sint
845 2415 1101 2457 informatae
1143 2421 1187 2457 et
1227 2413 1450 2470 quomodo
1506 2462 1510 2464 μ

90 2472 351 2528 descriptae.
417 2472 576 2528 Neque
617 2471 731 2514 enim
771 2486 822 2513 ea
863 2487 932 2514 res
960 2471 1226 2530 negligenda
1254 2471 1450 2521 videtur3

60 2535 147 2574 [ex
178 2530 304 2579 cuius
334 2529 584 2587 cognitione
615 2544 721 2572 sane
750 2534 917 2571 rectum
947 2526 1002 2571 de
1042 2542 1174 2585 opere
1214 2527 1450 2570 Platonico

92 2585 303 2629 iudicium
331 2591 454 2629 tanto
472 2585 635 2642 ‘magis
656 2584 833 2642 pendet,
864 2592 1029 2641 quanto
1048 2586 1148 2642 plus
1177 2584 1234 2627 ad
1258 2585 1450 2627 civitatis

92 2642 136 2684 in
168 2658 219 2686 eo
251 2641 452 2688 conditae
483 2643 674 2685 r‘atione's
708 2641 964 2686 iudicandas
995 2648 1127 2697 atque
1153 2639 1450 2684 aestimandas

1107 2710 1175 2749 1*
