1612 2872
236 87 342 128 LVI
656 89 775 130 PRO
786 88 1133 132 LEGOMENA

231 198 434 240 librorum
464 199 531 239 De
562 199 772 253 Legibus,
806 213 906 252 quo,
938 213 1123 252 quonam
1140 200 1231 242 iure
1261 201 1434 242 Platoni
1464 203 1557 243 vin-

234 253 367 295 dicari
397 254 588 309 possint,
621 261 840 308 appareat.
873 252 1071 310 Gotting.
1111 256 1230 298 1820.
1262 261 1301 299 4.
1333 271 1459 313 pagg.
1489 259 1557 298 64.

233 308 385 350 Frid.
434 309 770 350 Thierschiu
787 324 825 351 s:
893 311 1051 351 Annal.
1103 310 1280 353 litterar.
1329 313 1558 355 Vindobo-

234 379 375 406 nenss.
407 364 505 405 Vol.
537 364 622 404 III.
650 380 691 418 p.
723 366 787 406 63.
829 379 921 419 sqq.
950 365 1120 407 -Ferd.
1163 367 1559 423 Delbri’ick'rilsz

236 420 390 460 Annal.
431 419 632 461 Univers.
675 420 866 462 Rhenan.
906 421 1083 462 Boruss.
1126 422 1225 463 Vol.
1258 423 1292 464 I.
1326 424 1447 465 Tom.
1479 423 1559 464 IV.

235 491 277 530 p.
308 477 388 516 317
419 489 512 528 sqq.
553 474 663 518 Jos.
703 475 1003 518 Socherus:
1042 477 1219 519 Platons
1258 478 1478 520 Schriften
1518 495 1560 534 p.

235 532 317 571 434
348 544 440 583 sqq.
480 529 662 571 Carol.
701 531 850 573 Frid.
892 532 1243 576 Hermannus
1274 533 1561 575 Commentat-

237 585 306 625 De
346 585 555 641 Vestigiis
597 592 786 628 veterum
826 587 1117 629 institutorum
1155 589 1199 630 iu
1240 590 1435 645 Legibus
1465 589 1564 630 Pla-

236 641 353 681 tonis
391 641 718 696 investigandis.
778 643 1002 699 Marburg.
1039 645 1158 685 1836.
1200 646 1240 685 4.
1285 645 1440 698 quibus
1479 645 1563 700 ipsi

239 696 495 738 accessimus
532 697 576 737 in
615 697 712 738 Iah
729 699 807 739 nii
856 699 996 740 Novis
1042 700 1200 740 Annal.
1254 700 1468 756 Philolog.
1521 706 1566 741 et

238 750 488 808 Paedagog.
518 752 640 794 Tom.
661 753 862 795 XXXV.
880 754 996 795 Part.
1025 754 1060 795 I.
1082 771 1122 809 p.
1154 757 1205 796 27
1238 770 1332 810 sqq.
1375 756 1470 797 Nec
1499 761 1566 796 ta-

236 821 332 848 men
371 807 437 849 his
468 807 837 862 disputationibus
869 810 1066 851 effectum
1096 816 1185 862 est,
1226 817 1275 852 ut
1315 810 1564 864 adversarii,

238 869 378 904 mente
408 870 584 917 mutata,
615 879 710 906 sese
733 865 964 919 aliquando
993 866 1132 907 victos
1156 866 1408 920 faterentur,
1441 881 1564 922 prae-

238 918 384 959 sertim
414 932 543 971 quum
588 934 766 962 caussae
803 936 909 962 suae
940 933 1289 977 propugnatores
1317 922 1447 964 etiam
1478 922 1566 964 vim

238 980 282 1015 et
327 975 625 1016 auctoritatem
674 976 1021 1030 gravissimorum
1068 978 1340 1032 antiquitatis
1393 978 1566 1019 testium

238 1028 488 1070 viderentur
543 1031 773 1086 infregisse
819 1040 892 1072 aut
941 1032 1093 1073 saltem
1139 1033 1343 1077 elevasse.
1409 1033 1568 1087 Itaque

238 1084 366 1129 hodie
415 1100 588 1139 quoque
649 1086 790 1128 adhue
838 1087 916 1129 sub
966 1087 1108 1129 iudice
1155 1089 1209 1130 lis
1257 1095 1346 1141 est,
1419 1104 1568 1143 quam-

240 1155 366 1194 quam
417 1141 502 1181 iam
551 1148 677 1183 antea
733 1143 1023 1197 ostendimus,
1075 1144 1119 1184 in
1168 1144 1434 1186 aestimanda
1481 1144 1569 1185 fide

240 1202 284 1236 et
321 1198 575 1238 auctoritate
612 1198 784 1240 testium
828 1199 1122 1253 antiquitatis,
1157 1200 1231 1254 qui
1261 1215 1371 1255 opus
1401 1201 1568 1255 Legum

241 1266 267 1292 a
302 1251 484 1293 Platone
522 1254 759 1307 profectum
798 1269 890 1296 esse
930 1255 1312 1309 confirmaverunt,
1356 1271 1380 1296 a
1410 1255 1569 1297 criticis

242 1307 396 1348 mirum
426 1315 632 1361 quantum
661 1316 882 1364 peccatum
912 1325 1020 1352 esse.

354 1362 452 1415 Quo
493 1365 629 1420 magis
670 1371 862 1406 nostrum
903 1365 1102 1407 duximus
1146 1366 1272 1407 etiam
1316 1376 1569 1419 argumenta

242 1425 392 1460 contra
433 1420 730 1462 auctoritatem
777 1421 921 1476 operis
968 1437 1020 1462 ex
1058 1421 1152 1476 ipsa
1189 1421 1281 1462 eius
1330 1421 1476 1462 indoie
1527 1428 1572 1462 et

240 1475 419 1516 materia
450 1474 594 1528 ducta,
628 1476 877 1530 ponderatis
907 1478 1109 1531 utrinque
1137 1478 1350 1518 rationum
1379 1491 1568 1518 momen-

242 1530 315 1583 tis,
348 1530 489 1572 denuo
523 1533 766 1573 examinare
797 1539 840 1573 et
871 1532 974 1586 quid
1005 1548 1082 1588 pro
1114 1548 1216 1573 vero
1237 1538 1440 1587 rectoque
1470 1548 1572 1587 pro-

241 1586 430 1626 bandum
469 1586 525 1628 sit
559 1586 807 1643 diligentius
851 1589 1084 1642 exquirere.
1152 1588 1382 1630 Enimvero
1421 1589 1483 1629 ita
1513 1589 1569 1630 si-

242 1641 330 1682 mul
369 1642 495 1682 etiam
535 1643 724 1684 futurum
756 1657 851 1685 esse
881 1658 1116 1699 speramus,
1149 1649 1197 1684 ut
1225 1643 1368 1685 aditus
1398 1643 1453 1684 ad
1482 1658 1571 1684 am—

241 1697 429 1751 plissimi
460 1698 602 1753 operis
631 1699 860 1740 lectionem
892 1700 1108 1755 patentior
1134 1699 1210 1740 fiat
1238 1705 1282 1740 et
1311 1699 1566 1754 expeditior,

243 1766 370 1806 quam
408 1752 463 1794 ad
503 1753 616 1795 hunc
646 1768 784 1809 usque
814 1753 924 1796 diem
956 1755 1051 1808 fuit,
1082 1753 1432 1808 quandoquidem
1465 1754 1569 1808 quid

243 1807 297 1849 de
328 1808 420 1850 eius
448 1816 715 1864 argumento,
747 1810 927 1851 consilio
958 1817 1000 1852 et
1027 1810 1296 1852 institutione
1323 1811 1570 1853 existiman-

243 1862 343 1904 dum
373 1864 430 1905 sit
458 1864 648 1906 nondum
678 1866 784 1907 satis
815 1866 1086 1920 exploratum
1116 1866 1313 1908 habetur.

794 2152 913 2228 Cap.
955 2152 1013 2212 ΙΙ.

266 2282 574 2317 Eum-rantur
597 2293 828 2324 natissae.
855 2284 1028 2329 quibus
1055 2282 1346 2319 criticorum
1372 2293 1544 2321 reeen-

417 2328 595 2364 tiorum
622 2330 683 2364 de
709 2330 920 2375 Legibus
946 2329 1127 2364 iudicia
1151 2330 1387 2366 nitantur.

355 2427 415 2468 Et
454 2429 636 2483 primum
679 2430 853 2482 quidem
884 2428 1122 2484 dispexisse
1151 2430 1331 2486 iuvabit,
1363 2431 1567 2488 quid-nam

243 2482 416 2524 tandem
455 2484 534 2536 sit,
576 2484 691 2538 quod
732 2501 869 2540 nuper
918 2485 1088 2526 criticos
1131 2485 1175 2526 in
1222 2486 1390 2543 Legum
1436 2504 1567 2543 opere

245 2538 352 2580 adeo
391 2538 641 2584 offenderit.
683 2546 732 2580 ut
769 2541 875 2582 illud
904 2541 946 2581 in
976 2539 1112 2581 malae
1144 2540 1246 2582 fidei
1275 2545 1567 2599 suspicionem

244 2607 397 2636 vocare
439 2610 525 2637 non
568 2595 870 2638 dubitaverint.
939 2595 1037 2649 Quo
1086 2596 1271 2639 breviter
1323 2599 1568 2655 significato
