1612 2872
155 97 207 138 88
382 76 387 78 ’
631 93 1015 139 PLATOle.

88 218 125 261 C
253 212 352 253 ΑΘ.
426 213 478 253 Τι’
513 209 549 252 δ’
592 214 820 260 ἐπαινέτην
855 206 881 261 ἢ
917 216 1082 270 ψέκτην
1105 216 1331 264 κοινωνίας
1368 213 1480 292 ἡρτι-

155 278 326 326 νοςοῦν,
348 270 373 335 ᾖ
393 278 551 332 πέφυκέ
572 291 615 317 τε
643 274 791 330 ἄρχων
811 274 933 325 εἶναι,
968 277 1053 329 μετ’
1071 282 1255 323 ἐκείνου
1289 296 1335 322 τε
1371 280 1481 339 ὠφέ-

156 340 280 396 λιμός
313 346 447 382 ἐστιν·
483 338 506 382 ὁ
547 343 590 383 δὲ
610 340 717 395 μήτε
753 339 952 395 ἑωρακώς
985 343 1050 395 εἴη
1086 343 1174 386 ποτ’
1216 343 1369 399 ὀρθῶς
1402 347 1481 388 αὐ-

156 405 238 458 τὴν
273 404 383 464 αὐτῆ
418 409 717 449 κοινωνοῦσαν
750 404 836 460 μετ’
865 406 1178 462 ἅρχοντος,ἀεὶ
1207 414 1250 452 δὲ
1284 409 1481 467 ἄναρχον

156 470 182 523 ἢ
215 471 324 524 μετὰ
362 473 506 514 κακῶν
540 471 766 528 ἀρχόντων
791 473 1029 533 ξυνοῦσαν·
1066 475 1243 531 audace?
1283 475 1341 519 ἄν
1375 494 1480 521 ποτε

155 535 261 586 τοὺς
311 536 542 588 τοιούτους
593 537 796 594 θεωροὺς
844 541 931 581 τῶν
986 541 1198 584 τοιούτων
1247 545 1482 585 κοινωνιῶν

151 601 345 658 χρηστόν
378 619 420 645 τι
453 604 597 659 ψέξειν
632 602 657 657 ἢ
694 608 1025 656 ὲπαινέσεσθ·αι;

260 670 360 711 ΜΕ.
434 671 536 719 Πῶς
569 670 606 712 δ’
646 668 725 723 ἄν’,
743 673 957 722 μηδέποτέ
979 689 1023 726 γε
1046 672 1220 723 ἰδόντας
1241 677 1347 727 μηδὲ
1383 675 1479 728 §vy-

153 739 410 788 γενομένους
429 734 584 790 ὀρθῶς
600 741 812 790 γενομένῳ
839 740 990 791 μηδενὶ
1025 741 1112 782 τῶν
1148 741 1357 782 τοιούτων
1391 757 1479 782 κοι-

154 799 446 854 νωιί]μα’των;

243 895 281 930 C.
333 893 518 935 οιἰιι’μεθ’
558 894 608 928 ἅν
648 908 747 929 ποτε
787 897 912 940 τοὺς]
958 900 1135 932 Bekkerus
1171 905 1203 932 et
1227 899 1479 933 Schneiderus:

153 982 300 1024 οἰόμεθα
344 983 386 1027 δή
424 996 504 1017 nore
542 997 567 1017 ι.
596 1029 638 1062 δ

619 1043 637 1072 ²]

629 986 801 1019 Nimirum
835 988 912 1020 Par.
945 989 990 1020 A.

1333 942 1347 953 Ἂ

1326 957 1368 976 αν

1021 999 1109 1021 corr.
1141 988 1288 1030 οἰόμεθα
1319 989 1360 1032 δή
1390 1002 1480 1023 ποτε.

152 1075 235 1106 Vat.
264 1072 301 1106 Ω.
336 1071 477 1115 οιἰιι’μεθ’
508 1087 549 1107 αν
574 1087 664 1108 ποτε
696 1079 790 1118 Ang.
813 1088 844 1108 v.
878 1082 911 1109 et
941 1077 1019 1109 Vat.
1043 1088 1069 1109 r.
1101 1075 1143 1110 ἂν
1175 1077 1217 1121 δή
1249 1091 1339 1112 ποτε.
1373 1082 1477 1114 Voss.

157 1155 233 1186 Μία
266 1155 304 1186 id
346 1165 455 1196 genus
507 1157 787 1188 commemoravit

153 1197 197 1230 G.
223 1199 481 1240 Bernhardy
503 1200 785 1242 syntaxfiraec.

152 1254 186 1284 p.
218 1244 298 1278 338.
355 1246 475 1277 Paullo
519 1248 608 1278 alius
647 1248 785 1287 generis

154 1294 235 1320 sunt
264 1291 368 1322 haee·
408 1293 633 1332 Aristoph.
668 1292 784 1324 Nubb.

156 1335 325 1370 v-1104.·
352 1332 434 1367 ὦςιε
458 1333 530 1378 μηι’
558 1333 687 1377 αυχμόν
716 1337 784 1368 πιέ-

155 1381 223 1420 ζειν
269 1377 341 1422 μήτ’
385 1379 488 1422 ἄγαν
526 1381 783 1423 ἐπομβρίαι.

156 1425 266 1457 Plat.
298 1427 396 1467 Reip.
433 1428 534 1459 VIII.
563 1439 597 1469 p.
626 1427 707 1461 564.
742 1430 786 1459 A

158 1469 222 1502 ουκ
249 1471 298 1502 εἰς
319 1469 398 1503 ἄλλο
424 1484 451 1503 ιι
467 1469 489 1513 ἢ
504 1472 553 1504 εἰς
578 1471 680 1515 ἄγαν
705 1472 786 1504 δου-

156 1517 246 1548 λείαν
269 1515 492 1557 μεταβάλλειν.
515 1529 616 1559 quam
639 1520 786 1560 scriptu-

155 1572 228 1593 ram
254 1573 344 1594 nunc
366 1564 466 1594 unice
481 1574 595 1595 veram
613 1570 785 1605 putamus,

156 1607 333 1638 defensam
363 1608 458 1640 illam
489 1610 610 1648 etiam,
635 1610 697 1641 sed
726 1619 785 1649 pa-

153 1661 228 1684 rum
253 1653 395 1684 robuste
406 1653 596 1693 defensam,
614 1664 634 1685 a
651 1664 784 1694 nupero

154 1697 299 1729 editore.
339 1697 410 1729 Sed
433 1709 613 1739 perperam
639 1699 706 1730 hue
730 1709 783 1730 re-

154 1742 275 1774 tuleris
300 1742 407 1774 Plat.
434 1743 551 1784 Symp.
581 1755 614 1785 p.
640 1745 717 1778 212.
745 1744 783 1776 C.

155 1785 245 1818 πάνυ
259 1786 396 1827 σφόδρα
421 1787 612 1830 συμπότην·
638 1800 717 1821 nam
733 1791 783 1822 ibi

155 1831 244 1864 πάνυ
283 1831 422 1874 σφόδρα
458 1835 504 1866 ad
543 1839 784 1876 antegressum

154 1876 330 1931 μεθύοντα
354 1880 515 1919 pertinet.

200 1923 246 1955 C.
293 1917 315 1963 ᾗ
357 1924 521 1964 πέφυκέ
560 1934 597 1954 τε
641 1921 787 1966 ἄρχων

154 1963 272 2000 εἶναι
304 1969 367 2010 -]
409 1980 516 2010 quae
557 1979 680 2010 quum
720 1979 786 2001 na-

156 2019 253 2045 tura
278 2024 353 2046 sua
369 2016 682 2047 moderatorem
697 2015 785 2046 snbi

155 2060 325 2099 exigat,
364 2064 448 2092 tum
494 2061 617 2093 illius
655 2061 784 2091 ductu

156 2109 194 2134 et
221 2106 423 2146 auspicio
456 2106 620 2138 demum
653 2106 783 2136 utilis

154 2159 248 2180 esse
276 2154 426 2191 potest
456 2161 484 2183 s.
508 2155 585 2182 est.
613 2147 783 2189 Namust'

153 2192 286 2225 ἐκείνου
323 2206 356 2227 τε
399 2193 568 2235 ὠφέλιμός
609 2193 698 2227 ἐστιν
735 2197 785 2227 sie

152 2241 313 2280 ponitur,
345 2246 383 2271 ut
418 2252 460 2272 ex
499 2242 720 2283 praecedenti
762 2235 782 2281 ᾗ

152 2285 386 2317 nominativus
410 2288 658 2328 intelligendus
677 2287 783 2318 relin-

154 2334 298 2370 quatur.
331 2332 474 2370 perinde
510 2343 551 2364 ac
585 2334 614 2363 si
655 2333 782 2364 dictum

155 2376 220 2406 sit:
244 2375 300 2407 καὶ
325 2373 345 2416 ἢ
368 2373 433 2415 μετ’
457 2376 590 2408 ἐκείνου
614 2378 692 2415 (τοῦ
723 2374 782 2417 ἄρ-

153 2422 288 2460 χοντος)
327 2417 496 2461 ὠφέλιμός
541 2422 642 2454 ἐστιν.
690 2423 783 2454 conf.

153 2465 370 2498 Matthiae
395 2466 456 2498 Gr.
481 2469 512 2507 §-
537 2468 615 2502 474.
645 2468 677 2499 d.
702 2468 781 2499 coll.

153 2509 182 2550 §-
213 2510 246 2543 5.
277 2510 357 2544 428.
388 2512 421 2545 2.
474 2511 543 2544 Sed
577 2523 687 2554 genus
715 2513 782 2544 hoc

153 2556 320 2609 loquendi
342 2558 378 2588 in
398 2558 527 2611 ²vulgus
552 2564 683 2589 notum.

198 2596 218 2630 ὁ
243 2598 288 2632 δὲ
310 2598 406 2643 μήθ’
429 2601 627 2645 ἑωρακώς
646 2604 759 2643 εἴη-
765 2602 779 2643 ]

153 2644 249 2678 Haeo
261 2647 408 2688 turpiter
425 2653 589 2691 corrupta
609 2649 780 2681 videntur.

854 1156 980 1195 Locus,
1001 1158 1069 1188 nisi
1093 1157 1209 1197 fallor,
1233 1159 1325 1191 hune
1348 1160 1383 1191 in
1409 1171 1480 1192 mo-

854 1202 935 1233 dum
974 1203 1217 1243 corrigendus:
1255 1203 1298 1235 Τι’
1325 1201 1353 1235 δ’
1388 1203 1480 1236 ἐπαι-

853 1247 950 1288 νέτην
975 1265 1017 1271 -
1043 1245 1212 1287 ὠφέλιμός
1229 1247 1339 1286 &oum
1362 1247 1409 1280 ὃς
1433 1248 1480 1292 δή

852 1289 937 1333 μήθ’
961 1291 1121 1347 ἑωρακώς
1143 1295 1193 1336 εἴη
1225 1313 1267 1318 -
1297 1294 1481 1335 ξυνοῦσαν,

854 1334 995 1377 Οίωμὸθ
1018 1336 1059 1369 ἄν
1087 1350 1167 1370 πθῐδ
1196 1337 1278 1371 love
1302 1337 1483 1373 Ζοίθύῑῡυς

853 1383 892 1414 θ.
910 1381 1223 1423 -ἐπαιιέσεσθαις
1249 1385 1357 1423 Quid
1379 1397 1480 1418 vero

854 1429 1043 1461 dicamus
1076 1431 1122 1462 de
1155 1431 1384 1463 laudatore
1409 1437 1483 1463 aut

856 1475 1163 1515 vituperatore
1243 1477 1481 1509 societatis

854 1520 1167 1561 cuiuscunque,
1193 1532 1298 1562 quae
1332 1527 1374 1552 et
1399 1533 1480 1553 mo-

853 1565 1100 1596 deratorem
1151 1567 1233 1598 sibi
1280 1569 1482 1607 postulat

854 1614 894 1640 et
919 1611 1009 1641 eius
1043 1620 1119 1651 ope
1150 1613 1274 1643 utilis
1301 1613 1479 1644 evadit?

853 1654 1064 1686 Nimirum
1090 1657 1123 1687 si
1149 1658 1247 1696 quis
1273 1667 1357 1688 eam
1384 1667 1481 1689 nun·-

853 1710 972 1740 quam
1019 1701 1187 1732 viderit
1233 1707 1352 1733 recte
1394 1704 1478 1734 sibi

852 1746 1117 1777 sociatam
1148 1748 1479 1780 moderatoris

852 1799 999 1830 opera,
1035 1792 1108 1822 sed
1147 1802 1313 1833 semper
1342 1793 1479 1824 mode-

851 1839 1003 1867 ratore
1028 1842 1240 1868 carentem
1265 1843 1339 1869 aut
1361 1843 1479 1870 uten-

851 1884 933 1911 tem
957 1881 1082 1912 malis
1107 1883 1480 1924 moderatoribus,

852 1930 1110 1965 putamusne
1142 1928 1390 1960 istiusmodi
1422 1933 1481 1961 ta·

853 1971 957 2001 lium
1000 1973 1271 2005 societatum
1309 1979 1479 2013 speeta-

852 2020 970 2047 tores
1021 2022 1182 2048 rectum
1245 2019 1478 2059 quidquam

851 2062 1138 2101 vituperando
1154 2068 1228 2094 aut
1253 2064 1478 2095 laudando

851 2107 1111 2147 prolaturos
1144 2109 1260 2139 esse?
1311 2110 1358 2140 De
1389 2110 1420 2139 τί
1444 2108 1480 2139 δὲ

851 2161 926 2182 cum
940 2153 1136 2184 accusativo
1153 2154 1202 2184 sic
1225 2154 1377 2194 reliquae
1401 2165 1478 2185 sen-

851 2197 979 2228 tentiae
1002 2198 1194 2238 praemisso
1213 2210 1245 2230 v.
1262 2200 1306 2229 ad
1321 2198 1477 2241 Sophist.

850 2252 883 2282 p.
908 2241 984 2276 266.
1015 2242 1055 2274 C.
1092 2244 1238 2275 phaedr.
1270 2255 1304 2284 p.
1329 2244 1409 2278 265.
1436 2244 1474 2275 C.

850 2286 957 2327 Gorg.
992 2298 1024 2329 p.
1061 2288 1140 2322 474.
1189 2289 1324 2320 Deinde
1365 2288 1404 2321 ὃς
1437 2287 1479 2330 δὴ

849 2328 932 2373 μήθ’
963 2332 1122 2372 ἑωρακώς
1152 2335 1203 2375 εἴη
1228 2335 1372 2374 dicitur,
1396 2336 1479 2376 quia

851 2375 891 2408 ὃς
915 2375 955 2418 δὴ
979 2379 1070 2410 idem
1096 2384 1148 2411 est
1173 2381 1262 2420 quod
1289 2378 1321 2410 εἰ
1342 2378 1385 2420 δή
1409 2388 1476 2422 1183
1477 2398 1484 2401 κ

850 2424 893 2454 de
931 2433 1000 2463 quo
1039 2426 1308 2456 constructionis
1349 2434 1477 2465 genere

849 2479 881 2501 v.
912 2469 956 2500 ad
981 2468 1176 2501 Phaedrum
1211 2481 1244 2511 p.
1269 2469 1346 2503 276.
1379 2470 1416 2502 Β.
1443 2475 1476 2502 et

848 2514 892 2545 ad
928 2513 1064 2546 Phileb.
1102 2526 1135 2556 p.
1169 2516 1225 2549 60.
1259 2515 1298 2546 C.
1361 2516 1475 2556 Atque

847 2559 927 2595 hinc
950 2559 1099 2601 intelligi
1121 2561 1213 2597 licet,
1233 2561 1474 2600 eur‘deinceps

847 2604 1012 2644 seriptum
1048 2607 1109 2637 sit:
1151 2601 1291 2645 οι’ώμεθ’
1321 2602 1363 2636 ἅν
1395 2615 1475 2635 ποτε

846 2667 888 2673 -
913 2648 1026 2689 ψέξειν
1051 2647 1072 2692 ἢ
1096 2648 1352 2687 ἐπαινέσεσθαι,·
1382 2650 1474 2682 Con-
