1612 2872
233 79 313 119 292
716 77 1092 129 PLATONIS

329 195 430 235 ME.
472 190 604 234 Πάνυ
638 195 715 246 μὲν
752 186 844 234 οὖν.

329 259 426 301 ΑΘ.
467 256 639 299 Οὐκοῦν
667 273 739 299 και
771 255 821 300 τὸ
857 259 1041 313 βεβαίως
1075 258 1254 303 οιεσθαι
1289 261 1420 304 ταῦθ
1456 263 1561 317 ἕξειν

124 334 204 376 686
234 323 346 374 εὶκὸς
380 321 542 371 αὐτοὺς
573 325 644 365 καὶ
677 321 840 378 χρόνον
882 323 964 366 τιν’
1013 322 1072 366 ἂν
1104 324 1243 368 πολὺν
1277 333 1440 383 μένειν,
1483 327 1561 372 ἅτε

233 387 594 438 κεκοινωνηκότας
627 391 706 443 μὲν
737 391 909 432 πολλῶν
942 389 1090 432 πόνων
1134 396 1205 433 καὶ
1240 393 1448 436 κινδύνων
1482 394 1562 438 ἀλ-

233 456 403 509 λήλοις,
446 452 530 496 ὑπὸ
579 459 728 507 γένους
766 457 809 498 δὲ
845 454 942 506 ἐνὸς
984 458 1071 499 τῶν
1114 457 1324 510 βασιλέων
1360 459 1561 519 ἀδελφῶν

234 522 374 564 ὄντων
418 522 853 576 διακεκοσμημένους,
907 521 1016 578 πρὸς
1070 523 1241 573 τούτοις
1287 524 1327 567 δ’
1379 529 1442 568 ἔτι
1486 529 1558 569 καὶ

233 590 410 638 πολλοῖς
441 586 620 646 μάντεσι
653 593 934 642 κεχρημένους
968 587 1078 632 εἶναι
1105 597 1197 639 τοῖς
1233 606 1275 632 τε
1310 588 1459 641 ἄλλοις
1491 595 1562 636 καὶ

233 656 292 709 τῷ
329 655 522 711 Δελφικῷ
555 652 817 707 Ἀπόλλωνις

336 722 440 762 ΜΕ.
477 720 582 769 Πῶς
617 719 646 761 ὃ
689 719 768 762 οὐκ
803 719 937 775 εὶκόςς

335 787 433 830 ΛΘ.
478 785 633 827 Ίάῦτα
669 784 722 837 δὴ
759 783 812 828 τὰ
849 786 1016 842 μεγάλα
1053 785 1189 837 οὕτως
1223 787 1557 843 προςδοκώμενα

233 855 461 900 διέπτατο,
507 850 563 900 ὡς
610 857 739 902 ἔοικε,
774 849 871 894 τότε
912 851 1043 908 ταχύ,
1080 851 1215 904 πλήν,
1249 851 1353 908 ὅπερ
1387 853 1559 908 εἴπομεν

233 920 313 960 νῦν
349 918 422 970 δή,
459 920 640 972 σμικροῦ
682 921 838 971 μέρους
874 921 956 962 τοῦ
999 920 1094 972 περὶ
1138 917 1216 961 τὸν
1250 916 1455 972 ὑμέτερον
1489 918 1561 961 τό-
1611 947 1612 951 =

165 991 203 1031 B
233 999 338 1028 πον·
376 986 447 1026 καὶ
474 985 606 1026 τοῦτο
650 981 701 1035 δὴ
735 981 845 1037 πρὸς
889 982 942 1026 τὰ
989 984 1067 1026 δύο
1107 988 1213 1039 μέρη
1256 985 1474 1038 πολεμοῦν
1509 983 1559 1027 οὐ
1609 1024 1612 1025 ⁷

234 1050 405 1094 πώποτε
439 1055 654 1093 πέπαυται
699 1052 815 1105 μέχρι
858 1048 910 1092 τὰ
944 1051 1048 1092 νῦν·
1093 1053 1181 1092 ἐπεὶ
1215 1057 1420 1104 γενομένη
1453 1067 1498 1102 γε
1535 1048 1559 1102 ἡ
1597 1060 1612 1066 ’“

235 1158 366 1198 διανοίᾳ
393 1157 504 1197 ταύτῃ,
529 1158 618 1189 sicut
642 1156 742 1188 etiam
763 1157 907 1190 Bekker.
926 1157 1043 1190 Herm.
1069 1158 1217 1190 et'lurr.
1244 1156 1344 1191 Quod
1357 1158 1560 1200 recepimus,

234 1204 266 1235 id
303 1203 418 1235 Bauio
457 1207 546 1234 teste
577 1202 702 1243 liquido
735 1203 896 1244 scriptum
931 1208 1024 1235 extat
1056 1204 1086 1234 in
1119 1203 1196 1237 Par.
1232 1206 1271 1235 A.
1306 1213 1353 1245 pr.
1387 1206 1422 1234 et
1453 1213 1559 1246 marg.

232 1250 303 1282 Vnt
350 1245 386 1281 Ω
419 1247 545 1280 habent
569 1247 656 1280 idem
687 1246 778 1279 Flor.
805 1259 834 1279 a.
846 1247 874 1279 δ.
901 1249 1004 1280 Voss.
1030 1258 1063 1281 x.

325 1296 358 1324 Ρ.
377 1293 455 1327 686.
482 1297 519 1325 Α.
545 1291 998 1346 διακεκοσμημένους]
1024 1292 1310 1333 διακεκοσμῆσθαι
1343 1290 1380 1326 Ω.
1403 1292 1433 1324 ἱη
1456 1302 1561 1333 maro.

321 1339 362 1370 B.
395 1338 515 1380 μέχρι
548 1336 589 1370 τὰ
615 1338 708 1379 νῦν]
757 1339 815 1370 Sic
847 1342 890 1373 A.
922 1339 963 1370 B.
1001 1336 1038 1372 Ω.

1074 1337 1111 1371 Ξ.
1137 1338 1316 1377 (Bekkero
1347 1339 1468 1378 teste),
1493 1338 1561 1370 v.f.

235 1383 264 1415 h.
283 1395 309 1416 r.
327 1394 398 1416 a.c.
417 1383 445 1415 ὅ.
468 1395 498 1415 ο.
527 1387 561 1416 et
591 1383 668 1415 cod.
695 1383 839 1416 Vindob.
871 1395 924 1425 ap.
958 1384 1051 1415 Bant.
1090 1382 1196 1424 Epist.
1229 1384 1310 1416 Crit.
1343 1393 1375 1424 p.
1401 1383 1456 1418 38.
1491 1387 1562 1424 Ap-

234 1429 334 1471 pend.
361 1439 435 1461 cum
462 1430 535 1462 ΑΜ.
561 1428 658 1462 Basa.
687 1429 716 1462 1.
735 1429 766 1462 2.
795 1430 878 1462 Lov.
899 1430 1091 1470 Stephanus
1118 1429 1265 1461 correxit
1289 1428 1350 1459 τοῦ
1373 1429 1448 1469 νῦν,
1472 1429 1561 1470 quod

234 1476 349 1508 invitis
383 1474 483 1507 codd.
517 1474 645 1516 recepit
671 1474 860 1507 Bekkerus.
887 1475 1083 1507 Attentione
1107 1473 1243 1516 dignum
1270 1473 1359 1515 quod
1385 1478 1473 1507 teste
1499 1474 1563 1506 Ba-

236 1569 277 1597 et
302 1565 379 1597 tali
406 1564 500 1596 fere
526 1564 681 1596 mentis
702 1563 864 1604 cogita-

233 1611 350 1642 tione
380 1610 590 1651 impulsos
632 1609 731 1640 ilios
764 1612 864 1639 tunc

233 1665 330 1688 sese
355 1652 708 1696 comparavisse?
796 1646 812 1671 ⁰

280 1723 321 1754 P.
358 1721 434 1756 686.
485 1720 771 1763 κεχρημένους
808 1716 862 1752 εἶ-

237 1767 320 1808 ναι]
371 1767 552 1800 lnfinitivus
588 1776 648 1807 pro
687 1765 878 1807 participio>

235 1814 377 1845 infertur
402 1812 552 1853 perinde,
578 1821 620 1843 ac
642 1812 671 1842 si
685 1810 865 1843 antecede·

236 1863 288 1890 ret
312 1858 509 1898 νομίζοντας
539 1869 566 1889 s.
599 1854 778 1895 οἰομένους
813 1866 864 1887 κε-

236 1902 476 1944 κοινωνηκέναι
523 1902 586 1934 κτλ.
598 1926 607 1940 ,
651 1901 742 1942 qnod
782 1911 864 1934 sane

235 1949 325 1981 inest
347 1949 388 1981 ad
414 1958 548 1980 sensum
583 1948 615 1979 in
641 1944 697 1978 ἅτε
725 1946 864 1988 partici-

235 1995 292 2036 pio
331 1994 528 2047 praemisso.
596 1992 865 2024 Constructionis

236 2050 344 2081 genus
375 2031 619 2071 illustravimus
655 2036 699 2069 ad
730 2037 805 2070 libr.
841 2038 864 2071 Ι.

236 2097 268 2128 p.
293 2084 371 2120 626.
400 2085 439 2116 B.
465 2083 550 2126 Cap.
577 2083 615 2115 ΙΙ.
641 2089 726 2115 extr.

284 2150 680 2191 Β.πε’παυται·μέχρι
703 2147 747 2181 τὰ
769 2149 861 2191 νιῖν]

239 2197 480 2240 Stephanus
513 2198 575 2227 τοῦ
606 2195 668 2226 νῦν
701 2195 862 2234 correxit,

236 2249 370 2284 praeter
394 2243 492 2275 fidem
512 2242 675 2273 librorum·
702 2240 861 2272 omnium'.

238 2289 419 2320 Enimvero
444 2288 540 2319 sicuti
566 2285 656 2327 μέχρι
675 2287 751 2323 νῦν,
773 2289 863 2325 μέχρι

237 2331 320 2371 τότε,
346 2336 380 2364 et
397 2333 515 2364 similia
531 2332 698 2370 dicuntur,
725 2330 767 2362 de
789 2331 862 2370 qui-

238 2388 297 2411 cus
321 2379 487 2410 consulas>
503 2378 585 2409 licet
605 2375 863 2408 Lobeckium

235 2423 278 2457 ad
315 2421 493 2464 Phrynich.
531 2433 563 2463 p.
600 2421 644 2456 46
684 2431 778 2462 sqq.‚
818 2420 864 2452 ita

236 2470 338 2502 etiam
362 2467 453 2508 μέχρι
478 2477 534 2497 mu
538 2468 580 2497 ῦν
603 2477 630 2498 s.
651 2464 688 2497 τὰ
703 2467 766 2498 νῦν
781 2474 863 2496 con-

235 2525 370 2548 cessum
395 2513 456 2544 fuit
478 2521 539 2553 per
571 2513 730 2553 loquendi
754 2519 864 2550 usum,

234 2559 397 2601 siquidem
430 2555 502 2599 ἄχρι
532 2561 566 2589 et
598 2555 688 2598 μέχρι
720 2557 751 2587 in
784 2553 865 2587 taliss

234 2606 297 2638 bus
326 2607 441 2637 carent
472 2603 631 2635 rectione
666 2601 754 2634 conf.
785 2600 863 2632 Ba-

234 2650 308 2683 stii
346 2647 530 2692 Appendic.
571 2647 677 2689 Epist.
709 2647 782 2680 crit.
830 2656 861 2687 p.

932 1561 988 1595 38.
1018 1561 1073 1593 ed.
1101 1561 1193 1603 Lips.
1231 1561 1442 1602 Quamquam
1467 1562 1562 1593 Atti·-

932 1607 1038 1639 cistae
1073 1616 1170 1639 usum
1203 1607 1337 1638 articuli
1371 1607 1403 1637 in
1435 1607 1560 1638 talibus

932 1653 1070 1684 omnino
1125 1648 1279 1683 videritur
1337 1650 1559 1683 damnavisse.

933 1697 1105 1729 Antiattic.
1124 1697 1157 1728 in
1170 1696 1314 1728 Bekkeri
1331 1696 1464 1727 Anecd.
1480 1697 1558 1728 Vofl.

933 1742 958 1775 I.
989 1741 1045 1781 81,
1073 1742 1103 1774 1.
1126 1739 1238 1781 Ἄχρι
1263 1741 1338 1772 τοῦ
1363 1743 1448 1773 νῦνε
1476 1739 1563 1784 ’μετὰ

934 1785 1083 1828 ἄρθρου.
1117 1783 1288 1825 Τιμόθεος
1311 1782 1454 1828 'Andron
1504 1787 1560 1818 Ac

931 1832 1042 1864 fateor
1068 1832 1192 1871 iibere,
1220 1841 1274 1863 me
1298 1833 1422 1863 nunum
1447 1841 1562 1863 recor-

932 1877 1007 1910 dari*
1030 1878 1160 1916 iocum,
1195 1877 1251 1907 ubi
1282 1875 1364 1908 haec
1399 1877 1475 1918 ipsa
1509 1876 1561 1909 di·

932 1922 1030 1956 cendi
1055 1923 1143 1955 ratio
1168 1922 1370 1963 reperiatur.
1391 1919 1394 1921 ’

976 2012 1065 2044 ἐπεὶ
1099 2010 1304 2053 γενομένη
1339 2020 1387 2051 γε
1419 2006 1438 2051 ἡ
1470 2007 1562 2041 τότε

934 2057 989 2098 8.]
1015 2067 1102 2090 nam
1128 2062 1220 2088 orta
1245 2060 1344 2088 tunc
1371 2065 1487 2087 mens
1515 2059 1559 2087 et

933 2101 1164 2144 cogitatio,
1204 2101 1239 2131 si
1284 2101 1409 2134 etiam
1448 2100 1484 2131 in
1521 2110 1559 2132 u—

932 2157 1025 2180 num
1079 2146 1395 2188 conspirasset,
1454 2145 1559 2178 effe-

932 2193 1070 2225 cisset
1093 2201 1191 2223 sune
1211 2192 1459 2231 potentiam
1477 2191 1559 2222 bel-

932 2240 970 2270 Ιο
995 2238 1121 2278 plane
1145 2237 1359 2268 invictam.
1385 2235 1443 2267 Sic
1475 2236 1559 2268 haec

930 2281 1168 2324 intelligenda,
1199 2290 1286 2321 quae
1313 2290 1378 2312 non
1403 2281 1560 2312 videntur

930 2333 1025 2361 recte
1069 2327 1298 2373 percepisse,
1332 2325 1389 2366 qui
1433 2324 1481 2356 εἰς
1522 2325 1559 2356 ἕν

932 2374 1032 2406 etiam
1058 2371 1100 2403 nd
1127 2371 1287 2413 γενομένη
1313 2371 1480 2412 pertinere
1504 2381 1556 2402 ar-

932 2417 1044 2451 bitrati
1070 2415 1466 2449 sunt.Sentent1ahaec
1483 2420 1558 2450 est:

932 2464 959 2496 si
993 2462 1136 2494 Doricae·
1167 2461 1243 2494 iliae
1279 2461 1436 2493 civitates
1467 2470 1558 2493 man-

933 2509 1058 2541 sissent
1071 2507 1258 2539 concordes
1274 2510 1308 2538 et
1320 2506 1459 2546 originis
1475 2515 1556 2538 sune

930 2554 1014 2587 bene
1046 2562 1234 2592 memores,
1274 2552 1393 2595 opibus
1428 2551 1559 2583 bellicis

905 2623 911 2632 .
932 2603 1067 2632 ceteras
1093 2607 1212 2631 omnes
1240 2592 1387 2630 fuissent
1412 2605 1555 2638 superu-

932 2650 1040 2678 turae.
