1612 2872
208 113 290 156 DF:
323 109 598 156 LEGIBUS
631 108 748 152 LIB.
786 107 867 150 111.
907 107 952 148 P.

986 106 1081 147 692.
1114 103 1179 148 St.
1300 102 1382 143 317

35 233 210 292 ἐφόρων
246 230 457 287 δύναμιν,
502 227 629 286 ἐγγὺς
666 230 746 281 τῆς
779 226 1004 283 κληρωτῆς
1033 221 1216 280 ἀγαγών
1251 221 1386 265 δυνά-

36 317 162 356 μεως.
206 303 281 344 καὶ
325 296 442 343 κατὰ
488 295 541 351 δὴ
587 297 753 341 τοῦτον
799 293 880 337 τὸν
925 292 1061 347 λόγον
1105 289 1133 345 ἡ
1184 291 1386 347 βασιλεία

42 477 84 511 Β.
116 475 154 510 Ω.
183 477 222 511 Ξ.

42 613 98 635 sas
123 606 159 636 et
183 602 337 635 rationes
355 602 467 643 legum
493 601 536 634 ab
563 610 604 633 eo
630 600 680 631 la-

42 655 154 682 tarum
188 649 388 690 diligentius
421 646 682 690 perpenderint.

43 696 112 729 lam
147 704 230 727 vero
262 694 347 726 haec
386 693 414 726 si
462 692 686 735 probabiliter

42 741 213 783 disputata
240 743 339 780 sunt,
373 740 448 781 quis
476 739 686 782 significetur

44 788 156 820 verbis
197 783 215 818 ὁ
242 786 353 828 τρίτος
378 783 509 828 σωτήρ,
542 785 685 816 dubium

45 843 124 867 esse
168 833 224 865 vix
274 837 403 874 potest.
475 831 688 872 Intelligitur

45 880 134 913 enim
172 877 444 921 Theopompus,
481 879 539 919 qui
571 877 686 918 lepide

46 924 253 968 proverbiali
275 925 340 956 hac
359 925 509 956 dictione
528 923 686 965 designa-

46 977 111 1004 tur.
166 971 390 1004 Proverbium
426 968 463 1002 ιό
496 971 609 1012 τρίτον
644 969 689 1011 τῷ

49 1017 175 1059 σωτῆρι
207 1017 451 1050 illustravimus
481 1017 524 1048 ad
555 1015 686 1049 Phileb.

50 1075 82 1107 p.
110 1064 166 1098 66.
195 1062 234 1094 Ι).
263 1062 363 1104 Reip.
391 1062 449 1096 lx.
474 1073 506 1105 p.
533 1062 612 1097 583.
640 1062 686 1094 A.

48 1109 138 1143 cons.
153 1109 253 1141 etiam
277 1108 304 1140 Η
318 1108 502 1142 eindorf.
519 1108 562 1142 ad
581 1107 688 1141 Char·

49 1155 132 1189 mid.
158 1166 190 1198 p.
217 1154 295 1188 167.
322 1154 362 1188 B.

98 1202 162 1234 ἔτι
211 1203 468 1243 σπαργῶσαν
505 1199 573 1231 καὶ
621 1202 692 1229 θιν-

48 1249 273 1292 μουμένην
293 1247 350 1290 -]
382 1247 479 1279 Haec
503 1245 694 1289 respiciens

50 1292 320 1328 Plutarchus
364 1293 430 1325 Vit.
474 1293 622 1337 lycurg.
661 1302 693 1334 p.

50 1340 108 1376 43.
135 1339 185 1374 E:
219 1337 314 1371 ουτω
344 1338 384 1371 τὸ
412 1339 602 1382 πολίτῃ-μα
627 1340 694 1369 τοῦ

51 1383 338 1441 Λυκούργουμίὲ
341 1397 456 1426 mutae,
472 1397 568 1428 ομως
584 1384 692 1428 ἄκρα-

51 1444 112 1465 τον
134 1433 186 1464 ἔτι
210 1429 273 1472 τὴν
296 1427 496 1474 ὅλιγαρχίαν
519 1431 577 1462 καὶ
600 1431 695 1471 ἰσχυ-

52 1477 116 1522 ρὰν
139 1478 174 1509 οἱ
191 1475 270 1520 μετ’
297 1476 409 1509 αὐτὸν
423 1477 570 1518 ὁρῶντες
587 1488 695 1518 σπαρ-

52 1527 167 1580 yn‘iooe‘v
197 1522 255 1554 καὶ
289 1526 531 1572 θυμουμένην
560 1522 606 1559 ω’ς
629 1534 695 1564 φη-

54 1581 108 1602 σιν
131 1568 149 1601 ὁ
178 1567 342 1610 Πλάτων,
375 1573 450 1602 οἷον
480 1568 612 1611 ψάλιον
635 1570 694 1611 ἐμ-

54 1614 238 1658 βάλλουσιν
269 1613 313 1647 αι’
317 1617 357 1656 τῇ
381 1618 448 1647 τῶν
473 1613 610 1657 ἐφόρων
634 1612 695 1646 δυ’-

54 1674 180 1703 ναμιν,
208 1661 300 1692 ἔτεσί
329 1672 397 1693 που
420 1658 505 1704 μέλι
495 1673 574 1692 mm
599 1658 695 1702 τριά-

54 1718 159 1739 κοντα
183 1707 241 1738 καὶ
264 1705 387 1739 ἑκατὸν
417 1705 504 1751 μετὰ
533 1707 696 1751 Λυκοῦρ-

55 1764 136 1796 you,
177 1755 314 1796 πρῶτον
351 1755 418 1784 τῶν
450 1752 529 1796 περὶ
553 1751 698 1785 ’Ἐλαῖον

56 1797 191 1841 ἐφόρων
214 1801 505 1832 κατασταθέντων
529 1798 586 1830 ini
609 1798 698 1831 Θεο-

57 1842 203 1886 πόμπου
226 1842 481 1886 βασιλεύοντος.
519 1843 620 1877 Idem
646 1844 700 1876 di-

59 1890 184 1923 ctionis
209 1889 416 1930 elegantiam
443 1891 616 1932 expressit
629 1890 700 1922 Vit.

60 1935 156 1968 Fabii
183 1946 215 1978 p.
240 1935 317 1992 1¹90.
345 1935 390 1968 C:
427 1937 541 1967 καίτοι
572 1935 702 1971 δόξειεν

59 1980 103 2014 ἂν
125 1992 192 2023 ουχ
222 1979 314 2013 οὕτω
338 1980 490 2023 χαλεπὸν
518 1992 547 2013 ει·
552 1993 610 2013 ναι
635 1979 701 2014 πό-

61 2028 114 2059 λιν
159 2029 192 2059 ἐν
231 2030 423 2070 συμφοραῖς
464 2039 599 2070 μεταχε
593 2028 701 2070 ρίσα-

61 2077 150 2106 σθαι
175 2071 340 2113 ταπεινὴν
365 2086 423 2105 και
445 2076 511 2105 τοῦ
532 2076 702 2117 φρονοῦν-

60 2131 122 2156 ἵθς
147 2131 195 2151 vn
241 2131 390 2161 ανανκης
414 2131 584 2161 xoetryuoov
607 2131 700 2163 7370·

62 2169 179 2209 μένην,
202 2163 245 2203 ὥς
269 2164 315 2197 δι’
341 2164 506 2206 εὗτιχίαν
529 2167 702 2208 ἐπηρμέιῳ

64 2211 122 2243 καὶ
173 2214 379 2253 σπαργῶντα
424 2209 522 2254 δήμῳ
559 2211 703 2253 χαλινὸν

65 2255 225 2299 ἐμβαλεῖν
244 2256 374 2299 υβρεως
390 2270 445 2290 και
461 2257 702 2300 θρασύτητος.

67 2302 221 2335 Contulit
271 2309 450 2345 praeterea
498 2304 530 2337 R
539 2315 557 2337 ιι
569 2304 588 2337 h
597 2315 616 2337 n
629 2306 648 2338 k
660 2315 702 2337 e-

67 2349 159 2381 nins
193 2347 234 2380 ad
261 2348 349 2383 Tim.
376 2361 408 2392 p.
434 2350 514 2385 234.
551 2352 607 2393 qui
639 2361 704 2384 nec

67 2396 226 2427 locorum
270 2395 445 2429 Plutarchi
480 2397 546 2430 fnit
582 2398 705 2430 imme-

68 2450 165 2480 mor,
198 2445 349 2474 veterem
384 2445 522 2484 poetam
556 2454 610 2486 ap.
638 2444 703 2476 Ci-

69 2496 149 2520 cer.
190 2486 234 2519 de
269 2486 366 2520 Orat.
395 2489 467 2521 111.
495 2488 561 2524 41:
610 2499 703 2529 nam

70 2533 339 2566 exultantem
388 2538 429 2568 te
466 2539 509 2568 et
547 2537 705 2578 praefi-

70 2578 244 2611 dentem
272 2579 352 2611 tibi
375 2581 615 2623 repriment
638 2593 705 2615 va·

70 2624 191 2658 lidae
223 2625 368 2666 legum
401 2626 612 2669 habenae,
644 2633 704 2661 at-

69 2680 152 2712 que
184 2671 365 2713 imperii
406 2673 616 2708 insistent
647 2675 706 2707 iu-

70 2726 133 2759 go.
180 2717 287 2750 Usum
314 2719 409 2752 verbi
434 2722 610 2763 σπαργιῖν,
637 2730 705 2763 quo

249 486 279 509 v.
311 475 341 508 h.
370 486 398 508 r.
423 485 454 507 a.
481 472 511 506 δ.
538 477 574 507 et
598 475 742 504 accentu
769 470 900 502 variato
926 470 1050 510 ψαλιόν
1074 468 1152 501 Par.
1181 471 1219 502 Α.

752 595 877 629 dicitur
901 594 946 628 de
971 596 1199 629 aestuanti
1225 595 1391 638 cupidi·

753 647 845 675 tate
886 641 1225 684 vehementique
1261 643 1392 675 alicu-

753 690 824 722 ius
855 689 920 720 rei
953 687 1215 730 cupiditate,
1249 691 1394 731 elegan-

754 740 809 767 ter
847 735 1033 767 illustravit
1083 733 1306 767 Ruhnken.
1350 734 1394 768 ad

754 780 847 814 Tim.
874 792 905 823 p.
930 780 998 815 234
1022 790 1073 822 sq.
1108 779 1316 813 Baehrius
1351 781 1395 814 ad

757 826 931 860 Plutarch.
969 827 1111 859 Flamin.
1137 838 1167 869 p.
1194 827 1272 863 125.
1303 832 1339 860 et
1364 829 1395 860 in

755 873 920 906 Creuzeri
965 873 1098 907 Melett.
1131 874 1232 906 Critt.
1263 874 1332 906 111.
1365 885 1397 917 p.

757 920 800 954 19
826 930 900 962 sqq.
951 920 1001 952 De
1036 929 1113 952 voc.
1147 918 1294 962 ψάλιον,
1328 930 1397 962 quo

757 967 992 1008 significantur
1039 967 1179 1008 proprie
1225 977 1276 1010 an
1293 977 1312 999 ιι
1325 977 1346 998 ιι
1362 968 1371 1000 l
1388 967 1397 999 i

759 1012 901 1045 ferrei
935 1012 1175 1052 frenorum,
1207 1023 1247 1045 ac
1273 1012 1398 1047 deinde

757 1059 898 1091 omnino
946 1058 1096 1100 frena,
1143 1069 1246 1102 quum
1294 1059 1400 1102 ψέλια

761 1107 829 1137 sint
877 1116 895 1137 a
911 1115 926 1137 r
940 1115 970 1137 m
992 1106 999 1137 i
1018 1106 1025 1138 Ι
1042 1107 1050 1138 Ι
1065 1116 1083 1137 a
1102 1116 1139 1146 e,
1182 1106 1400 1148 disputarunt

761 1151 891 1184 Henr.
944 1151 1141 1184 Valesius
1200 1151 1397 1185 Emendatt.

763 1197 843 1230 L.l.
865 1208 893 1232 c.
910 1197 964 1231 10.
983 1209 1015 1239 p.
1032 1198 1088 1232 60.
1113 1198 1398 1241 Oudendorp.

761 1244 803 1277 ad
830 1243 954 1276 Thom.
973 1243 1065 1287 Mag.
1092 1254 1119 1276 s.
1146 1255 1177 1276 v.
1206 1245 1400 1278 Pierson.

761 1289 803 1324 ad
848 1291 958 1323 Moer.
992 1301 1024 1333 p.
1055 1290 1134 1326 420.
1161 1301 1207 1322 Ξ
1233 1291 1311 1326 309.
1345 1291 1400 1325 ed.

763 1336 859 1378 Lips.
909 1336 1101 1370 Dictionem
1132 1334 1314 1379 ἐμβάλλειν
1338 1341 1401 1381 ipe*-

761 1383 835 1414 λιον
860 1393 888 1415 s.
912 1381 1057 1422 χαλινόν
1081 1384 1178 1416 multi
1202 1384 1403 1426 frequenta-

762 1432 852 1463 runt.
900 1428 1013 1462 Etiam
1041 1429 1203 1462 Cicero
1230 1430 1282 1464 De
1309 1431 1401 1474 Rep.

762 1475 812 1507 11.
837 1475 892 1510 33.
927 1485 959 1517 p.
983 1475 1062 1509 309.
1090 1475 1145 1508 ed.
1169 1476 1327 1512 Moser.:‘
1348 1480 1404 1510 Ac

765 1531 811 1554 ne
840 1521 1035 1564 Lycurgi
1069 1523 1236 1564 quidem
1272 1524 1402 1557 disci-

764 1568 872 1610 plina
898 1569 1048 1601 tenuit
1073 1569 1176 1602 illos
1202 1570 1242 1602 in
1270 1568 1401 1603 homi·

764 1614 891 1647 nibus
918 1614 1109 1648 Graecis
1133 1616 1297 1649 frenos.

810 1703 939 1748 ἔγγὺς
967 1708 1043 1747 τῆς
1076 1707 1297 1751 κληρωτῆς
1334 1721 1400 1752 ay.

765 1750 1024 1795 δυνάμεως.]
1068 1752 1298 1794 lut.m’1›7'v,
1342 1765 1408 1788 usu

767 1797 840 1830 fere
864 1799 1036 1832 constanti
1061 1806 1097 1833 et
1122 1800 1290 1842 legitimo,
1320 1801 1409 1835 Mire

767 1854 851 1876 vero
882 1844 1031 1879 dictum:
1073 1845 1136 1886 τὴν
1174 1850 1240 1878 τῶν
1272 1846 1410 1889 ἐφόρων

767 1887 917 1932 δύναμιν
975 1890 1075 1932 ἔγγῦς
1121 1894 1184 1933 τῆς
1234 1893 1411 1935 κληρωτῆς

771 1934 879 1978 ἤγαγε
910 1934 1102 1980 δυνάμεως,
1146 1936 1415 1980 ephororum·

770 1985 1035 2024 potestatem
1093 1993 1231 2026 prope
1278 1983 1409 2018 addu-

769 2027 830 2060 xit
883 2026 934 2059 ad
984 2032 1256 2070 potestatem
1306 2041 1410 2074 eam,

770 2066 877 2115 quae
927 2075 1170 2108 sortitione
1214 2077 1411 2120 obtinge-

770 2123 846 2151 ret.
885 2118 1048 2154 Nimirum
1074 2122 1224 2163 pertinet
1241 2121 1306 2155 hoc
1332 2134 1412 2167 pro-

770 2165 824 2198 cul
855 2164 960 2199 dubio
993 2177 1056 2208 eo,
1089 2168 1181 2210 quod
1213 2168 1330 2211 ephori
1367 2180 1411 2204 ex

770 2212 863 2245 omni
895 2221 1038 2245 numero
1072 2214 1194 2247 civium
1234 2215 1410 2258 eligeban-

771 2262 845 2301 tur,
889 2262 926 2291 ut
964 2269 1082 2292 eorum
1127 2270 1250 2294 munus
1286 2262 1410 2317 cuique

771 2308 894 2346 posset
918 2305 989 2337 obti
1015 2316 1109 2348 g.ere
1157 2306 1235 2340 Non
1259 2309 1346 2342 enim
1364 2309 1411 2342 illi

771 2355 972 2393 perpetuam
1021 2352 1170 2386 abebant
1184 2359 1410 2397 potestatem,

771 2401 810 2429 ut
834 2407 933 2439 reges
958 2407 999 2430 ac
1021 2403 1211 2440 senatores,
1238 2402 1300 2434 sed
1325 2412 1412 2445 quo·

771 2443 885 2476 tannis
918 2454 938 2476 a
969 2447 1099 2487 populo
1123 2447 1350 2489 creabantur,
1376 2451 1413 2481 et

768 2489 907 2531 quidem
955 2490 1057 2524 etiam
1102 2501 1145 2525 ex
1183 2495 1412 2528 tenuissimae

771 2536 933 2569 fortunae
947 2535 1154 2571 hominibus.
1170 2551 1202 2573 v.
1221 2544 1246 2573 A
1259 2541 1292 2573 ri
1303 2551 1319 2572 s
1332 2545 1410 2573 tot.

774 2582 878 2615 Ponit.
911 2583 951 2617 11.
981 2583 1024 2623 3,
1052 2584 1106 2618 10.
1135 2585 1175 2626 6,
1210 2586 1349 2622 14.15.
1376 2586 1411 2628 8,

773 2628 806 2663 2.
833 2628 890 2662 lv.
917 2629 954 2668 7,
978 2629 1013 2665 4
1038 2634 1074 2663 et
1099 2630 1327 2666 Hermann.
1356 2633 1414 2665 De

774 2674 971 2718 homoeisp
976 2676 1056 2711 .15.
1094 2677 1219 2720 Itaque
1245 2680 1342 2712 locus
1359 2678 1411 2711 ni-

774 2719 816 2755 hil
841 2719 943 2756 habet
961 2723 1176 2766 offensionis,
1201 2733 1411 2767 quamquam
