1612 2872
251 99 327 139 142
422 94 873 138 ARGUMENTUM
903 93 1071 135 LIBRI
1103 92 1389 137 SECUNDI.

249 216 316 251 est
347 222 421 249 eos
452 221 559 259 esse,
590 206 661 260 qui
692 205 824 247 sobrii
853 211 896 245 et
926 204 1059 258 quieti
1088 205 1399 261 permanserint
1417 205 1574 260 quique

249 263 559 318 sexagesimum
599 260 750 301 aetatis
790 275 946 301 annum
976 260 1284 316 superaverint.
1343 260 1474 314 Quod
1503 262 1575 304 ubi

247 321 320 361 ita·
348 318 476 359 fuerit
512 316 782 369 institutum,
824 318 1164 370 compotationes
1206 316 1415 358 eiusmodi
1444 318 1575 359 maxi-

249 389 358 417 mam
389 373 609 413 habebunt
638 371 877 412 utilitatem.
939 371 1243 414 Conciliabunt
1273 373 1385 413 enim
1414 374 1576 415 animos

250 429 524 472 convivarum
555 426 608 468 ad
651 427 991 468 benevolentiam
1022 435 1064 470 et
1093 442 1297 477 amorem3
1344 427 1578 470 dissolvent

249 483 495 526 inimicitias
538 498 587 523 ac
617 483 877 533 simultate33
915 499 1168 539 generosum
1201 483 1406 538 pudorem
1436 490 1478 524 et
1506 499 1577 525 ve-

249 538 497 582 recundiam
527 539 761 580 firmabunt
791 545 834 580 et
856 541 1217 590 corroborabunt3
1249 538 1434 592 denique
1452 540 1577 581 etiam

250 595 444 651 corporis
474 594 760 635 valetudinem
790 601 919 649 atque
952 597 1079 637 robur
1107 595 1383 650 adaugebunt
1401 596 1462 650 (p.
1485 597 1579 638 670.

250 652 301 694 Ε.
340 674 394 681 —-
431 652 524 691 672.
567 650 665 705 D.).
707 675 760 680 -
827 653 974 705 Atque
1020 651 1127 693 haec
1166 650 1336 704 quidem
1377 666 1489 692 nunc
1527 651 1579 693 de

250 707 449 763 rhythmo
489 712 532 747 et
557 706 780 747 harmonia
809 707 876 760 '¹‘);
916 708 1134 762 pergimus
1171 707 1225 747 ad
1264 707 1440 747 alteram
1480 707 1580 749 cho-

251 778 348 805 reae
388 768 577 817 partem,
620 777 730 815 quae
769 763 960 804 cernitur
999 765 1042 803 in
1084 768 1202 804 motu
1253 762 1444 816 corporis
1491 763 1580 804 sive

208 870 210 872 ‚
252 819 502 868 saltatione3
543 832 800 871 quamquam
830 818 937 860 haec
966 820 1060 874 ipsa
1091 833 1261 873 quoque
1292 818 1456 858 numeri
1485 833 1583 873 par-

249 877 388 930 ticeps
433 880 510 914 est.
577 873 950 925 Quemadmodum
989 890 1089 916 vero
1133 874 1244 915 illius
1284 873 1494 929 (rhythmi
1541 880 1583 915 et

250 929 516 983 harmoniae)
558 929 828 982 exercitatio,
870 930 906 971 si
943 931 1056 971 valet
1094 929 1149 970 ad
1187 930 1389 970 virtutem
1438 929 1581 982 animi,

248 986 413 1028 musica
442 985 693 1040 appellatur,
725 985 785 1025 ita
812 985 1070 1027 artificiosus
1102 986 1293 1039 corporis
1323 991 1479 1038 motus,
1510 986 1585 1027 ubi

252 1041 458 1084 conducit
497 1040 550 1080 ad
590 1041 780 1095 corporis
819 1041 905 1082 vim
947 1042 1234 1095 virtutemque
1272 1040 1512 1096 augendam
1543 1047 1586 1082 et

252 1096 607 1149 confirmandam,
651 1097 808 1137 dicitur
837 1099 1116 1152 gymnastica.
1176 1097 1244 1137 Ex
1282 1108 1369 1150 quo
1403 1097 1585 1152 intelligi

252 1154 403 1205 debet,
442 1152 554 1194 hanc
593 1158 636 1193 et
663 1153 800 1207 ipsam
831 1153 1037 1207 peculiari
1067 1153 1357 1207 disputatione
1386 1152 1585 1207 dignissi-

250 1225 361 1252 mam
402 1223 509 1250 esse.
576 1208 658 1250 Est
694 1223 795 1253 veto
834 1209 955 1264 origo
1004 1209 1244 1250 saltationis
1285 1207 1523 1263 repetenda
1562 1223 1588 1249 a

250 1265 435 1307 naturali
465 1264 672 1318 cuiusque
701 1264 928 1306 animantis
953 1265 1190 1319 cupiditate
1214 1270 1256 1305 et
1276 1262 1586 1310 consuetudine

253 1320 457 1372 saliendi⁷
499 1319 553 1360 ad
594 1334 720 1374 quam
749 1320 793 1360 in
822 1320 1008 1362 hominis
1038 1327 1192 1361 natura
1221 1320 1406 1361 accessit
1435 1333 1586 1361 sensus

251 1377 416 1419 numeri
447 1375 652 1417 divinitus
683 1375 838 1429 cuique
867 1375 1154 1430 ingeneratus.
1215 1375 1301 1417 Sed
1332 1375 1384 1416 de
1438 1390 1586 1430 ymna-

255 1433 364 1475 stica
385 1431 534 1474 ordine
559 1432 762 1486 deinceps
796 1430 939 1485 [imo:
971 1435 1076 1473 alio
1107 1435 1213 1472 loco
1237 1431 1387 1486 **)]—
1437 1432 1585 1472 icetur.

253 1489 384 1531 Nunc
435 1487 488 1528 de
538 1487 628 1528 vini
665 1502 748 1528 usu
786 1493 827 1527 et
861 1487 1251 1543 compotationibus
1300 1502 1350 1528 ea
1391 1486 1588 1527 addenda

254 1550 381 1597 sunt,
430 1558 539 1597 quae
586 1549 632 1584 ut
666 1541 879 1583 addantur
913 1558 984 1585 -res
1021 1543 1117 1597 ipsa
1165 1543 1367 1597 postulat.
1433 1542 1587 1596 Itaque

255 1599 572 1655 compotatione
612 1614 698 1639 non
736 1598 952 1638 utendum.
971 1604 1036 1640 est
1062 1604 1110 1639 ut
1138 1613 1182 1644 re
1211 1598 1398 1651 ludicra,
1438 1597 1514 1639 sed
1541 1603 1590 1638 ut

253 1654 560 1710 temperantiae
601 1660 645 1694 et
679 1652 984 1694 moderationis
1029 1653 1249 1696 adiutrice.
1316 1652 1429 1693 Nam
1466 1653 1588 1694 volu-

252 1712 384 1767 ptatis
415 1725 464 1751 ac
492 1708 696 1750 lubidinis
729 1723 882 1751 caussa
917 1710 1007 1750 vini
1045 1710 1212 1765 potatio
1249 1709 1284 1750 si
1324 1709 1587 1762 instituatur,

253 1773 346 1864 {na
373 1764 843 1875 pogzfflsjinterdioenda
871 1765 1055 1820 publicis
1075 1765 1243 1820 legibus
1263 1764 1391 1805 fuerit
1411 1765 1472 1819 (p.
1493 1765 1587 1808 672.

323 1978 363 2020 ᾖε)
389 1977 616 2010 Continuatur
651 1983 685 2010 et
716 1979 919 2019 profligatur
952 1979 1142 2021 disputatio
1173 1978 1215 2010 de
1244 1977 1372 2009 musica
1399 1978 1491 2013 Libr.
1519 1979 1589 2010 VH.

392 2033 425 2064 Ρ.
453 2022 528 2056 796.
556 2023 582 2054 D
610 2033 683 2064 sqq.
711 2035 742 2065 p.
768 2024 847 2058 809.
875 2024 901 2055 Β
928 2035 1001 2065 sqq.
1035 2034 1142 2064 usque
1173 2022 1213 2055 ad
1245 2023 1317 2054 libri
1351 2023 1498 2061 exitum,
1531 2024 1589 2055 ubi

386 2071 778 2154 {gt-ffsserissemorantur,
804 2079 889 2111 quae
914 2069 955 2101 ad
983 2070 1145 2101 musicam
1172 2068 1292 2100 latiore
1323 2077 1428 2099 sensu
1461 2068 1588 2101 dictam

303 2157 359 2199 ⁴⁰²)
385 2157 441 2189 Fit
473 2159 561 2190 enim
598 2159 693 2190 Libr.
728 2159 797 2192 Vll.
822 2158 961 2203 {demum
988 2170 1019 2201 p.
1046 2157 1123 2193 794.
1149 2158 1187 2189 C.
1216 2174 1251 2179 ——
1282 2157 1358 2191 796.
1385 2156 1426 2189 D.
1453 2161 1487 2190 et
1510 2156 1587 2192 804.

395 2202 435 2234 C.
457 2213 530 2244 sqq.
559 2214 591 2246 p.
617 2203 696 2238 813.
723 2204 762 2236 Β.
790 2215 863 2246 sqq.
