1612 2872
238 94 318 134 398

709 92 847 132 PLA
866 91 1084 134 '1¹0le

221 220 292 249 ’τα
333 206 385 249 τοὶ
423 204 692 259 ἀνθρώπινα
731 205 981 260 πράγματα.
1017 204 1065 248 τὸ
1104 207 1133 247 ὸ’
1166 210 1253 248 ἔστι
1281 210 1377 259 περί
1402 223 1445 250 τε
1468 223 1571 248 ναυ-

240 276 381 315 τιλίαν
417 274 488 314 καὶ
523 268 834 324 κυβερνητικὴν
885 273 956 313 καὶ
1000 270 1200 326 ἰατρικὴν
1235 274 1304 314 καὶ
1342 287 1572 326 στρατηγι-

240 339 336 389 κήν,
384 337 530 378 πάντα
575 335 719 385 ταῦτ’,
767 335 946 379 εἰπόντα
991 339 1132 379 δοκεῖν
1167 331 1211 379 εὖ
1247 339 1401 388 λέγειν·
1457 337 1569 379 ἀλλὰ

239 402 320 457 γὰρ
356 400 515 455 ὁμοίως
560 395 615 444 αὖ
666 406 736 444 καὶ
774 402 870 445 τόδε
904 406 994 444 ἔστι
1030 405 1207 455 λέγοντα
1255 396 1300 444 εὖ
1347 405 1481 456 λέγειν
1528 410 1574 445 ἐν

242 476 331 517 τοῖς
364 466 519 516 αὐτοῖς
555 466 742 516 τούτοις.

341 533 442 575 ΚΛ.
484 531 543 576 Τὸ
582 543 735 584 noim),-

286 661 355 697 Ὡς
395 661 507 699 θεὰς
547 663 620 702 μὲν
660 660 801 692 πάντα
841 679 879 683 -

245 705 492 747 ξύμπαντα]
542 707 581 738 In
618 705 666 738 liis
705 715 770 737 non
810 706 881 736 sine

244 762 369 784 caussa
395 758 473 793 post
497 750 610 782 πάντα
640 751 753 782 denuo
778 750 879 782 inser-

246 802 300 829 tur
332 795 517 836 ξύμπαντα.
577 796 712 838 Quippe
749 796 879 827 factum

245 843 312 874 hoc
334 845 388 873 est
403 841 494 879 ideo,
520 841 597 882 quia
624 842 768 882 primum
789 842 881 872 solus

246 887 344 927 deus,
360 886 482 918 deinde
501 896 582 917 vero
602 887 703 917 etiam
721 895 789 917 una
804 894 878 916 cum

247 932 313 964 deo
352 932 486 964 fortuna
527 935 562 963 et
594 936 786 972 temporum
820 940 880 971 op-

247 977 440 1019 portunitas
466 980 767 1009 commemoratur.
813 975 879 1007 Do-

248 1027 345 1054 cetnr
371 1031 452 1053 vero
478 1021 530 1053 hic
556 1022 745 1064 luculente,
779 1019 879 1052 deum

247 1067 384 1108 quidem
411 1067 522 1098 omnin
557 1071 591 1098 et
622 1075 686 1098 una
712 1076 787 1098 cum
814 1064 881 1096 deo

247 1122 362 1144 casum
396 1117 431 1143 et
462 1112 630 1144 fortunam
669 1115 789 1143 cuncta
820 1108 879 1141 liu-

218 1183 224 1188 ,
247 1167 344 1190 mana
370 1166 490 1197 regere
519 1161 553 1188 et
576 1157 785 1198 gubernare,
819 1154 879 1187 sed

248 1203 419 1234 fortunam
459 1206 572 1234 tamen
611 1201 676 1233 deo
720 1205 880 1241 tanquam

248 1257 383 1280 summo
402 1257 516 1279 rerum
534 1246 683 1278 omniurn
704 1246 833 1278 arbitro
847 1248 883 1277 et

248 1292 467 1335 gubernatori
482 1292 670 1324 subiectam
691 1301 779 1322 esse.
799 1290 881 1323 Ete-

250 1339 317 1369 nim
354 1335 439 1377 τύχη
471 1336 526 1367 καὶ
548 1335 668 1378 καιρός
699 1346 741 1368 ex
771 1339 884 1368 mente

252 1382 405 1415 Platonis
439 1381 562 1413 liabent
585 1381 720 1422 quidem
756 1381 801 1413 ibi
835 1381 883 1411 lo-

252 1437 341 1466 cum,
368 1428 427 1459 ubi
457 1426 613 1458 accidunt
647 1437 708 1463 ea,
741 1434 884 1467 quorum

251 1476 438 1505 caussaet
467 1472 563 1511 origo
602 1470 792 1503 homiuibus
824 1470 887 1501 ob—

251 1527 347 1549 scura
373 1521 445 1555 est,
483 1516 544 1549 sed
579 1526 748 1557 nunquam
790 1526 808 1546 a
835 1514 885 1546 di-

253 1563 326 1594 vina
344 1563 518 1594 voluntate
536 1562 769 1602 seiunguutur‚
788 1560 885 1600 quip-

252 1617 295 1649 pe
319 1607 414 1638 cuius
440 1605 662 1638 moderamini
686 1607 761 1647 ipsa
799 1614 884 1644 quo-

251 1662 316 1693 que
328 1651 575 1683 suntobnoxia.
590 1649 754 1682 Similiter
765 1650 838 1680 Cic
849 1659 884 1680 e-

246 1707 298 1738 ‚ro
323 1696 491 1728 Academ.
523 1696 553 1726 Ι.
581 1696 617 1728 7:
654 1696 815 1734 „Deum
842 1711 885 1715 —

253 1741 379 1782 quinat
429 1740 706 1782 prudentiam
763 1747 883 1781 quan-

254 1787 344 1820 dam
393 1789 696 1827 procurantem
745 1784 880 1815 coele-

254 1832 335 1863 stia
369 1830 572 1869 maxime,
611 1834 792 1862 mentem
823 1838 886 1859 sa-

255 1876 544 1918 pientiamque
561 1874 798 1916 perfectam
821 1883 887 1915 ap·

255 1922 439 1964 pellant3
473 1929 771 1960 nonnunquam
803 1918 888 1960 qui-

256 1967 347 1998 dem
406 1965 583 1997 eaudem
646 1965 887 2005 fortunam,

255 2009 369 2052 quod
420 2011 596 2043 efficiat
641 2010 774 2042 multa
818 2010 887 2041 im-

257 2055 435 2098 provisa
469 2056 593 2088 nobis
623 2063 763 2097 neque
801 2054 888 2095 opi-

257 2105 361 2134 nata
408 2106 598 2143 propter
645 2100 887 2132 obscurita-

258 2152 339 2179 tem
374 2155 638 2179 caussarum.
655 2147 676 2163 ‘⁴
723 2144 887 2176 Seneca

259 2192 309 2223 De
332 2191 464 2233 provid.
502 2202 531 2224 c.
561 2190 604 2225 52
656 2189 767 2230 „llle
798 2190 889 2230 ipse

259 2236 436 2268 omnium
454 2236 657 2268 conditor
676 2245 722 2267 ac
743 2238 889 2267 rector

259 2280 448 2321 scripsit
474 2281 645 2322 quidem*
673 2281 781 2315 fata,
815 2278 888 2311 sed

259 2327 483 2366 sequitui-3
530 2335 700 2367 semper
755 2329 890 2366 paret,

260 2372 393 2403 semel
434 2372 607 2405 iussit.“
654 2373 763 2407 Quam
796 2369 890 2401 Stoi-

261 2424 377 2447 corum
401 2417 600 2448 sententiam
629 2415 800 2457 copiosius
816 2424 891 2455 per-

260 2461 409 2501 sequitur
437 2461 563 2492 Balbus
583 2460 673 2502 apud
696 2461 893 2492 Ciceronem

259 2505 315 2537 De
340 2504 418 2538 Nat.
445 2505 547 2538 Deor.
577 2507 615 2537 11.
641 2505 695 2539 30.
739 2505 893 2536 Platonis

264 2551 467 2583 sententiam
501 2551 653 2582 declarat
686 2555 710 2581 A
723 2551 791 2590 pul
801 2550 836 2583 ei
847 2559 893 2580 us
909 2564 910 2567 κ

266 2595 317 2627 De
347 2594 495 2627 habitud.
525 2595 634 2627 doctr.
673 2597 695 2628 1.
720 2595 762 2629 8:
796 2595 892 2633 ..lta

266 2640 371 2672 enim
431 2640 603 2673 desiuit:
668 2640 891 2682 providen-

949 660 1046 692 tiam
1074 660 1254 693 divinam
1283 672 1378 694 osse
1404 666 1576 693 senten-

947 706 1048 737 tiam
1084 707 1452 738 conservatricem
1487 717 1577 748 pro-

948 750 1203 791 speritatis,
1245 753 1376 784 cuius
1425 762 1577 783 caussa

948 795 1036 827 tale
1062 796 1260 836 suscepit
1277 797 1493 835 officium3
1519 796 1578 828 di-

949 840 1084 871 vinam
1122 841 1258 880 legem
1297 851 1394 873 esse
1421 843 1578 882 satum,

949 894 1021 926 per
1052 885 1166 924 quod
1198 886 1486 918 inevitabiles
1513 896 1579 918 co—

949 929 1191 970 gitationes
1218 929 1287 961 dei
1320 935 1446 972 atque
1473 932 1577 963 ince-

951 978 1023 1014 pta
1051 976 1344 1016 complentur.
1382 977 1516 1016 Unde,
1541 977 1581 1007 si

948 1018 1047 1060 quid
1076 1019 1356 1061 providentia
1387 1021 1579 1061 geritur,

949 1063 989 1095 id
1039 1065 1182 1106 agitur
1221 1065 1348 1097 etiam
1385 1066 1494 1106 sato,
1542 1071 1582 1096 et

948 1107 1056 1148 quod
1083 1109 1177 1140 fato
1200 1111 1470 1149 terminatur,
1490 1121 1581 1151 pro-

950 1154 1143 1186 videntia
1178 1154 1306 1187 debet
1329 1161 1578 1197 susceptum

951 1198 1096 1230 videri.
1111 1201 1135 1217 “
1163 1198 1314 1232 Eandem
1332 1201 1500 1232 illustrant
1515 1201 1582 1232 Al-

951 1245 1102 1275 cinous
1127 1244 1259 1276 Iutrod.
1293 1246 1379 1286 Cap.
1403 1246 1459 1279 26.
1484 1246 1581 1277 Plu·

951 1289 1083 1320 tarcli.
1110 1289 1229 1322 placit.
1263 1289 1382 1331 philos.
1415 1291 1443 1322 1.
1469 1290 1524 1324 27.
1550 1295 1583 1322 et

952 1334 994 1365 de
1027 1334 1097 1365 sato
1133 1333 1317 1367 chalcid.
1350 1336 1581 1367 Commentar.

951 1379 982 1411 in
1008 1378 1097 1410 Tim.
1123 1389 1155 1420 p.
1180 1379 1246 1413 ‘235
1265 1391 1336 1421 sqq.
1361 1380 1584 1412 cousuluisse,

950 1425 1031 1456 item
1073 1424 1199 1455 iuvabit
1236 1426 1394 1457 Plotin.
1430 1424 1581 1457 Eunead.

955 1469 1011 1501 111.
1046 1467 1140 1502 Lim.
1171 1469 1200 1501 I.
1238 1480 1266 1501 c.
1291 1471 1323 1503 2.
1354 1480 1425 1511 sqq.
1453 1471 1507 1510 qui
1532 1473 1582 1501 ta-

954 1524 1030 1546 men
1063 1524 1133 1546 rem
1175 1525 1237 1545 sno
1273 1515 1377 1547 modo
1410 1515 1584 1552 tractavit3

953 1563 988 1590 ct
1011 1558 1182 1590 Maxim.
1209 1559 1303 1600 Tyr.
1328 1560 1426 1592 XlX.
1448 1561 1478 1594 7.
1506 1560 1583 1590 Me·

953 1603 1134 1635 morabiles
1166 1605 1199 1634 in
1233 1604 1294 1635 hac
1321 1615 1440 1636 caussa
1467 1605 1584 1644 impri-

952 1648 1016 1679 mis
1046 1652 1124 1679 sunt
1147 1646 1225 1680 loci
1241 1649 1346 1690 Legg.
1375 1650 1422 1680 X.
1448 1660 1480 1690 p.
1505 1649 1583 1682 904.

955 1693 1070 1725 ss—D.
1097 1692 1185 1726 Tim.
1212 1704 1242 1735 p.
1268 1694 1324 1727 41.
1355 1694 1507 1728 E.-42.
1535 1695 1580 1728 D.

953 1738 1004 1769 De
1028 1737 1118 1778 Rep.
1143 1738 1190 1769 X.
1217 1739 1295 1773 617.
1325 1739 1362 1772 E.
1387 1739 1530 1772 phaedr.
1551 1749 1584 1779 p.

953 1781 1030 1815 248.
1042 1782 1080 1814 C.
1091 1793 1164 1823 sqq.
1175 1783 1313 1815 Politic.
1333 1784 1451 1825 p.272.
1464 1784 1490 1815 E
1513 1793 1585 1825 sqq.

954 1828 1118 1860 Veterum
1147 1827 1424 1869 philosophorum
1449 1833 1584 1863 senten-

953 1873 1018 1904 tias
1043 1872 1086 1904 de
1121 1873 1191 1904 tato
1215 1878 1462 1906 recensuerunt
1487 1873 1586 1906 Gro-

955 1918 1041 1949 tius
1074 1917 1163 1959 Opp.
1201 1918 1323 1951 Theol.
1353 1919 1416 1951 111.
1453 1929 1484 1959 p.
1519 1918 1586 1954 379

955 1972 1030 2004 sqq.
1071 1963 1343 1995 Creuzerus:
1383 1965 1584 1997 Veterum

955 2006 1407 2048 pliilosopliorumloci
1427 2008 1475 2040 de
1494 2019 1584 2051 pro·

954 2052 1147 2084 videntia
1165 2052 1516 2094 divinasitemque
1539 2055 1587 2086 de.

954 2097 1049 2129 fato
1103 2098 1396 2139 emendantur,
1457 2100 1586 2140 expli-

956 2147 1122 2175 cantur.
1158 2142 1378 2184 Heidelberg.
1419 2143 1520 2178 1806.
1555 2145 1586 2177 4.

954 2197 1053 2228 quem
1097 2187 1192 2228 legas
1234 2189 1335 2220 etiam
1380 2188 1423 2221 ad
1467 2190 1585 2221 Plotln.

956 2234 1148 2264 Commeat.
1175 2233 1253 2265 Vol.
1279 2234 1345 2265 111.
1374 2244 1406 2274 p.
1431 2233 1499 2267 134
1513 2244 1586 2274 sqq.

956 2276 1147 2310 Moshem
1159 2278 1224 2310 ius
1253 2278 1294 2310 ad
1312 2279 1505 2310 Cudwortn.
1523 2279 1583 2319 Sy-

957 2326 1057 2354 stem.
1090 2322 1262 2355 Intellect.
1295 2334 1327 2365 p.
1366 2323 1386 2356 7
1417 2333 1489 2364 sqq.
1537 2323 1588 2355 De

959 2367 1106 2399 Platone
1122 2367 1209 2400 inter
1227 2369 1437 2400 recentiores
1449 2378 1586 2400 accura-

959 2412 1092 2444 tissime
1115 2416 1318 2453 exposuisse
1334 2413 1492 2446 videntur
1507 2413 1538 2444 T
1549 2423 1587 2453 y-

962 2457 1368 2491 demann.Dissert.De
1387 2459 1474 2490 Deo
1491 2458 1586 2489 Pla-

961 2503 1086 2535 tonis.
1126 2503 1361 2535 Amstelod.
1412 2503 1514 2538 1830.
1553 2502 1585 2536 8.

961 2551 995 2580 et
1025 2547 1224 2589 Limburg
1258 2549 1460 2580 Brouwer
1493 2547 1587 2588 Disp.

958 2602 1023 2634 qua
1065 2593 1290 2634 respondetur
1338 2594 1379 2625 ad
1417 2593 1586 2633 quaestio·

959 2646 1048 2678 nem,
1075 2639 1140 2669 An
1167 2642 1429 2678 etquntenus
1457 2636 1587 2678 philo—
