<?xml version="1.0" encoding="UTF-8"?>
<!DOCTYPE html PUBLIC "-//W3C//DTD XHTML 1.0 Transitional//EN"
    "http://www.w3.org/TR/xhtml1/DTD/xhtml1-transitional.dtd">
<html xmlns="http://www.w3.org/1999/xhtml" xml:lang="en" lang="en">
 <head>
  <title>
</title>
<meta http-equiv="Content-Type" content="text/html;charset=utf-8" />
  <meta name='ocr-system' content='tesseract 3.04.00' />
  <meta name='ocr-capabilities' content='ocr_page ocr_carea ocr_par ocr_line ocrx_word'/>
</head>
<body>
  <div class='ocr_page' id='page_1' title='image "./s1operaomniarece10platuoft_0398.png"; bbox 0 0 1612 2872; ppageno 0'>
   <div class='ocr_carea' id='block_1_1' title="bbox 231 94 310 136">
    <p class='ocr_par' dir='ltr' id='par_1_1' title="bbox 231 94 310 136">
     <span class='ocr_line' id='line_1_1' title="bbox 231 94 310 136; baseline 0 -1"><span class='ocrx_word' id='word_1_1' title='bbox 231 94 310 136; x_wconf 76' lang='lat'><strong>218</strong></span> 
     </span>
    </p>
   </div>
   <div class='ocr_carea' id='block_1_2' title="bbox 715 92 1087 136">
    <p class='ocr_par' dir='ltr' id='par_1_2' title="bbox 715 92 1087 136">
     <span class='ocr_line' id='line_1_2' title="bbox 715 92 1087 136; baseline 0 -1"><span class='ocrx_word' id='word_1_2' title='bbox 715 92 1087 136; x_wconf 84' lang='lat' dir='ltr'><strong>PLATONIS</strong></span> 
     </span>
    </p>
   </div>
   <div class='ocr_carea' id='block_1_3' title="bbox 120 205 1557 325">
    <p class='ocr_par' dir='ltr' id='par_1_3' title="bbox 120 205 1557 325">
     <span class='ocr_line' id='line_1_3' title="bbox 120 205 1557 269; baseline -0.003 -17"><span class='ocrx_word' id='word_1_3' title='bbox 120 217 201 258; x_wconf 84' lang='lat'><strong>670</strong></span> <span class='ocrx_word' id='word_1_4' title='bbox 230 211 382 266; x_wconf 63' lang='grc' dir='ltr'><em>φίῂον,</em></span> <span class='ocrx_word' id='word_1_5' title='bbox 418 207 507 258; x_wconf 66' lang='lat' dir='ltr'><strong>‹iigz‘</strong></span> <span class='ocrx_word' id='word_1_6' title='bbox 550 206 726 257; x_wconf 75' lang='grc' dir='ltr'><em>αὐλήσει</em></span> <span class='ocrx_word' id='word_1_7' title='bbox 771 222 815 257; x_wconf 73' lang='grc' dir='ltr'><strong>γε</strong></span> <span class='ocrx_word' id='word_1_8' title='bbox 847 207 1048 260; x_wconf 70' lang='grc' dir='ltr'><em>χρῆσθαι</em></span> <span class='ocrx_word' id='word_1_9' title='bbox 1081 208 1153 248; x_wconf 86' lang='grc' dir='ltr'><strong>καὶ</strong></span> <span class='ocrx_word' id='word_1_10' title='bbox 1187 208 1404 260; x_wconf 70' lang='grc' dir='ltr'><strong><em>κιθαρίσει</em></strong></span> <span class='ocrx_word' id='word_1_11' title='bbox 1445 205 1557 269; x_wconf 48' lang='lat' dir='ltr'><strong>adjut</strong></span> 
     </span>
     <span class='ocr_line' id='line_1_4' title="bbox 231 270 1081 325; baseline 0 -13"><span class='ocrx_word' id='word_1_12' title='bbox 231 272 339 317; x_wconf 76' lang='grc' dir='ltr'><em>ὅσον</em></span> <span class='ocrx_word' id='word_1_13' title='bbox 383 272 469 316; x_wconf 82' lang='grc' dir='ltr'><strong>ὑπὸ</strong></span> <span class='ocrx_word' id='word_1_14' title='bbox 514 270 688 325; x_wconf 78' lang='grc' dir='ltr'><em>ὄρχησίν</em></span> <span class='ocrx_word' id='word_1_15' title='bbox 736 287 777 313; x_wconf 85' lang='grc' dir='ltr'><em>τε</em></span> <span class='ocrx_word' id='word_1_16' title='bbox 819 275 889 313; x_wconf 82' lang='grc' dir='ltr'><strong>και</strong></span> <span class='ocrx_word' id='word_1_17' title='bbox 939 270 1081 324; x_wconf 76' lang='grc' dir='ltr'><em>ᾠδήν·</em></span> 
     </span>
    </p>
   </div>
   <div class='ocr_carea' id='block_1_4' title="bbox 1127 270 1325 330">
    <p class='ocr_par' dir='ltr' id='par_1_4' title="bbox 1127 270 1325 330">
     <span class='ocr_line' id='line_1_5' title="bbox 1127 270 1325 330; baseline -0.01 -16"><span class='ocrx_word' id='word_1_18' title='bbox 1127 273 1241 330; x_wconf 33' lang='grc' dir='ltr'><em>(ψιλῷ</em></span> <span class='ocrx_word' id='word_1_19' title='bbox 1288 270 1325 312; x_wconf 71' lang='grc' dir='ltr'><strong>δ’</strong></span> 
     </span>
    </p>
   </div>
   <div class='ocr_carea' id='block_1_5' title="bbox 1377 278 1557 326">
    <p class='ocr_par' dir='ltr' id='par_1_5' title="bbox 1377 278 1557 326">
     <span class='ocr_line' id='line_1_6' title="bbox 1377 278 1557 326; baseline 0 -12"><span class='ocrx_word' id='word_1_20' title='bbox 1377 278 1448 314; x_wconf 80' lang='grc' dir='ltr'><strong>ἑκα</strong></span> <span class='ocrx_word' id='word_1_21' title='bbox 1455 279 1557 326; x_wconf 77' lang='grc' dir='ltr'><em>τέρῳ</em></span> 
     </span>
    </p>
   </div>
   <div class='ocr_carea' id='block_1_6' title="bbox 232 335 1560 391">
    <p class='ocr_par' dir='ltr' id='par_1_6' title="bbox 232 335 1560 391">
     <span class='ocr_line' id='line_1_7' title="bbox 232 335 1560 391; baseline -0.001 -12"><span class='ocrx_word' id='word_1_22' title='bbox 232 337 351 380; x_wconf 80' lang='grc' dir='ltr'><em>πᾶσά</em></span> <span class='ocrx_word' id='word_1_23' title='bbox 389 355 452 386; x_wconf 84' lang='grc' dir='ltr'><strong>τις</strong></span> <span class='ocrx_word' id='word_1_24' title='bbox 485 336 675 389; x_wconf 81' lang='grc' dir='ltr'><em>ἀμουσία</em></span> <span class='ocrx_word' id='word_1_25' title='bbox 714 339 783 378; x_wconf 76' lang='grc' dir='ltr'><strong>καὶ</strong></span> <span class='ocrx_word' id='word_1_26' title='bbox 811 339 1149 391; x_wconf 72' lang='grc' dir='ltr'><strong><em>θαυματουργία</em></strong></span> <span class='ocrx_word' id='word_1_27' title='bbox 1178 336 1347 388; x_wconf 73' lang='grc' dir='ltr'><em>γίγνοιτ’</em></span> <span class='ocrx_word' id='word_1_28' title='bbox 1391 335 1448 378; x_wconf 74' lang='grc' dir='ltr'><em>ἄν</em></span> <span class='ocrx_word' id='word_1_29' title='bbox 1484 335 1560 387; x_wconf 78' lang='grc' dir='ltr'><em>τῆς</em></span> 
     </span>
    </p>
   </div>
   <div class='ocr_carea' id='block_1_7' title="bbox 228 404 430 457">
    <p class='ocr_par' dir='ltr' id='par_1_7' title="bbox 228 404 430 457">
     <span class='ocr_line' id='line_1_8' title="bbox 228 404 430 457; baseline -0.005 -14"><span class='ocrx_word' id='word_1_30' title='bbox 228 404 430 457; x_wconf 81' lang='grc' dir='ltr'><em>χρήσεως.</em></span> 
     </span>
    </p>
   </div>
   <div class='ocr_carea' id='block_1_8' title="bbox 478 400 1561 460">
    <p class='ocr_par' dir='ltr' id='par_1_8' title="bbox 478 400 1561 460">
     <span class='ocr_line' id='line_1_9' title="bbox 478 400 1561 460; baseline 0.001 -17"><span class='ocrx_word' id='word_1_31' title='bbox 478 404 618 443; x_wconf 85' lang='grc' dir='ltr'><em>ταῦτα</em></span> <span class='ocrx_word' id='word_1_32' title='bbox 663 404 741 454; x_wconf 74' lang='grc' dir='ltr'><em>μὲν</em></span> <span class='ocrx_word' id='word_1_33' title='bbox 786 405 868 455; x_wconf 76' lang='grc' dir='ltr'><em>ἔχει</em></span> <span class='ocrx_word' id='word_1_34' title='bbox 916 400 1052 460; x_wconf 68' lang='grc' dir='ltr'><em>ταύτῃ</em></span> <span class='ocrx_word' id='word_1_35' title='bbox 1097 401 1245 453; x_wconf 68' lang='grc' dir='ltr'><em>λόγον·</em></span> <span class='ocrx_word' id='word_1_36' title='bbox 1287 400 1404 455; x_wconf 82' lang='grc' dir='ltr'><em>ἡμεῖς</em></span> <span class='ocrx_word' id='word_1_37' title='bbox 1439 405 1482 443; x_wconf 74' lang='grc' dir='ltr'><strong>δὲ</strong></span> <span class='ocrx_word' id='word_1_38' title='bbox 1517 419 1561 454; x_wconf 70' lang='grc' dir='ltr'><strong>γε</strong></span> 
     </span>
    </p>
   </div>
   <div class='ocr_carea' id='block_1_9' title="bbox 231 465 1561 652">
    <p class='ocr_par' dir='ltr' id='par_1_9' title="bbox 231 465 1561 652">
     <span class='ocr_line' id='line_1_10' title="bbox 234 465 1561 521; baseline -0.002 -11"><span class='ocrx_word' id='word_1_39' title='bbox 234 467 312 520; x_wconf 81' lang='grc' dir='ltr'><em>οὐχ</em></span> <span class='ocrx_word' id='word_1_40' title='bbox 356 465 378 509; x_wconf 80' lang='grc' dir='ltr'><em>ὅ</em></span> <span class='ocrx_word' id='word_1_41' title='bbox 427 484 467 508; x_wconf 86' lang='grc' dir='ltr'><strong>τι</strong></span> <span class='ocrx_word' id='word_1_42' title='bbox 508 465 567 519; x_wconf 81' lang='grc' dir='ltr'><strong>μὴ</strong></span> <span class='ocrx_word' id='word_1_43' title='bbox 615 469 677 508; x_wconf 82' lang='grc' dir='ltr'><strong>δεῖ</strong></span> <span class='ocrx_word' id='word_1_44' title='bbox 724 475 817 515; x_wconf 81' lang='grc' dir='ltr'><em>ταῖς</em></span> <span class='ocrx_word' id='word_1_45' title='bbox 853 466 1055 516; x_wconf 76' lang='grc' dir='ltr'><em>,Μούσαις</em></span> <span class='ocrx_word' id='word_1_46' title='bbox 1101 465 1219 518; x_wconf 77' lang='grc' dir='ltr'><em>ἡμῶν</em></span> <span class='ocrx_word' id='word_1_47' title='bbox 1256 469 1561 521; x_wconf 74' lang='grc' dir='ltr'><em>προςχρῆσθαι</em></span> 
     </span>
     <span class='ocr_line' id='line_1_11' title="bbox 233 531 1561 586; baseline -0.001 -11"><span class='ocrx_word' id='word_1_48' title='bbox 233 532 337 581; x_wconf 79' lang='grc' dir='ltr'><em>τοὺς</em></span> <span class='ocrx_word' id='word_1_49' title='bbox 384 531 466 583; x_wconf 76' lang='grc' dir='ltr'><strong>ἤδη</strong></span> <span class='ocrx_word' id='word_1_50' title='bbox 505 533 843 586; x_wconf 75' lang='grc' dir='ltr'><em>τριακοντούτας</em></span> <span class='ocrx_word' id='word_1_51' title='bbox 893 535 961 573; x_wconf 80' lang='grc' dir='ltr'><strong>καὶ</strong></span> <span class='ocrx_word' id='word_1_52' title='bbox 1000 535 1082 573; x_wconf 79' lang='grc' dir='ltr'><strong>τῶν</strong></span> <span class='ocrx_word' id='word_1_53' title='bbox 1118 531 1391 582; x_wconf 83' lang='grc' dir='ltr'><em>πεντήκοντα</em></span> <span class='ocrx_word' id='word_1_54' title='bbox 1427 538 1561 586; x_wconf 74' lang='grc' dir='ltr'><em>πέραν</em></span> 
     </span>
     <span class='ocr_line' id='line_1_12' title="bbox 231 595 1561 652; baseline 0 -13"><span class='ocrx_word' id='word_1_55' title='bbox 231 597 465 652; x_wconf 74' lang='grc' dir='ltr'><em>γεγονότας</em></span> <span class='ocrx_word' id='word_1_56' title='bbox 497 596 803 651; x_wconf 72' lang='grc' dir='ltr'><em>σκοπούμεθα,</em></span> <span class='ocrx_word' id='word_1_57' title='bbox 836 595 924 638; x_wconf 79' lang='grc' dir='ltr'><strong><em>ἀλλ’</em></strong></span> <span class='ocrx_word' id='word_1_58' title='bbox 965 595 988 639; x_wconf 89' lang='grc' dir='ltr'><em>ὅ</em></span> <span class='ocrx_word' id='word_1_59' title='bbox 1028 601 1068 639; x_wconf 84' lang='grc' dir='ltr'><em>τί</em></span> <span class='ocrx_word' id='word_1_60' title='bbox 1102 614 1204 639; x_wconf 84' lang='grc' dir='ltr'><em>ποτε</em></span> <span class='ocrx_word' id='word_1_61' title='bbox 1240 600 1314 639; x_wconf 79' lang='grc' dir='ltr'><em>δεῖ.</em></span> <span class='ocrx_word' id='word_1_62' title='bbox 1350 596 1447 639; x_wconf 78' lang='grc' dir='ltr'><em>τόδε</em></span> <span class='ocrx_word' id='word_1_63' title='bbox 1484 601 1561 651; x_wconf 76' lang='grc' dir='ltr'><em>μὲν</em></span> 
     </span>
    </p>
   </div>
   <div class='ocr_carea' id='block_1_10' title="bbox 329 725 469 759">
    <p class='ocr_par' dir='ltr' id='par_1_10' title="bbox 329 725 469 759">
     <span class='ocr_line' id='line_1_13' title="bbox 329 725 469 759; baseline -0.007 -2"><span class='ocrx_word' id='word_1_64' title='bbox 329 725 365 759; x_wconf 82' lang='grc' dir='ltr'><strong>Ρ.</strong></span> <span class='ocrx_word' id='word_1_65' title='bbox 393 725 469 759; x_wconf 84' lang='lat'>670.</span> 
     </span>
    </p>
   </div>
   <div class='ocr_carea' id='block_1_11' title="bbox 518 723 1562 767">
    <p class='ocr_par' dir='ltr' id='par_1_11' title="bbox 518 723 1562 767">
     <span class='ocr_line' id='line_1_14' title="bbox 518 723 1562 767; baseline 0.001 -11"><span class='ocrx_word' id='word_1_66' title='bbox 518 723 858 767; x_wconf 69' lang='grc' dir='ltr'><em>τριακοντούτας</em></span> <span class='ocrx_word' id='word_1_67' title='bbox 884 725 946 756; x_wconf 87' lang='grc' dir='ltr'><strong>καὶ</strong></span> <span class='ocrx_word' id='word_1_68' title='bbox 972 736 996 756; x_wconf 87' lang='grc' dir='ltr'><strong>τ.</strong></span> <span class='ocrx_word' id='word_1_69' title='bbox 1022 725 1078 766; x_wconf 87' lang='grc' dir='ltr'><strong>π.]</strong></span> <span class='ocrx_word' id='word_1_70' title='bbox 1108 728 1143 758; x_wconf 87' lang='lat' dir='ltr'><strong>V.</strong></span> <span class='ocrx_word' id='word_1_71' title='bbox 1165 723 1443 766; x_wconf 71' lang='grc' dir='ltr'><em>τριακοντούτεις,</em></span> <span class='ocrx_word' id='word_1_72' title='bbox 1468 727 1562 767; x_wconf 85' lang='lat' dir='ltr'><strong>quod</strong></span> 
     </span>
    </p>
   </div>
   <div class='ocr_carea' id='block_1_12' title="bbox 233 768 1563 858">
    <p class='ocr_par' dir='ltr' id='par_1_12' title="bbox 233 768 1563 858">
     <span class='ocr_line' id='line_1_15' title="bbox 233 768 1563 812; baseline 0.002 -10"><span class='ocrx_word' id='word_1_73' title='bbox 233 772 328 802; x_wconf 88' lang='lat' dir='ltr'><strong>solus</strong></span> <span class='ocrx_word' id='word_1_74' title='bbox 356 770 393 804; x_wconf 87' lang='grc' dir='ltr'><strong>Ξ.</strong></span> <span class='ocrx_word' id='word_1_75' title='bbox 419 775 455 802; x_wconf 91' lang='lat' dir='ltr'><strong>et</strong></span> <span class='ocrx_word' id='word_1_76' title='bbox 479 781 544 802; x_wconf 87' lang='lat' dir='ltr'><strong>rec</strong></span> <span class='ocrx_word' id='word_1_77' title='bbox 575 771 670 804; x_wconf 86' lang='lat' dir='ltr'><strong>Flor</strong></span> <span class='ocrx_word' id='word_1_78' title='bbox 701 768 730 801; x_wconf 90' lang='grc' dir='ltr'><strong>δ.</strong></span> <span class='ocrx_word' id='word_1_79' title='bbox 756 774 881 802; x_wconf 84' lang='lat' dir='ltr'><strong>tuetur.</strong></span> <span class='ocrx_word' id='word_1_80' title='bbox 916 782 945 802; x_wconf 87' lang='lat' dir='ltr'><strong>v.</strong></span> <span class='ocrx_word' id='word_1_81' title='bbox 972 770 1124 801; x_wconf 88' lang='lat' dir='ltr'><strong>Lobeck</strong></span> <span class='ocrx_word' id='word_1_82' title='bbox 1155 771 1200 802; x_wconf 77' lang='lat' dir='ltr'><strong>ad</strong></span> <span class='ocrx_word' id='word_1_83' title='bbox 1228 771 1412 812; x_wconf 80' lang='lat' dir='ltr'><strong>l&#39;hrynich.</strong></span> <span class='ocrx_word' id='word_1_84' title='bbox 1438 782 1458 812; x_wconf 91' lang='lat' dir='ltr'><strong>p</strong></span> <span class='ocrx_word' id='word_1_85' title='bbox 1495 771 1563 804; x_wconf 85' lang='lat'><strong>406</strong></span> 
     </span>
     <span class='ocr_line' id='line_1_16' title="bbox 233 814 1561 858; baseline 0 -10"><span class='ocrx_word' id='word_1_86' title='bbox 233 827 308 858; x_wconf 79' lang='lat' dir='ltr'><strong>sqq.</strong></span> <span class='ocrx_word' id='word_1_87' title='bbox 357 816 448 847; x_wconf 87' lang='lat' dir='ltr'>Dein</span> <span class='ocrx_word' id='word_1_88' title='bbox 480 814 584 856; x_wconf 78' lang='grc' dir='ltr'><em>πέραν</em></span> <span class='ocrx_word' id='word_1_89' title='bbox 608 825 670 856; x_wconf 90' lang='lat' dir='ltr'><strong>pro</strong></span> <span class='ocrx_word' id='word_1_90' title='bbox 697 816 787 856; x_wconf 88' lang='lat' dir='ltr'><strong>vulg.</strong></span> <span class='ocrx_word' id='word_1_91' title='bbox 817 815 901 856; x_wconf 85' lang='grc' dir='ltr'><em>πέρα</em></span> <span class='ocrx_word' id='word_1_92' title='bbox 926 816 1162 856; x_wconf 84' lang='lat' dir='ltr'><strong>praebuerunt</strong></span> <span class='ocrx_word' id='word_1_93' title='bbox 1185 817 1228 847; x_wconf 90' lang='grc' dir='ltr'><strong>Α</strong></span> <span class='ocrx_word' id='word_1_94' title='bbox 1259 814 1312 855; x_wconf 71' lang='grc'><strong>9.,</strong></span> <span class='ocrx_word' id='word_1_95' title='bbox 1337 817 1373 847; x_wconf 89' lang='lat' dir='ltr'><strong>in</strong></span> <span class='ocrx_word' id='word_1_96' title='bbox 1397 826 1503 856; x_wconf 82' lang='lat' dir='ltr'><strong>marg.</strong></span> <span class='ocrx_word' id='word_1_97' title='bbox 1531 826 1561 849; x_wconf 86' lang='lat' dir='ltr'><strong>a.</strong></span> 
     </span>
    </p>
   </div>
   <div class='ocr_carea' id='block_1_13' title="bbox 235 859 499 948">
    <p class='ocr_par' dir='ltr' id='par_1_13' title="bbox 235 859 499 948">
     <span class='ocr_line' id='line_1_17' title="bbox 235 859 428 902; baseline -0.005 -10"><span class='ocrx_word' id='word_1_98' title='bbox 235 859 265 893; x_wconf 83' lang='grc' dir='ltr'><strong>δ.</strong></span> <span class='ocrx_word' id='word_1_99' title='bbox 290 860 428 902; x_wconf 75' lang='lat' dir='ltr'><strong>(marg.)</strong></span> 
     </span>
     <span class='ocr_line' id='line_1_18' title="bbox 324 905 499 948; baseline 0.006 -12"><span class='ocrx_word' id='word_1_100' title='bbox 324 905 499 948; x_wconf 85' lang='grc' dir='ltr'><em>χορικῆς</em></span> 
     </span>
    </p>
   </div>
   <div class='ocr_carea' id='block_1_14' title="bbox 233 1013 876 2677">
    <p class='ocr_par' dir='ltr' id='par_1_14' title="bbox 233 1013 876 2677">
     <span class='ocr_line' id='line_1_19' title="bbox 235 1013 868 1056; baseline -0.005 -9"><span class='ocrx_word' id='word_1_101' title='bbox 235 1015 378 1048; x_wconf 77' lang='lat' dir='ltr'><strong>vlssimo</strong></span> <span class='ocrx_word' id='word_1_102' title='bbox 411 1014 578 1056; x_wconf 87' lang='lat' dir='ltr'><strong>temporis</strong></span> <span class='ocrx_word' id='word_1_103' title='bbox 607 1013 720 1054; x_wconf 79' lang='lat' dir='ltr'><strong>spatio</strong></span> <span class='ocrx_word' id='word_1_104' title='bbox 750 1013 868 1046; x_wconf 87' lang='lat' dir='ltr'><strong>fidium</strong></span> 
     </span>
     <span class='ocr_line' id='line_1_20' title="bbox 234 1059 869 1101; baseline -0.005 -9"><span class='ocrx_word' id='word_1_105' title='bbox 234 1062 442 1094; x_wconf 77' lang='lat' dir='ltr'><strong>tractatione</strong></span> <span class='ocrx_word' id='word_1_106' title='bbox 459 1060 657 1101; x_wconf 85' lang='lat' dir='ltr'><strong>proliciant,</strong></span> <span class='ocrx_word' id='word_1_107' title='bbox 670 1059 730 1090; x_wconf 83' lang='lat' dir='ltr'><strong>sed</strong></span> <span class='ocrx_word' id='word_1_108' title='bbox 745 1059 869 1090; x_wconf 85' lang='lat' dir='ltr'><strong>debent</strong></span> 
     </span>
     <span class='ocr_line' id='line_1_21' title="bbox 233 1105 869 1143; baseline -0.006 -5"><span class='ocrx_word' id='word_1_109' title='bbox 233 1107 270 1138; x_wconf 93' lang='lat' dir='ltr'><strong>id</strong></span> <span class='ocrx_word' id='word_1_110' title='bbox 295 1107 397 1138; x_wconf 87' lang='lat' dir='ltr'><strong>etiam</strong></span> <span class='ocrx_word' id='word_1_111' title='bbox 425 1115 466 1137; x_wconf 83' lang='lat' dir='ltr'><strong>ea</strong></span> <span class='ocrx_word' id='word_1_112' title='bbox 479 1109 552 1137; x_wconf 85' lang='lat' dir='ltr'><strong>arte</strong></span> <span class='ocrx_word' id='word_1_113' title='bbox 567 1105 715 1143; x_wconf 82' lang='lat' dir='ltr'><strong>efficere,</strong></span> <span class='ocrx_word' id='word_1_114' title='bbox 734 1109 771 1134; x_wconf 90' lang='lat' dir='ltr'><strong>ut</strong></span> <span class='ocrx_word' id='word_1_115' title='bbox 788 1114 869 1135; x_wconf 86' lang='lat' dir='ltr'><strong>nus-</strong></span> 
     </span>
     <span class='ocr_line' id='line_1_22' title="bbox 234 1150 870 1192; baseline -0.006 -9"><span class='ocrx_word' id='word_1_116' title='bbox 234 1162 337 1192; x_wconf 80' lang='lat' dir='ltr'><strong>quam</strong></span> <span class='ocrx_word' id='word_1_117' title='bbox 352 1156 685 1192; x_wconf 80' lang='lat' dir='ltr'><strong>peccent,nusquam</strong></span> <span class='ocrx_word' id='word_1_118' title='bbox 693 1150 870 1186; x_wconf 79' lang='lat' dir='ltr'><strong>haereant,</strong></span> 
     </span>
     <span class='ocr_line' id='line_1_23' title="bbox 233 1195 869 1238; baseline -0.006 -9"><span class='ocrx_word' id='word_1_119' title='bbox 233 1207 403 1238; x_wconf 77' lang='lat' dir='ltr'>nusquam</span> <span class='ocrx_word' id='word_1_120' title='bbox 418 1196 549 1236; x_wconf 79' lang='lat' dir='ltr'><strong>aliquid</strong></span> <span class='ocrx_word' id='word_1_121' title='bbox 563 1196 758 1232; x_wconf 78' lang='lat' dir='ltr'>admittant,</span> <span class='ocrx_word' id='word_1_122' title='bbox 777 1195 869 1235; x_wconf 89' lang='lat' dir='ltr'><strong>quod</strong></span> 
     </span>
     <span class='ocr_line' id='line_1_24' title="bbox 234 1240 869 1280; baseline -0.006 -6"><span class='ocrx_word' id='word_1_123' title='bbox 234 1243 399 1274; x_wconf 86' lang='lat' dir='ltr'><strong>vitiosum</strong></span> <span class='ocrx_word' id='word_1_124' title='bbox 438 1242 493 1273; x_wconf 84' lang='lat' dir='ltr'><strong>sit.</strong></span> <span class='ocrx_word' id='word_1_125' title='bbox 550 1241 667 1280; x_wconf 86' lang='lat' dir='ltr'>Atque</span> <span class='ocrx_word' id='word_1_126' title='bbox 697 1241 731 1271; x_wconf 92' lang='lat' dir='ltr'><strong>id</strong></span> <span class='ocrx_word' id='word_1_127' title='bbox 757 1240 869 1280; x_wconf 88' lang='lat' dir='ltr'><strong>ipsum</strong></span> 
     </span>
     <span class='ocr_line' id='line_1_25' title="bbox 235 1281 870 1328; baseline -0.006 -9"><span class='ocrx_word' id='word_1_128' title='bbox 235 1293 396 1328; x_wconf 80' lang='lat' dir='ltr'><strong>putamus</strong></span> <span class='ocrx_word' id='word_1_129' title='bbox 422 1286 481 1328; x_wconf 79' lang='grc' dir='ltr'><em>τῆς</em></span> <span class='ocrx_word' id='word_1_130' title='bbox 503 1281 680 1316; x_wconf 72' lang='grc' dir='ltr'><em>ἀπταισίας</em></span> <span class='ocrx_word' id='word_1_131' title='bbox 703 1285 870 1316; x_wconf 83' lang='lat' dir='ltr'><strong>vocabulo</strong></span> 
     </span>
     <span class='ocr_line' id='line_1_26' title="bbox 234 1330 871 1374; baseline -0.008 -9"><span class='ocrx_word' id='word_1_132' title='bbox 234 1332 423 1374; x_wconf 77' lang='lat' dir='ltr'><strong>designari.</strong></span> <span class='ocrx_word' id='word_1_133' title='bbox 482 1330 550 1362; x_wconf 82' lang='lat' dir='ltr'><strong>lam</strong></span> <span class='ocrx_word' id='word_1_134' title='bbox 589 1340 672 1362; x_wconf 88' lang='lat' dir='ltr'><strong>vero</strong></span> <span class='ocrx_word' id='word_1_135' title='bbox 711 1331 871 1361; x_wconf 81' lang='lat' dir='ltr'>usitatius</span> 
     </span>
     <span class='ocr_line' id='line_1_27' title="bbox 233 1372 872 1410; baseline -0.009 1"><span class='ocrx_word' id='word_1_136' title='bbox 233 1388 318 1410; x_wconf 70' lang='lat' dir='ltr'><strong>eane</strong></span> <span class='ocrx_word' id='word_1_137' title='bbox 345 1377 531 1409; x_wconf 87' lang='lat' dir='ltr'><strong>dicendum</strong></span> <span class='ocrx_word' id='word_1_138' title='bbox 555 1375 622 1406; x_wconf 87' lang='lat' dir='ltr'><strong>fuit</strong></span> <span class='ocrx_word' id='word_1_139' title='bbox 646 1376 713 1407; x_wconf 86' lang='lat' dir='ltr'><strong>sic:</strong></span> <span class='ocrx_word' id='word_1_140' title='bbox 739 1372 872 1406; x_wconf 82' lang='grc' dir='ltr'><em>ὁπόσον</em></span> 
     </span>
     <span class='ocr_line' id='line_1_28' title="bbox 236 1417 873 1464; baseline -0.006 -10"><span class='ocrx_word' id='word_1_141' title='bbox 236 1422 360 1464; x_wconf 81' lang='grc' dir='ltr'><em>τάχους</em></span> <span class='ocrx_word' id='word_1_142' title='bbox 383 1418 450 1461; x_wconf 82' lang='grc' dir='ltr'><em>μετ’</em></span> <span class='ocrx_word' id='word_1_143' title='bbox 475 1417 652 1452; x_wconf 84' lang='grc' dir='ltr'><em>απταισίας</em></span> <span class='ocrx_word' id='word_1_144' title='bbox 679 1420 732 1451; x_wconf 82' lang='grc' dir='ltr'><strong>καὶ</strong></span> <span class='ocrx_word' id='word_1_145' title='bbox 753 1420 873 1461; x_wconf 75' lang='grc' dir='ltr'><em>φωνῆς</em></span> 
     </span>
     <span class='ocr_line' id='line_1_29' title="bbox 236 1466 871 1510; baseline -0.005 -11"><span class='ocrx_word' id='word_1_146' title='bbox 236 1468 274 1499; x_wconf 79' lang='grc' dir='ltr'><strong>θ.</strong></span> <span class='ocrx_word' id='word_1_147' title='bbox 284 1467 496 1510; x_wconf 83' lang='lat' dir='ltr'><strong>quidquid</strong></span> <span class='ocrx_word' id='word_1_148' title='bbox 516 1466 760 1497; x_wconf 78' lang='lat' dir='ltr'><strong>celeritatis</strong></span> <span class='ocrx_word' id='word_1_149' title='bbox 783 1476 871 1497; x_wconf 90' lang='lat' dir='ltr'><strong>cum</strong></span> 
     </span>
     <span class='ocr_line' id='line_1_30' title="bbox 233 1510 872 1554; baseline -0.005 -9"><span class='ocrx_word' id='word_1_150' title='bbox 233 1510 446 1554; x_wconf 77' lang='grc' dir='ltr'><em>ἀπταισιᾳ</em></span> <span class='ocrx_word' id='word_1_151' title='bbox 494 1513 767 1543; x_wconf 81' lang='lat' dir='ltr'><strong>coniunctae·</strong></span> <span class='ocrx_word' id='word_1_152' title='bbox 812 1520 872 1549; x_wconf 80' lang='lat' dir='ltr'><strong>ca-</strong></span> 
     </span>
     <span class='ocr_line' id='line_1_31' title="bbox 234 1553 874 1597; baseline -0.009 -6"><span class='ocrx_word' id='word_1_153' title='bbox 234 1569 324 1592; x_wconf 85' lang='lat' dir='ltr'><strong>rum</strong></span> <span class='ocrx_word' id='word_1_154' title='bbox 359 1558 441 1597; x_wconf 87' lang='lat' dir='ltr'><strong>sit,</strong></span> <span class='ocrx_word' id='word_1_155' title='bbox 482 1557 535 1587; x_wconf 83' lang='lat' dir='ltr'><strong>vel</strong></span> <span class='ocrx_word' id='word_1_156' title='bbox 583 1553 716 1587; x_wconf 85' lang='grc' dir='ltr'><em>ὁπόσον</em></span> <span class='ocrx_word' id='word_1_157' title='bbox 752 1554 874 1595; x_wconf 81' lang='grc' dir='ltr'><em>τοίχους</em></span> 
     </span>
     <span class='ocr_line' id='line_1_32' title="bbox 237 1601 872 1641; baseline -0.011 -4"><span class='ocrx_word' id='word_1_158' title='bbox 237 1602 423 1637; x_wconf 76' lang='grc' dir='ltr'><em>ἇπταίστου</em></span> <span class='ocrx_word' id='word_1_159' title='bbox 463 1601 518 1631; x_wconf 86' lang='grc' dir='ltr'><strong>καὶ</strong></span> <span class='ocrx_word' id='word_1_160' title='bbox 555 1601 675 1641; x_wconf 85' lang='grc' dir='ltr'><em>φωνῆς</em></span> <span class='ocrx_word' id='word_1_161' title='bbox 707 1601 744 1631; x_wconf 74' lang='grc' dir='ltr'><strong>θ.</strong></span> <span class='ocrx_word' id='word_1_162' title='bbox 802 1601 872 1631; x_wconf 81' lang='lat' dir='ltr'><strong>sed</strong></span> 
     </span>
     <span class='ocr_line' id='line_1_33' title="bbox 235 1643 875 1687; baseline -0.016 -2"><span class='ocrx_word' id='word_1_163' title='bbox 235 1661 319 1684; x_wconf 81' lang='lat' dir='ltr'><strong>usus</strong></span> <span class='ocrx_word' id='word_1_164' title='bbox 379 1651 432 1680; x_wconf 80' lang='lat' dir='ltr'><strong>est</strong></span> <span class='ocrx_word' id='word_1_165' title='bbox 484 1643 711 1687; x_wconf 85' lang='lat' dir='ltr'><strong>philosophus</strong></span> <span class='ocrx_word' id='word_1_166' title='bbox 762 1646 875 1676; x_wconf 82' lang='lat' dir='ltr'><strong>altera</strong></span> 
     </span>
     <span class='ocr_line' id='line_1_34' title="bbox 234 1691 872 1729; baseline -0.014 0"><span class='ocrx_word' id='word_1_167' title='bbox 234 1691 475 1729; x_wconf 67' lang='lat' dir='ltr'><strong>adiunctionis</strong></span> <span class='ocrx_word' id='word_1_168' title='bbox 500 1692 648 1729; x_wconf 80' lang='lat' dir='ltr'><strong>ratione,</strong></span> <span class='ocrx_word' id='word_1_169' title='bbox 673 1695 711 1720; x_wconf 84' lang='lat' dir='ltr'><strong>ut</strong></span> <span class='ocrx_word' id='word_1_170' title='bbox 734 1700 872 1721; x_wconf 87' lang='lat' dir='ltr'><strong>enume-</strong></span> 
     </span>
     <span class='ocr_line' id='line_1_35' title="bbox 235 1735 875 1773; baseline -0.014 1"><span class='ocrx_word' id='word_1_171' title='bbox 235 1742 408 1773; x_wconf 78' lang='lat' dir='ltr'><strong>rationem</strong></span> <span class='ocrx_word' id='word_1_172' title='bbox 441 1736 674 1770; x_wconf 84' lang='lat' dir='ltr'><strong>trimembrem</strong></span> <span class='ocrx_word' id='word_1_173' title='bbox 712 1735 875 1769; x_wconf 76' lang='lat' dir='ltr'><strong>efficeret,</strong></span> 
     </span>
     <span class='ocr_line' id='line_1_36' title="bbox 237 1781 875 1827; baseline -0.005 -9"><span class='ocrx_word' id='word_1_174' title='bbox 237 1796 300 1827; x_wconf 86' lang='lat' dir='ltr'><strong>per</strong></span> <span class='ocrx_word' id='word_1_175' title='bbox 331 1796 435 1827; x_wconf 85' lang='lat' dir='ltr'><strong>quam</strong></span> <span class='ocrx_word' id='word_1_176' title='bbox 466 1781 606 1825; x_wconf 75' lang='lat' dir='ltr'><strong>singula</strong></span> <span class='ocrx_word' id='word_1_177' title='bbox 638 1781 722 1811; x_wconf 71' lang='lat' dir='ltr'><strong>Vitia</strong></span> <span class='ocrx_word' id='word_1_178' title='bbox 746 1790 808 1820; x_wconf 74' lang='lat' dir='ltr'><strong>per</strong></span> <span class='ocrx_word' id='word_1_179' title='bbox 838 1789 875 1810; x_wconf 74' lang='lat' dir='ltr'><strong>se</strong></span> 
     </span>
     <span class='ocr_line' id='line_1_37' title="bbox 235 1827 873 1870; baseline -0.014 -8"><span class='ocrx_word' id='word_1_180' title='bbox 235 1841 394 1863; x_wconf 73' lang='lat' dir='ltr'><strong>seorsum</strong></span> <span class='ocrx_word' id='word_1_181' title='bbox 426 1834 581 1870; x_wconf 76' lang='lat' dir='ltr'><strong>spectata</strong></span> <span class='ocrx_word' id='word_1_182' title='bbox 614 1827 741 1866; x_wconf 74' lang='lat' dir='ltr'><strong>fortius</strong></span> <span class='ocrx_word' id='word_1_183' title='bbox 777 1829 873 1855; x_wconf 85' lang='lat' dir='ltr'><strong>nota-</strong></span> 
     </span>
     <span class='ocr_line' id='line_1_38' title="bbox 238 1875 876 1914; baseline -0.008 -7"><span class='ocrx_word' id='word_1_184' title='bbox 238 1880 374 1907; x_wconf 86' lang='lat' dir='ltr'><strong>rentur:</strong></span> <span class='ocrx_word' id='word_1_185' title='bbox 423 1885 512 1914; x_wconf 84' lang='lat' dir='ltr'><strong>quae</strong></span> <span class='ocrx_word' id='word_1_186' title='bbox 559 1875 695 1914; x_wconf 84' lang='lat' dir='ltr'><strong>quidem</strong></span> <span class='ocrx_word' id='word_1_187' title='bbox 753 1879 876 1901; x_wconf 76' lang='lat' dir='ltr'><strong>caussa</strong></span> 
     </span>
     <span class='ocr_line' id='line_1_39' title="bbox 236 1912 876 1961; baseline -0.005 -10"><span class='ocrx_word' id='word_1_188' title='bbox 236 1921 371 1961; x_wconf 79' lang='lat' dir='ltr'><strong>figurae</strong></span> <span class='ocrx_word' id='word_1_189' title='bbox 395 1920 502 1958; x_wconf 71' lang='lat' dir='ltr'><strong>illius,</strong></span> <span class='ocrx_word' id='word_1_190' title='bbox 521 1929 621 1960; x_wconf 74' lang='lat' dir='ltr'><strong>quam</strong></span> <span class='ocrx_word' id='word_1_191' title='bbox 636 1918 671 1949; x_wconf 83' lang='grc' dir='ltr'><em>ἓν</em></span> <span class='ocrx_word' id='word_1_192' title='bbox 697 1916 751 1950; x_wconf 86' lang='grc' dir='ltr'><strong>διὰ</strong></span> <span class='ocrx_word' id='word_1_193' title='bbox 777 1912 876 1949; x_wconf 68' lang='grc' dir='ltr'><em>δυοῖν</em></span> 
     </span>
     <span class='ocr_line' id='line_1_40' title="bbox 236 1962 872 2019; baseline -0.003 -23"><span class='ocrx_word' id='word_1_194' title='bbox 236 1966 425 2006; x_wconf 81' lang='lat' dir='ltr'><strong>appellant</strong></span> <span class='ocrx_word' id='word_1_195' title='bbox 437 1965 541 2004; x_wconf 86' lang='lat' dir='ltr'><strong>longe</strong></span> <span class='ocrx_word' id='word_1_196' title='bbox 564 1969 616 1995; x_wconf 73' lang='lat' dir='ltr'><strong>est</strong></span> <span class='ocrx_word' id='word_1_197' title='bbox 631 1962 872 2019; x_wconf 70' lang='lat' dir='ltr'><strong>frequentissi-</strong></span> 
     </span>
     <span class='ocr_line' id='line_1_41' title="bbox 237 2005 872 2049; baseline -0.003 -7"><span class='ocrx_word' id='word_1_198' title='bbox 237 2020 307 2042; x_wconf 81' lang='lat' dir='ltr'><strong>ma.</strong></span> <span class='ocrx_word' id='word_1_199' title='bbox 356 2011 476 2049; x_wconf 82' lang='lat' dir='ltr'><strong>ltaque</strong></span> <span class='ocrx_word' id='word_1_200' title='bbox 501 2019 564 2042; x_wconf 84' lang='lat' dir='ltr'><strong>nos</strong></span> <span class='ocrx_word' id='word_1_201' title='bbox 596 2010 733 2049; x_wconf 84' lang='lat' dir='ltr'><strong>quidem</strong></span> <span class='ocrx_word' id='word_1_202' title='bbox 757 2005 872 2040; x_wconf 75' lang='grc' dir='ltr'><em>ἀπται-</em></span> 
     </span>
     <span class='ocr_line' id='line_1_42' title="bbox 241 2053 871 2094; baseline -0.002 -8"><span class='ocrx_word' id='word_1_203' title='bbox 241 2057 316 2086; x_wconf 85' lang='grc' dir='ltr'><em>σῖας</em></span> <span class='ocrx_word' id='word_1_204' title='bbox 328 2056 429 2085; x_wconf 86' lang='lat' dir='ltr'><strong>unice</strong></span> <span class='ocrx_word' id='word_1_205' title='bbox 445 2064 564 2085; x_wconf 79' lang='lat' dir='ltr'><strong>verum</strong></span> <span class='ocrx_word' id='word_1_206' title='bbox 578 2058 752 2094; x_wconf 67' lang='lat' dir='ltr'><strong>putamus.</strong></span> <span class='ocrx_word' id='word_1_207' title='bbox 766 2053 871 2092; x_wconf 81' lang='lat' dir='ltr'><strong>Quod</strong></span> 
     </span>
     <span class='ocr_line' id='line_1_43' title="bbox 239 2099 871 2140; baseline -0.002 -9"><span class='ocrx_word' id='word_1_208' title='bbox 239 2101 271 2131; x_wconf 86' lang='lat' dir='ltr'><strong>si</strong></span> <span class='ocrx_word' id='word_1_209' title='bbox 302 2100 382 2140; x_wconf 84' lang='lat' dir='ltr'><strong>quis</strong></span> <span class='ocrx_word' id='word_1_210' title='bbox 415 2099 548 2130; x_wconf 83' lang='lat' dir='ltr'><strong>dubitet</strong></span> <span class='ocrx_word' id='word_1_211' title='bbox 581 2109 662 2130; x_wconf 91' lang='lat' dir='ltr'><strong>num</strong></span> <span class='ocrx_word' id='word_1_212' title='bbox 697 2100 800 2131; x_wconf 84' lang='lat' dir='ltr'><strong>etiam</strong></span> <span class='ocrx_word' id='word_1_213' title='bbox 830 2100 871 2130; x_wconf 81' lang='lat' dir='ltr'><strong>-iu</strong></span> 
     </span>
     <span class='ocr_line' id='line_1_44' title="bbox 239 2145 873 2184; baseline -0.002 -9"><span class='ocrx_word' id='word_1_214' title='bbox 239 2145 380 2176; x_wconf 79' lang='lat' dir='ltr'><strong>musicis</strong></span> <span class='ocrx_word' id='word_1_215' title='bbox 405 2147 606 2184; x_wconf 78' lang='lat' dir='ltr'><strong>usurpatum</strong></span> <span class='ocrx_word' id='word_1_216' title='bbox 631 2145 693 2182; x_wconf 81' lang='lat' dir='ltr'><strong>sit,</strong></span> <span class='ocrx_word' id='word_1_217' title='bbox 716 2145 747 2175; x_wconf 88' lang='lat' dir='ltr'><strong>ei</strong></span> <span class='ocrx_word' id='word_1_218' title='bbox 776 2154 873 2175; x_wconf 71' lang='lat' dir='ltr'><strong>vscru-</strong></span> 
     </span>
     <span class='ocr_line' id='line_1_45' title="bbox 237 2189 871 2229; baseline 0 -10"><span class='ocrx_word' id='word_1_219' title='bbox 237 2190 357 2229; x_wconf 74' lang='lat' dir='ltr'><strong>pulum</strong></span> <span class='ocrx_word' id='word_1_220' title='bbox 379 2190 520 2227; x_wconf 73' lang='lat' dir='ltr'><strong>eximet,</strong></span> <span class='ocrx_word' id='word_1_221' title='bbox 540 2189 677 2229; x_wconf 81' lang='lat' dir='ltr'><strong>opinor,</strong></span> <span class='ocrx_word' id='word_1_222' title='bbox 704 2189 757 2220; x_wconf 91' lang='lat' dir='ltr'><strong>vel</strong></span> <span class='ocrx_word' id='word_1_223' title='bbox 784 2199 871 2220; x_wconf 84' lang='lat' dir='ltr'><strong>unus</strong></span> 
     </span>
     <span class='ocr_line' id='line_1_46' title="bbox 236 2233 868 2275; baseline -0.002 -11"><span class='ocrx_word' id='word_1_224' title='bbox 236 2234 297 2264; x_wconf 79' lang='lat' dir='ltr'><strong>ille</strong></span> <span class='ocrx_word' id='word_1_225' title='bbox 321 2235 416 2265; x_wconf 78' lang='lat' dir='ltr'><strong>locus</strong></span> <span class='ocrx_word' id='word_1_226' title='bbox 443 2233 564 2275; x_wconf 64' lang='lat' dir='ltr'><strong>Tyrii</strong></span> <span class='ocrx_word' id='word_1_227' title='bbox 590 2233 762 2267; x_wconf 86' lang='lat' dir='ltr'><strong>Maxim.</strong></span> <span class='ocrx_word' id='word_1_228' title='bbox 778 2234 868 2264; x_wconf 71' lang='lat' dir='ltr'><strong>Dies,</strong></span> 
     </span>
     <span class='ocr_line' id='line_1_47' title="bbox 240 2278 871 2318; baseline 0.003 -11"><span class='ocrx_word' id='word_1_229' title='bbox 240 2278 311 2309; x_wconf 71' lang='lat' dir='ltr'><strong>vn,</strong></span> <span class='ocrx_word' id='word_1_230' title='bbox 333 2288 367 2318; x_wconf 83' lang='lat' dir='ltr'><strong>p.</strong></span> <span class='ocrx_word' id='word_1_231' title='bbox 393 2279 469 2311; x_wconf 82' lang='lat'><strong>119.</strong></span> <span class='ocrx_word' id='word_1_232' title='bbox 495 2278 550 2310; x_wconf 84' lang='lat' dir='ltr'><strong>ed.</strong></span> <span class='ocrx_word' id='word_1_233' title='bbox 569 2278 688 2311; x_wconf 73' lang='lat' dir='ltr'><strong>Reisk.</strong></span> <span class='ocrx_word' id='word_1_234' title='bbox 713 2289 733 2309; x_wconf 82' lang='lat' dir='ltr'><strong>a</strong></span> <span class='ocrx_word' id='word_1_235' title='bbox 756 2279 871 2309; x_wconf 89' lang='lat' dir='ltr'><strong>Win-</strong></span> 
     </span>
     <span class='ocr_line' id='line_1_48' title="bbox 237 2321 871 2356; baseline 0 -3"><span class='ocrx_word' id='word_1_236' title='bbox 237 2323 499 2354; x_wconf 80' lang='lat' dir='ltr'><strong>c‘kelmanno</strong></span> <span class='ocrx_word' id='word_1_237' title='bbox 536 2324 682 2354; x_wconf 72' lang='lat' dir='ltr'><strong>allatus:</strong></span> <span class='ocrx_word' id='word_1_238' title='bbox 712 2321 749 2353; x_wconf 89' lang='grc' dir='ltr'><strong>ιὸ</strong></span> <span class='ocrx_word' id='word_1_239' title='bbox 792 2322 871 2356; x_wconf 75' lang='grc' dir='ltr'><strong>καθ’</strong></span> 
     </span>
     <span class='ocr_line' id='line_1_49' title="bbox 240 2363 872 2406; baseline 0 -8"><span class='ocrx_word' id='word_1_240' title='bbox 240 2363 404 2406; x_wconf 71' lang='grc' dir='ltr'><em>ἁρμονίαν</em></span> <span class='ocrx_word' id='word_1_241' title='bbox 419 2364 617 2405; x_wconf 59' lang='lat' dir='ltr'><strong>&amp;macutum</strong></span> <span class='ocrx_word' id='word_1_242' title='bbox 628 2369 777 2399; x_wconf 79' lang='lat' dir='ltr'><strong>eximent</strong></span> <span class='ocrx_word' id='word_1_243' title='bbox 791 2368 872 2398; x_wconf 88' lang='lat' dir='ltr'><strong>item</strong></span> 
     </span>
     <span class='ocr_line' id='line_1_50' title="bbox 237 2412 874 2453; baseline -0.002 -10"><span class='ocrx_word' id='word_1_244' title='bbox 237 2412 328 2450; x_wconf 71' lang='lat' dir='ltr'><strong>fllia,</strong></span> <span class='ocrx_word' id='word_1_245' title='bbox 373 2421 461 2452; x_wconf 74' lang='lat' dir='ltr'><strong>quae</strong></span> <span class='ocrx_word' id='word_1_246' title='bbox 504 2413 646 2453; x_wconf 72' lang='lat' dir='ltr'><strong>collegit</strong></span> <span class='ocrx_word' id='word_1_247' title='bbox 682 2413 874 2453; x_wconf 81' lang='lat' dir='ltr'><strong>Wytten-</strong></span> 
     </span>
     <span class='ocr_line' id='line_1_51' title="bbox 239 2455 872 2490; baseline 0 -2"><span class='ocrx_word' id='word_1_248' title='bbox 239 2457 359 2489; x_wconf 20' lang='lat' dir='ltr'><strong>barch,</strong></span> <span class='ocrx_word' id='word_1_249' title='bbox 393 2457 440 2489; x_wconf 79' lang='lat' dir='ltr'><strong>ad</strong></span> <span class='ocrx_word' id='word_1_250' title='bbox 475 2455 648 2490; x_wconf 76' lang='lat' dir='ltr'><strong>Plutarch.</strong></span> <span class='ocrx_word' id='word_1_251' title='bbox 690 2457 744 2489; x_wconf 88' lang='lat' dir='ltr'><strong>De</strong></span> <span class='ocrx_word' id='word_1_252' title='bbox 786 2461 872 2488; x_wconf 85' lang='lat' dir='ltr'><strong>sent.</strong></span> 
     </span>
     <span class='ocr_line' id='line_1_52' title="bbox 240 2500 872 2542; baseline 0 -11"><span class='ocrx_word' id='word_1_253' title='bbox 240 2501 398 2541; x_wconf 77' lang='lat' dir='ltr'><strong>profectu</strong></span> <span class='ocrx_word' id='word_1_254' title='bbox 441 2501 477 2538; x_wconf 80' lang='lat' dir='ltr'><strong>in</strong></span> <span class='ocrx_word' id='word_1_255' title='bbox 513 2502 628 2534; x_wconf 80' lang='lat' dir='ltr'><strong>virtut.</strong></span> <span class='ocrx_word' id='word_1_256' title='bbox 672 2512 704 2542; x_wconf 85' lang='lat' dir='ltr'><strong>p.</strong></span> <span class='ocrx_word' id='word_1_257' title='bbox 745 2501 799 2536; x_wconf 84' lang='grc'><strong>76.</strong></span> <span class='ocrx_word' id='word_1_258' title='bbox 833 2500 872 2532; x_wconf 84' lang='lat' dir='ltr'><strong>C.</strong></span> 
     </span>
     <span class='ocr_line' id='line_1_53' title="bbox 241 2544 872 2586; baseline 0.005 -10"><span class='ocrx_word' id='word_1_259' title='bbox 241 2545 320 2577; x_wconf 79' lang='lat' dir='ltr'><strong>Vol.</strong></span> <span class='ocrx_word' id='word_1_260' title='bbox 350 2546 371 2577; x_wconf 87' lang='grc' dir='ltr'><strong>Ι.</strong></span> <span class='ocrx_word' id='word_1_261' title='bbox 396 2555 429 2586; x_wconf 87' lang='lat' dir='ltr'><strong>p.</strong></span> <span class='ocrx_word' id='word_1_262' title='bbox 454 2544 532 2578; x_wconf 85' lang='lat'><strong>561.</strong></span> <span class='ocrx_word' id='word_1_263' title='bbox 556 2547 610 2576; x_wconf 88' lang='lat' dir='ltr'><strong>ed.</strong></span> <span class='ocrx_word' id='word_1_264' title='bbox 637 2545 701 2576; x_wconf 89' lang='lat' dir='ltr'><strong>Ox.</strong></span> <span class='ocrx_word' id='word_1_265' title='bbox 722 2557 769 2576; x_wconf 83' lang='lat'><strong>-=</strong></span> <span class='ocrx_word' id='word_1_266' title='bbox 793 2545 872 2579; x_wconf 78' lang='lat'>446.</span> 
     </span>
     <span class='ocr_line' id='line_1_54' title="bbox 240 2589 873 2632; baseline -0.003 -10"><span class='ocrx_word' id='word_1_267' title='bbox 240 2590 297 2622; x_wconf 81' lang='lat' dir='ltr'><strong>ed.</strong></span> <span class='ocrx_word' id='word_1_268' title='bbox 320 2590 416 2632; x_wconf 79' lang='lat' dir='ltr'><strong>Lips.</strong></span> <span class='ocrx_word' id='word_1_269' title='bbox 462 2589 529 2620; x_wconf 80' lang='lat' dir='ltr'><strong>lam</strong></span> <span class='ocrx_word' id='word_1_270' title='bbox 556 2600 637 2621; x_wconf 89' lang='lat' dir='ltr'><strong>vero</strong></span> <span class='ocrx_word' id='word_1_271' title='bbox 663 2591 716 2621; x_wconf 84' lang='lat' dir='ltr'><strong>his</strong></span> <span class='ocrx_word' id='word_1_272' title='bbox 741 2591 790 2622; x_wconf 79' lang='lat' dir='ltr'><strong>ita</strong></span> <span class='ocrx_word' id='word_1_273' title='bbox 813 2600 873 2621; x_wconf 90' lang='lat' dir='ltr'><strong>ex-</strong></span> 
     </span>
     <span class='ocr_line' id='line_1_55' title="bbox 241 2634 873 2677; baseline -0.003 -11"><span class='ocrx_word' id='word_1_274' title='bbox 241 2635 386 2677; x_wconf 76' lang='lat' dir='ltr'><strong>ploratis</strong></span> <span class='ocrx_word' id='word_1_275' title='bbox 410 2634 585 2676; x_wconf 77' lang='lat' dir='ltr'><strong>pergimus</strong></span> <span class='ocrx_word' id='word_1_276' title='bbox 614 2635 657 2666; x_wconf 73' lang='lat' dir='ltr'><strong>ad</strong></span> <span class='ocrx_word' id='word_1_277' title='bbox 690 2636 795 2667; x_wconf 81' lang='lat' dir='ltr'><strong>verba</strong></span> <span class='ocrx_word' id='word_1_278' title='bbox 820 2634 873 2665; x_wconf 81' lang='grc' dir='ltr'><strong>καὶ</strong></span> 
     </span>
    </p>
   </div>
   <div class='ocr_carea' id='block_1_15' title="bbox 524 901 1565 946">
    <p class='ocr_par' dir='ltr' id='par_1_15' title="bbox 524 901 1565 946">
     <span class='ocr_line' id='line_1_56' title="bbox 524 901 1565 946; baseline 0 -11"><span class='ocrx_word' id='word_1_279' title='bbox 524 901 705 944; x_wconf 79' lang='grc' dir='ltr'><em>Μούσης</em></span> <span class='ocrx_word' id='word_1_280' title='bbox 731 901 750 935; x_wconf 87' lang='grc' dir='ltr'>ὅ</span> <span class='ocrx_word' id='word_1_281' title='bbox 773 914 807 934; x_wconf 90' lang='grc' dir='ltr'><strong>τι</strong></span> <span class='ocrx_word' id='word_1_282' title='bbox 832 903 936 946; x_wconf 83' lang='grc' dir='ltr'><em>πέπ.]</em></span> <span class='ocrx_word' id='word_1_283' title='bbox 966 903 1061 936; x_wconf 79' lang='lat' dir='ltr'><strong>Male</strong></span> <span class='ocrx_word' id='word_1_284' title='bbox 1082 905 1179 936; x_wconf 89' lang='lat' dir='ltr'><strong>editt.</strong></span> <span class='ocrx_word' id='word_1_285' title='bbox 1202 915 1307 945; x_wconf 82' lang='grc' dir='ltr'><em>χορικ.</em></span> <span class='ocrx_word' id='word_1_286' title='bbox 1333 901 1489 944; x_wconf 80' lang='grc' dir='ltr'><em>Μούσης,</em></span> <span class='ocrx_word' id='word_1_287' title='bbox 1515 902 1565 935; x_wconf 83' lang='grc' dir='ltr'><strong>ὄιι</strong></span> 
     </span>
    </p>
   </div>
   <div class='ocr_carea' id='block_1_16' title="bbox 936 1011 1612 2674">
    <p class='ocr_par' dir='ltr' id='par_1_16' title="bbox 936 1011 1612 1190">
     <span class='ocr_line' id='line_1_57' title="bbox 937 1011 1612 1056; baseline 0.003 -11"><span class='ocrx_word' id='word_1_288' title='bbox 937 1014 1058 1055; x_wconf 75' lang='grc' dir='ltr'><em>φωνῆς</em></span> <span class='ocrx_word' id='word_1_289' title='bbox 1085 1011 1305 1056; x_wconf 77' lang='grc' dir='ltr'><em>θηριώδους;</em></span> <span class='ocrx_word' id='word_1_290' title='bbox 1337 1025 1425 1056; x_wconf 84' lang='lat' dir='ltr'><strong>quae</strong></span> <span class='ocrx_word' id='word_1_291' title='bbox 1463 1025 1565 1056; x_wconf 88' lang='lat' dir='ltr'><strong>quor·</strong></span> <span class='ocrx_word' id='word_1_292' title='bbox 1610 1039 1612 1041; x_wconf 67' lang='lat'>.</span> 
     </span>
     <span class='ocr_line' id='line_1_58' title="bbox 937 1060 1565 1101; baseline 0.002 -10"><span class='ocrx_word' id='word_1_293' title='bbox 937 1070 1011 1091; x_wconf 80' lang='lat' dir='ltr'><strong>sum</strong></span> <span class='ocrx_word' id='word_1_294' title='bbox 1037 1064 1201 1101; x_wconf 84' lang='lat' dir='ltr'><strong>spectent</strong></span> <span class='ocrx_word' id='word_1_295' title='bbox 1217 1060 1346 1091; x_wconf 84' lang='lat' dir='ltr'><strong>clarum</strong></span> <span class='ocrx_word' id='word_1_296' title='bbox 1366 1065 1418 1091; x_wconf 87' lang='lat' dir='ltr'><strong>est</strong></span> <span class='ocrx_word' id='word_1_297' title='bbox 1443 1070 1484 1092; x_wconf 82' lang='lat' dir='ltr'><strong>ex</strong></span> <span class='ocrx_word' id='word_1_298' title='bbox 1509 1071 1565 1092; x_wconf 84' lang='lat' dir='ltr'><strong>su-</strong></span> 
     </span>
     <span class='ocr_line' id='line_1_59' title="bbox 936 1104 1583 1145; baseline 0.003 -10"><span class='ocrx_word' id='word_1_299' title='bbox 936 1104 1130 1145; x_wconf 89' lang='lat' dir='ltr'><strong>perioribus</strong></span> <span class='ocrx_word' id='word_1_300' title='bbox 1160 1105 1229 1136; x_wconf 86' lang='lat' dir='ltr'><strong>illis</strong></span> <span class='ocrx_word' id='word_1_301' title='bbox 1261 1115 1293 1145; x_wconf 89' lang='lat' dir='ltr'><strong>p.</strong></span> <span class='ocrx_word' id='word_1_302' title='bbox 1325 1105 1401 1139; x_wconf 85' lang='grc'><strong>669-</strong></span> <span class='ocrx_word' id='word_1_303' title='bbox 1432 1105 1470 1136; x_wconf 88' lang='lat' dir='ltr'><strong>C.</strong></span> <span class='ocrx_word' id='word_1_304' title='bbox 1502 1106 1564 1139; x_wconf 90' lang='lat' dir='ltr'><strong>D.·</strong></span> <span class='ocrx_word' id='word_1_305' title='bbox 1578 1108 1583 1113; x_wconf 77' lang='lat'><strong><em>‘</em></strong></span> 
     </span>
     <span class='ocr_line' id='line_1_60' title="bbox 937 1147 1566 1203; baseline 0.002 -23"><span class='ocrx_word' id='word_1_306' title='bbox 937 1150 983 1180; x_wconf 76' lang='grc' dir='ltr'><strong>ἔτι</strong></span> <span class='ocrx_word' id='word_1_307' title='bbox 1015 1148 1052 1180; x_wconf 85' lang='grc' dir='ltr'><strong>δὲ</strong></span> <span class='ocrx_word' id='word_1_308' title='bbox 1085 1149 1234 1203; x_wconf 74' lang='grc' dir='ltr'><em>θηρί’ωι</em></span> <span class='ocrx_word' id='word_1_309' title='bbox 1256 1147 1375 1189; x_wconf 78' lang='grc' dir='ltr'><em>φωνὰς</em></span> <span class='ocrx_word' id='word_1_310' title='bbox 1411 1151 1465 1181; x_wconf 84' lang='grc' dir='ltr'><strong>καὶ</strong></span> <span class='ocrx_word' id='word_1_311' title='bbox 1509 1147 1566 1181; x_wconf 83' lang='grc' dir='ltr'><em>ἀν-</em></span> 
     </span>
    </p>

    <p class='ocr_par' dir='ltr' id='par_1_17' title="bbox 936 1190 1566 1235">
     <span class='ocr_line' id='line_1_61' title="bbox 936 1190 1566 1235; baseline 0.003 -11"><span class='ocrx_word' id='word_1_312' title='bbox 936 1192 1090 1235; x_wconf 77' lang='grc' dir='ltr'><em>θρώπων</em></span> <span class='ocrx_word' id='word_1_313' title='bbox 1131 1195 1185 1225; x_wconf 80' lang='grc' dir='ltr'><strong>καὶ</strong></span> <span class='ocrx_word' id='word_1_314' title='bbox 1215 1190 1389 1235; x_wconf 81' lang='grc' dir='ltr'><em>ὀργάνων,</em></span> <span class='ocrx_word' id='word_1_315' title='bbox 1422 1206 1449 1226; x_wconf 86' lang='grc' dir='ltr'><strong>κ.</strong></span> <span class='ocrx_word' id='word_1_316' title='bbox 1483 1206 1509 1226; x_wconf 87' lang='grc' dir='ltr'><em>τ.</em></span> <span class='ocrx_word' id='word_1_317' title='bbox 1541 1196 1566 1226; x_wconf 77' lang='grc' dir='ltr'><strong>λ.</strong></span> 
     </span>
    </p>

    <p class='ocr_par' dir='ltr' id='par_1_18' title="bbox 937 1240 1571 1819">
     <span class='ocr_line' id='line_1_62' title="bbox 937 1240 1568 1279; baseline 0.003 -9"><span class='ocrx_word' id='word_1_318' title='bbox 937 1245 975 1270; x_wconf 89' lang='lat' dir='ltr'><strong>ut</strong></span> <span class='ocrx_word' id='word_1_319' title='bbox 1017 1240 1060 1271; x_wconf 92' lang='lat' dir='ltr'><strong>de</strong></span> <span class='ocrx_word' id='word_1_320' title='bbox 1099 1240 1142 1271; x_wconf 88' lang='lat' dir='ltr'><strong>iis</strong></span> <span class='ocrx_word' id='word_1_321' title='bbox 1185 1241 1302 1279; x_wconf 81' lang='lat' dir='ltr'><strong>paucis</strong></span> <span class='ocrx_word' id='word_1_322' title='bbox 1347 1241 1568 1272; x_wconf 81' lang='lat' dir='ltr'><strong>admonuisse</strong></span> 
     </span>
     <span class='ocr_line' id='line_1_63' title="bbox 937 1284 1569 1325; baseline 0 -9"><span class='ocrx_word' id='word_1_323' title='bbox 937 1284 1020 1316; x_wconf 83' lang='lat' dir='ltr'><strong>satis</strong></span> <span class='ocrx_word' id='word_1_324' title='bbox 1045 1285 1098 1317; x_wconf 87' lang='lat' dir='ltr'><strong>sit.</strong></span> <span class='ocrx_word' id='word_1_325' title='bbox 1148 1284 1259 1315; x_wconf 87' lang='lat' dir='ltr'><strong>Porro</strong></span> <span class='ocrx_word' id='word_1_326' title='bbox 1285 1285 1439 1316; x_wconf 80' lang='lat' dir='ltr'><strong>Astius</strong></span> <span class='ocrx_word' id='word_1_327' title='bbox 1469 1286 1569 1325; x_wconf 80' lang='grc' dir='ltr'><em>φίλον</em></span> 
     </span>
     <span class='ocr_line' id='line_1_64' title="bbox 937 1330 1567 1370; baseline 0.003 -11"><span class='ocrx_word' id='word_1_328' title='bbox 937 1330 1072 1370; x_wconf 84' lang='lat' dir='ltr'><strong>putavit</strong></span> <span class='ocrx_word' id='word_1_329' title='bbox 1096 1339 1172 1360; x_wconf 85' lang='lat' dir='ltr'><strong>eum</strong></span> <span class='ocrx_word' id='word_1_330' title='bbox 1196 1330 1358 1370; x_wconf 86' lang='lat' dir='ltr'><strong>genitivis</strong></span> <span class='ocrx_word' id='word_1_331' title='bbox 1387 1340 1462 1361; x_wconf 90' lang='lat' dir='ltr'><strong>esse</strong></span> <span class='ocrx_word' id='word_1_332' title='bbox 1487 1340 1567 1362; x_wconf 82' lang='lat' dir='ltr'><strong>con-</strong></span> 
     </span>
     <span class='ocr_line' id='line_1_65' title="bbox 937 1376 1569 1414; baseline 0.002 -8"><span class='ocrx_word' id='word_1_333' title='bbox 937 1380 1120 1410; x_wconf 84' lang='lat' dir='ltr'><strong>structum,</strong></span> <span class='ocrx_word' id='word_1_334' title='bbox 1147 1376 1310 1414; x_wconf 76' lang='lat' dir='ltr'><strong>quoniam</strong></span> <span class='ocrx_word' id='word_1_335' title='bbox 1335 1376 1484 1407; x_wconf 81' lang='lat' dir='ltr'><strong>activam</strong></span> <span class='ocrx_word' id='word_1_336' title='bbox 1509 1376 1569 1407; x_wconf 82' lang='lat' dir='ltr'><strong>ha-</strong></span> 
     </span>
     <span class='ocr_line' id='line_1_66' title="bbox 938 1420 1571 1461; baseline -0.002 -10"><span class='ocrx_word' id='word_1_337' title='bbox 938 1421 1017 1451; x_wconf 81' lang='lat' dir='ltr'><strong>beat</strong></span> <span class='ocrx_word' id='word_1_338' title='bbox 1040 1424 1261 1461; x_wconf 80' lang='lat' dir='ltr'><strong>potestatem,</strong></span> <span class='ocrx_word' id='word_1_339' title='bbox 1272 1421 1321 1450; x_wconf 85' lang='lat' dir='ltr'><strong>ita</strong></span> <span class='ocrx_word' id='word_1_340' title='bbox 1340 1425 1378 1450; x_wconf 86' lang='lat' dir='ltr'><strong>ut</strong></span> <span class='ocrx_word' id='word_1_341' title='bbox 1401 1420 1571 1460; x_wconf 86' lang='lat' dir='ltr'><strong>significet</strong></span> 
     </span>
     <span class='ocr_line' id='line_1_67' title="bbox 938 1465 1567 1505; baseline 0 -10"><span class='ocrx_word' id='word_1_342' title='bbox 938 1466 1040 1499; x_wconf 82' lang='lat' dir='ltr'><strong>idem.</strong></span> <span class='ocrx_word' id='word_1_343' title='bbox 1059 1465 1153 1504; x_wconf 92' lang='lat' dir='ltr'><strong>quod</strong></span> <span class='ocrx_word' id='word_1_344' title='bbox 1178 1474 1338 1501; x_wconf 78' lang='lat' dir='ltr'><strong>amans,</strong></span> <span class='ocrx_word' id='word_1_345' title='bbox 1360 1466 1567 1505; x_wconf 75' lang='lat' dir='ltr'><strong>cupidumL</strong></span> 
     </span>
     <span class='ocr_line' id='line_1_68' title="bbox 940 1509 1568 1550; baseline -0.002 -9"><span class='ocrx_word' id='word_1_346' title='bbox 940 1509 1016 1547; x_wconf 83' lang='lat' dir='ltr'><strong>Qua</strong></span> <span class='ocrx_word' id='word_1_347' title='bbox 1046 1510 1081 1540; x_wconf 91' lang='lat' dir='ltr'><strong>in</strong></span> <span class='ocrx_word' id='word_1_348' title='bbox 1112 1519 1149 1540; x_wconf 89' lang='lat' dir='ltr'><strong>re</strong></span> <span class='ocrx_word' id='word_1_349' title='bbox 1182 1511 1235 1540; x_wconf 86' lang='lat' dir='ltr'><strong>vir</strong></span> <span class='ocrx_word' id='word_1_350' title='bbox 1265 1511 1414 1550; x_wconf 86' lang='lat' dir='ltr'><strong>optimus</strong></span> <span class='ocrx_word' id='word_1_351' title='bbox 1439 1510 1568 1550; x_wconf 88' lang='lat' dir='ltr'><strong>duplici</strong></span> 
     </span>
     <span class='ocr_line' id='line_1_69' title="bbox 939 1554 1569 1593; baseline 0 -7"><span class='ocrx_word' id='word_1_352' title='bbox 939 1556 1077 1586; x_wconf 77' lang='lat' dir='ltr'><strong>nomine</strong></span> <span class='ocrx_word' id='word_1_353' title='bbox 1111 1554 1256 1585; x_wconf 81' lang='lat' dir='ltr'><strong>fallitur.</strong></span> <span class='ocrx_word' id='word_1_354' title='bbox 1305 1554 1393 1585; x_wconf 86' lang='lat' dir='ltr'><strong>Nam</strong></span> <span class='ocrx_word' id='word_1_355' title='bbox 1422 1556 1569 1593; x_wconf 85' lang='lat' dir='ltr'><strong>primum</strong></span> 
     </span>
     <span class='ocr_line' id='line_1_70' title="bbox 940 1599 1569 1640; baseline 0 -10"><span class='ocrx_word' id='word_1_356' title='bbox 940 1600 1078 1640; x_wconf 89' lang='lat' dir='ltr'><strong>quidem</strong></span> <span class='ocrx_word' id='word_1_357' title='bbox 1101 1599 1202 1638; x_wconf 72' lang='grc' dir='ltr'><em>φίλον</em></span> <span class='ocrx_word' id='word_1_358' title='bbox 1218 1609 1392 1639; x_wconf 85' lang='lat' dir='ltr'><strong>nunquam</strong></span> <span class='ocrx_word' id='word_1_359' title='bbox 1408 1599 1458 1629; x_wconf 85' lang='lat' dir='ltr'><strong>sic</strong></span> <span class='ocrx_word' id='word_1_360' title='bbox 1472 1610 1569 1630; x_wconf 85' lang='lat' dir='ltr'><strong>usur-</strong></span> 
     </span>
     <span class='ocr_line' id='line_1_71' title="bbox 939 1644 1570 1685; baseline 0 -10"><span class='ocrx_word' id='word_1_361' title='bbox 939 1649 1055 1685; x_wconf 86' lang='lat' dir='ltr'><strong>patum</strong></span> <span class='ocrx_word' id='word_1_362' title='bbox 1083 1648 1151 1680; x_wconf 87' lang='lat' dir='ltr'><strong>est‚·</strong></span> <span class='ocrx_word' id='word_1_363' title='bbox 1176 1644 1300 1674; x_wconf 90' lang='lat' dir='ltr'><strong>deinde</strong></span> <span class='ocrx_word' id='word_1_364' title='bbox 1329 1644 1473 1684; x_wconf 86' lang='lat' dir='ltr'><strong>genitivi</strong></span> <span class='ocrx_word' id='word_1_365' title='bbox 1499 1655 1570 1675; x_wconf 92' lang='lat' dir='ltr'><strong>non</strong></span> 
     </span>
     <span class='ocr_line' id='line_1_72' title="bbox 940 1689 1570 1728; baseline 0.002 -9"><span class='ocrx_word' id='word_1_366' title='bbox 940 1699 982 1720; x_wconf 85' lang='lat' dir='ltr'><strong>ex</strong></span> <span class='ocrx_word' id='word_1_367' title='bbox 1012 1689 1079 1719; x_wconf 86' lang='lat' dir='ltr'><strong>hoc</strong></span> <span class='ocrx_word' id='word_1_368' title='bbox 1109 1689 1247 1719; x_wconf 89' lang='lat' dir='ltr'><strong>nomine</strong></span> <span class='ocrx_word' id='word_1_369' title='bbox 1281 1689 1352 1728; x_wconf 85' lang='lat' dir='ltr'><strong>apti</strong></span> <span class='ocrx_word' id='word_1_370' title='bbox 1383 1693 1480 1724; x_wconf 90' lang='lat' dir='ltr'><strong>sunt,</strong></span> <span class='ocrx_word' id='word_1_371' title='bbox 1510 1690 1570 1720; x_wconf 88' lang='lat' dir='ltr'><strong>sed</strong></span> 
     </span>
     <span class='ocr_line' id='line_1_73' title="bbox 940 1729 1571 1775; baseline -0.002 -10"><span class='ocrx_word' id='word_1_372' title='bbox 940 1735 1092 1775; x_wconf 84' lang='lat' dir='ltr'><strong>pendent</strong></span> <span class='ocrx_word' id='word_1_373' title='bbox 1122 1734 1237 1773; x_wconf 89' lang='lat' dir='ltr'><strong>potius</strong></span> <span class='ocrx_word' id='word_1_374' title='bbox 1273 1743 1315 1763; x_wconf 85' lang='lat' dir='ltr'><strong>ex</strong></span> <span class='ocrx_word' id='word_1_375' title='bbox 1346 1729 1496 1764; x_wconf 72' lang='grc' dir='ltr'><em>δπόσονε</em></span> <span class='ocrx_word' id='word_1_376' title='bbox 1529 1735 1571 1764; x_wconf 87' lang='lat' dir='ltr'><strong>de</strong></span> 
     </span>
     <span class='ocr_line' id='line_1_74' title="bbox 942 1779 1570 1819; baseline -0.003 -9"><span class='ocrx_word' id='word_1_377' title='bbox 942 1789 1011 1819; x_wconf 81' lang='lat' dir='ltr'><strong>qua</strong></span> <span class='ocrx_word' id='word_1_378' title='bbox 1039 1783 1212 1809; x_wconf 77' lang='lat' dir='ltr'><strong>structura</strong></span> <span class='ocrx_word' id='word_1_379' title='bbox 1245 1788 1312 1808; x_wconf 84' lang='lat' dir='ltr'><strong>non</strong></span> <span class='ocrx_word' id='word_1_380' title='bbox 1337 1783 1389 1809; x_wconf 87' lang='lat' dir='ltr'><strong>est</strong></span> <span class='ocrx_word' id='word_1_381' title='bbox 1412 1788 1481 1810; x_wconf 84' lang='lat' dir='ltr'><strong>cur</strong></span> <span class='ocrx_word' id='word_1_382' title='bbox 1496 1779 1570 1818; x_wconf 85' lang='lat' dir='ltr'><strong>plu-</strong></span> 
     </span>
    </p>

    <p class='ocr_par' dir='ltr' id='par_1_19' title="bbox 939 1823 1572 2045">
     <span class='ocr_line' id='line_1_75' title="bbox 942 1823 1571 1855; baseline 0 -1"><span class='ocrx_word' id='word_1_383' title='bbox 942 1825 1038 1855; x_wconf 84' lang='lat' dir='ltr'><strong>ribus</strong></span> <span class='ocrx_word' id='word_1_384' title='bbox 1082 1824 1301 1854; x_wconf 84' lang='lat' dir='ltr'><strong>disseramus.</strong></span> <span class='ocrx_word' id='word_1_385' title='bbox 1361 1823 1438 1854; x_wconf 87' lang='lat' dir='ltr'><strong>Nisi</strong></span> <span class='ocrx_word' id='word_1_386' title='bbox 1480 1824 1571 1854; x_wconf 81' lang='lat' dir='ltr'><strong>forte</strong></span> 
     </span>
     <span class='ocr_line' id='line_1_76' title="bbox 941 1869 1572 1911; baseline 0 -12"><span class='ocrx_word' id='word_1_387' title='bbox 941 1873 1096 1910; x_wconf 82' lang='lat' dir='ltr'><strong>praestat</strong></span> <span class='ocrx_word' id='word_1_388' title='bbox 1142 1869 1273 1911; x_wconf 77' lang='lat' dir='ltr'><strong>dicere,</strong></span> <span class='ocrx_word' id='word_1_389' title='bbox 1317 1877 1378 1899; x_wconf 86' lang='lat' dir='ltr'><strong>eos</strong></span> <span class='ocrx_word' id='word_1_390' title='bbox 1418 1869 1572 1900; x_wconf 83' lang='lat' dir='ltr'><strong>indicare</strong></span> 
     </span>
     <span class='ocr_line' id='line_1_77' title="bbox 941 1914 1571 1954; baseline 0 -10"><span class='ocrx_word' id='word_1_391' title='bbox 941 1915 1108 1945; x_wconf 80' lang='lat' dir='ltr'><strong>rationem</strong></span> <span class='ocrx_word' id='word_1_392' title='bbox 1122 1917 1156 1944; x_wconf 88' lang='lat' dir='ltr'><strong>et</strong></span> <span class='ocrx_word' id='word_1_393' title='bbox 1168 1923 1336 1951; x_wconf 82' lang='lat' dir='ltr'><strong>caussam,</strong></span> <span class='ocrx_word' id='word_1_394' title='bbox 1351 1914 1571 1954; x_wconf 82' lang='lat' dir='ltr'><strong>quamobrem</strong></span> 
     </span>
     <span class='ocr_line' id='line_1_78' title="bbox 939 1959 1571 1999; baseline -0.005 -8"><span class='ocrx_word' id='word_1_395' title='bbox 939 1960 1034 1992; x_wconf 87' lang='lat' dir='ltr'><strong>istud</strong></span> <span class='ocrx_word' id='word_1_396' title='bbox 1070 1959 1171 1999; x_wconf 77' lang='grc' dir='ltr'><em>φίλον</em></span> <span class='ocrx_word' id='word_1_397' title='bbox 1200 1959 1370 1989; x_wconf 85' lang='lat' dir='ltr'><strong>videatur.</strong></span> <span class='ocrx_word' id='word_1_398' title='bbox 1402 1968 1432 1988; x_wconf 91' lang='lat' dir='ltr'><strong>v.</strong></span> <span class='ocrx_word' id='word_1_399' title='bbox 1467 1959 1571 1989; x_wconf 82' lang='lat' dir='ltr'><strong>Mat-</strong></span> 
     </span>
     <span class='ocr_line' id='line_1_79' title="bbox 940 2000 1571 2045; baseline -0.01 -7"><span class='ocrx_word' id='word_1_400' title='bbox 940 2005 1058 2039; x_wconf 80' lang='lat' dir='ltr'><strong>thiae</strong></span> <span class='ocrx_word' id='word_1_401' title='bbox 1087 2003 1148 2035; x_wconf 82' lang='lat' dir='ltr'><strong>Gr.</strong></span> <span class='ocrx_word' id='word_1_402' title='bbox 1181 2004 1210 2045; x_wconf 70' lang='grc' dir='ltr'><strong>ξ.</strong></span> <span class='ocrx_word' id='word_1_403' title='bbox 1248 2002 1325 2036; x_wconf 82' lang='grc'>339.</span> <span class='ocrx_word' id='word_1_404' title='bbox 1383 2000 1469 2033; x_wconf 84' lang='lat' dir='ltr'><strong>Utnt</strong></span> <span class='ocrx_word' id='word_1_405' title='bbox 1508 2007 1571 2041; x_wconf 81' lang='lat' dir='ltr'><strong>est,</strong></span> 
     </span>
    </p>

    <p class='ocr_par' dir='ltr' id='par_1_20' title="bbox 938 2047 1572 2133">
     <span class='ocr_line' id='line_1_80' title="bbox 939 2047 1572 2093; baseline -0.011 -8"><span class='ocrx_word' id='word_1_406' title='bbox 939 2057 1031 2085; x_wconf 88' lang='lat' dir='ltr'><strong>certe</strong></span> <span class='ocrx_word' id='word_1_407' title='bbox 1069 2050 1211 2093; x_wconf 84' lang='lat' dir='ltr'><strong>quidem</strong></span> <span class='ocrx_word' id='word_1_408' title='bbox 1239 2047 1434 2080; x_wconf 87' lang='lat' dir='ltr'><strong>Astium</strong></span> <span class='ocrx_word' id='word_1_409' title='bbox 1475 2048 1572 2078; x_wconf 78' lang='lat' dir='ltr'><strong>iuxta</strong></span> 
     </span>
     <span class='ocr_line' id='line_1_81' title="bbox 938 2092 1570 2133; baseline -0.013 -3"><span class='ocrx_word' id='word_1_410' title='bbox 938 2109 1014 2130; x_wconf 85' lang='lat' dir='ltr'><strong>cum</strong></span> <span class='ocrx_word' id='word_1_411' title='bbox 1044 2098 1121 2130; x_wconf 85' lang='lat' dir='ltr'><strong>aliis</strong></span> <span class='ocrx_word' id='word_1_412' title='bbox 1154 2096 1255 2128; x_wconf 79' lang='lat' dir='ltr'><strong>etiam</strong></span> <span class='ocrx_word' id='word_1_413' title='bbox 1299 2092 1335 2126; x_wconf 84' lang='lat' dir='ltr'><strong>in</strong></span> <span class='ocrx_word' id='word_1_414' title='bbox 1371 2092 1424 2123; x_wconf 86' lang='lat' dir='ltr'><strong>his</strong></span> <span class='ocrx_word' id='word_1_415' title='bbox 1462 2093 1570 2133; x_wconf 88' lang='lat' dir='ltr'><strong>expli-</strong></span> 
     </span>
    </p>

    <p class='ocr_par' dir='ltr' id='par_1_21' title="bbox 939 2138 1570 2183">
     <span class='ocr_line' id='line_1_82' title="bbox 939 2138 1570 2183; baseline -0.01 -9"><span class='ocrx_word' id='word_1_416' title='bbox 939 2143 1059 2183; x_wconf 82' lang='lat' dir='ltr'><strong>eandis</strong></span> <span class='ocrx_word' id='word_1_417' title='bbox 1085 2143 1256 2174; x_wconf 81' lang='lat' dir='ltr'><strong>erravisse</strong></span> <span class='ocrx_word' id='word_1_418' title='bbox 1281 2149 1344 2182; x_wconf 79' lang='lat' dir='ltr'><strong>pro</strong></span> <span class='ocrx_word' id='word_1_419' title='bbox 1370 2142 1464 2171; x_wconf 76' lang='lat' dir='ltr'><strong>certo</strong></span> <span class='ocrx_word' id='word_1_420' title='bbox 1478 2138 1570 2169; x_wconf 68' lang='lat' dir='ltr'><strong>affin·</strong></span> 
     </span>
    </p>

    <p class='ocr_par' dir='ltr' id='par_1_22' title="bbox 937 2183 1572 2542">
     <span class='ocr_line' id='line_1_83' title="bbox 939 2183 1572 2220; baseline -0.009 -1"><span class='ocrx_word' id='word_1_421' title='bbox 939 2198 1032 2220; x_wconf 81' lang='lat' dir='ltr'><strong>mare</strong></span> <span class='ocrx_word' id='word_1_422' title='bbox 1068 2198 1135 2218; x_wconf 91' lang='lat' dir='ltr'><strong>non</strong></span> <span class='ocrx_word' id='word_1_423' title='bbox 1173 2187 1378 2219; x_wconf 84' lang='lat' dir='ltr'><strong>dubitamus.</strong></span> <span class='ocrx_word' id='word_1_424' title='bbox 1428 2183 1572 2217; x_wconf 80' lang='lat' dir='ltr'><strong>Accedi-</strong></span> 
     </span>
     <span class='ocr_line' id='line_1_84' title="bbox 938 2228 1569 2272; baseline -0.002 -8"><span class='ocrx_word' id='word_1_425' title='bbox 938 2235 1013 2264; x_wconf 71' lang='lat' dir='ltr'><strong>mus</strong></span> <span class='ocrx_word' id='word_1_426' title='bbox 1037 2232 1184 2272; x_wconf 86' lang='lat' dir='ltr'><strong>denique</strong></span> <span class='ocrx_word' id='word_1_427' title='bbox 1214 2228 1274 2262; x_wconf 55' lang='lat' dir='ltr'><strong>ad⁴</strong></span> <span class='ocrx_word' id='word_1_428' title='bbox 1293 2233 1414 2262; x_wconf 84' lang='lat' dir='ltr'><strong>ultima</strong></span> <span class='ocrx_word' id='word_1_429' title='bbox 1445 2230 1569 2264; x_wconf 68' lang='lat' dir='ltr'><strong>verba?</strong></span> 
     </span>
     <span class='ocr_line' id='line_1_85' title="bbox 941 2273 1571 2318; baseline -0.002 -10"><span class='ocrx_word' id='word_1_430' title='bbox 941 2275 1003 2318; x_wconf 72' lang='grc' dir='ltr'><strong>πλὴ</strong></span> <span class='ocrx_word' id='word_1_431' title='bbox 1008 2288 1025 2307; x_wconf 87' lang='grc' dir='ltr'><em>ν</em></span> <span class='ocrx_word' id='word_1_432' title='bbox 1058 2274 1144 2308; x_wconf 84' lang='grc' dir='ltr'><em>ὅσοι</em></span> <span class='ocrx_word' id='word_1_433' title='bbox 1174 2273 1241 2307; x_wconf 75' lang='grc' dir='ltr'><strong>ιῖπὸ</strong></span> <span class='ocrx_word' id='word_1_434' title='bbox 1273 2275 1412 2317; x_wconf 67' lang='grc' dir='ltr'><em>ὄρχησίν</em></span> <span class='ocrx_word' id='word_1_435' title='bbox 1451 2287 1483 2307; x_wconf 79' lang='grc' dir='ltr'><em>τε</em></span> <span class='ocrx_word' id='word_1_436' title='bbox 1516 2276 1571 2307; x_wconf 77' lang='grc' dir='ltr'><strong>καί</strong></span> 
     </span>
     <span class='ocr_line' id='line_1_86' title="bbox 937 2318 1569 2368; baseline 0 -15"><span class='ocrx_word' id='word_1_437' title='bbox 937 2318 1045 2364; x_wconf 80' lang='grc' dir='ltr'><em>ῳδήν.</em></span> <span class='ocrx_word' id='word_1_438' title='bbox 1088 2321 1188 2368; x_wconf 52' lang='lat' dir='ltr'><strong>Quzge</strong></span> <span class='ocrx_word' id='word_1_439' title='bbox 1212 2322 1351 2362; x_wconf 88' lang='lat' dir='ltr'><strong>quidem</strong></span> <span class='ocrx_word' id='word_1_440' title='bbox 1363 2322 1569 2361; x_wconf 83' lang='lat' dir='ltr'><strong>explicanda</strong></span> 
     </span>
     <span class='ocr_line' id='line_1_87' title="bbox 939 2367 1570 2398; baseline 0 0"><span class='ocrx_word' id='word_1_441' title='bbox 939 2367 1099 2398; x_wconf 79' lang='lat' dir='ltr'><strong>videntur</strong></span> <span class='ocrx_word' id='word_1_442' title='bbox 1131 2367 1223 2397; x_wconf 80' lang='lat' dir='ltr'><strong>hunc</strong></span> <span class='ocrx_word' id='word_1_443' title='bbox 1254 2367 1289 2397; x_wconf 83' lang='lat' dir='ltr'><strong>in</strong></span> <span class='ocrx_word' id='word_1_444' title='bbox 1325 2367 1482 2398; x_wconf 90' lang='lat' dir='ltr'><strong>modum.</strong></span> <span class='ocrx_word' id='word_1_445' title='bbox 1508 2367 1570 2398; x_wconf 82' lang='lat' dir='ltr'><strong>ita</strong></span> 
     </span>
     <span class='ocr_line' id='line_1_88' title="bbox 941 2411 1567 2443; baseline 0 -1"><span class='ocrx_word' id='word_1_446' title='bbox 941 2415 988 2442; x_wconf 87' lang='lat' dir='ltr'><strong>ut</strong></span> <span class='ocrx_word' id='word_1_447' title='bbox 1012 2411 1147 2442; x_wconf 81' lang='lat' dir='ltr'><strong>tibiae</strong></span> <span class='ocrx_word' id='word_1_448' title='bbox 1182 2417 1223 2442; x_wconf 88' lang='lat' dir='ltr'><strong>et</strong></span> <span class='ocrx_word' id='word_1_449' title='bbox 1246 2411 1449 2443; x_wconf 74' lang='lat' dir='ltr'><strong>citharae</strong></span> <span class='ocrx_word' id='word_1_450' title='bbox 1471 2412 1567 2443; x_wconf 86' lang='lat' dir='ltr'><strong>lusu</strong></span> 
     </span>
     <span class='ocr_line' id='line_1_89' title="bbox 941 2453 1569 2497; baseline 0.002 -11"><span class='ocrx_word' id='word_1_451' title='bbox 941 2460 1094 2487; x_wconf 81' lang='lat' dir='ltr'><strong>utatur</strong></span> <span class='ocrx_word' id='word_1_452' title='bbox 1131 2454 1215 2497; x_wconf 76' lang='grc' dir='ltr'><em>πλὴν</em></span> <span class='ocrx_word' id='word_1_453' title='bbox 1260 2456 1443 2493; x_wconf 84' lang='grc' dir='ltr'><em>τοσοῦτον,</em></span> <span class='ocrx_word' id='word_1_454' title='bbox 1483 2453 1569 2487; x_wconf 86' lang='grc' dir='ltr'><em>ὅσον</em></span> 
     </span>
     <span class='ocr_line' id='line_1_90' title="bbox 943 2480 1568 2542; baseline 0.002 -11"><span class='ocrx_word' id='word_1_455' title='bbox 943 2496 1014 2532; x_wconf 78' lang='grc' dir='ltr'><strong>ὖπᾶ</strong></span> <span class='ocrx_word' id='word_1_456' title='bbox 1045 2498 1183 2541; x_wconf 63' lang='grc' dir='ltr'><em>ὄρχησίν</em></span> <span class='ocrx_word' id='word_1_457' title='bbox 1213 2510 1246 2531; x_wconf 81' lang='grc' dir='ltr'><em>τε</em></span> <span class='ocrx_word' id='word_1_458' title='bbox 1272 2501 1325 2531; x_wconf 86' lang='grc' dir='ltr'><strong>και</strong></span> <span class='ocrx_word' id='word_1_459' title='bbox 1347 2480 1464 2542; x_wconf 49' lang='grc' dir='ltr'><strong>(1ιῖδηίιῖλ</strong></span> <span class='ocrx_word' id='word_1_460' title='bbox 1475 2511 1568 2532; x_wconf 82' lang='lat' dir='ltr'><strong>aus</strong></span> 
     </span>
    </p>

    <p class='ocr_par' dir='ltr' id='par_1_23' title="bbox 940 2545 1567 2674">
     <span class='ocr_line' id='line_1_91' title="bbox 940 2545 1567 2585; baseline 0.002 -8"><span class='ocrx_word' id='word_1_461' title='bbox 940 2555 1006 2577; x_wconf 75' lang='lat' dir='ltr'><strong>ser</strong></span> <span class='ocrx_word' id='word_1_462' title='bbox 1036 2555 1114 2578; x_wconf 86' lang='lat' dir='ltr'><strong>nur</strong></span> <span class='ocrx_word' id='word_1_463' title='bbox 1143 2547 1187 2576; x_wconf 90' lang='lat' dir='ltr'><strong>in</strong></span> <span class='ocrx_word' id='word_1_464' title='bbox 1220 2547 1389 2585; x_wconf 88' lang='lat' dir='ltr'><strong>soweit‚</strong></span> <span class='ocrx_word' id='word_1_465' title='bbox 1424 2545 1488 2576; x_wconf 82' lang='lat' dir='ltr'><strong>als</strong></span> <span class='ocrx_word' id='word_1_466' title='bbox 1526 2555 1567 2578; x_wconf 81' lang='lat' dir='ltr'><strong>es</strong></span> 
     </span>
     <span class='ocr_line' id='line_1_92' title="bbox 941 2590 1566 2630; baseline 0.003 -10"><span class='ocrx_word' id='word_1_467' title='bbox 941 2600 1032 2621; x_wconf 84' lang='lat' dir='ltr'><strong>zum</strong></span> <span class='ocrx_word' id='word_1_468' title='bbox 1055 2591 1171 2621; x_wconf 78' lang='lat' dir='ltr'><strong>Tanz</strong></span> <span class='ocrx_word' id='word_1_469' title='bbox 1197 2590 1280 2620; x_wconf 89' lang='lat' dir='ltr'><strong>und</strong></span> <span class='ocrx_word' id='word_1_470' title='bbox 1304 2590 1476 2630; x_wconf 80' lang='lat' dir='ltr'><strong>Gesang</strong></span> <span class='ocrx_word' id='word_1_471' title='bbox 1505 2600 1566 2629; x_wconf 85' lang='lat' dir='ltr'><strong>ge—</strong></span> 
     </span>
     <span class='ocr_line' id='line_1_93' title="bbox 941 2634 1567 2674; baseline 0.002 -9"><span class='ocrx_word' id='word_1_472' title='bbox 941 2634 1059 2671; x_wconf 59' lang='lat' dir='ltr'><strong>hert,</strong></span> <span class='ocrx_word' id='word_1_473' title='bbox 1086 2636 1146 2666; x_wconf 82' lang='lat' dir='ltr'><strong>als</strong></span> <span class='ocrx_word' id='word_1_474' title='bbox 1187 2643 1265 2665; x_wconf 88' lang='lat' dir='ltr'><strong>nur</strong></span> <span class='ocrx_word' id='word_1_475' title='bbox 1300 2644 1374 2665; x_wconf 86' lang='lat' dir='ltr'><strong>zur</strong></span> <span class='ocrx_word' id='word_1_476' title='bbox 1403 2634 1567 2674; x_wconf 85' lang='lat' dir='ltr'><strong>Beglei-</strong></span> 
     </span>
    </p>
   </div>
  </div>
 </body>
</html>
