1612 2872
230 118 312 161 DE
347 117 626 161 LEGIBUS
662 117 780 160 LIB.
815 117 901 159 111.
936 116 982 158 P.
1017 118 1111 161 676.
1145 115 1195 160 St

1339 117 1422 158 253

54 240 100 282 δὲ
147 238 228 281 τοῦ
276 236 486 290 πλήθους
532 234 666 290 λόγον
727 234 808 279 οὐκ
852 235 1064 286 ἐλάττους
1107 238 1422 295 ἐφθαρμέναι;

55 308 416 361 πεὴολιτευμέναι
451 303 492 346 δ’
529 297 587 346 αὖ
632 302 780 353 πάσας
815 306 1040 355 πολιτείας
1070 302 1285 352 πολλάκις
1319 306 1417 346 ἐκα-
1451 302 1488 345 C

54 374 247 429 σταχοῦς
282 375 355 415 καὶ
389 373 490 415 τοτὲ
525 373 604 425 μὲν
638 371 682 423 ἐξ
716 369 967 414 ἐλαττόνων
1011 373 1203 426 μείζους,
1241 373 1342 413 τοτὲ
1377 368 1416 413 δ’

54 446 100 484 ὲκ
130 438 343 495 μειζόνων
377 437 599 490 ἐλάττους,
625 440 698 481 καὶ
728 441 904 495 χείρους
942 443 987 481 ἐκ
1022 438 1263 494 βελτιόνων
1299 436 1423 494 γεγό-

53 522 154 551 νασι
190 509 262 550 καὶ
297 508 498 562 βελτίους
532 510 578 549 ὲκ
609 505 844 562 χειρόνων,

164 575 263 618 ΚΛ.
331 571 612 628 Ἀναγκαῖον.

109 642 252 684 ἼΑΘ
327 639 504 692 Ἰαὼ-ης
549 637 602 692 δὴ
647 643 744 693 πὲρι
788 637 1019 693 λαβωμεν,
1059 643 1094 682 εὶ
1149 641 1422 694 ‹iuvantes-ta,

52 709 132 761 τῆς
179 709 432 763 μεταβολῆς
479 705 561 758 τὴν
607 710 780 748 αὶτιαν·
816 705 932 760 τάχα
977 702 1067 761 γὰρ
1102 703 1161 748 ἂν
1200 706 1300 756 ι’σως
1339 709 1423 750 ‹Jal-

52 775 161 828 ξειεν
208 772 311 830 ἡμῖν
357 773 440 827 τὴν
497 772 678 830 πρώτην
721 775 808 816 τῶν
851 775 1086 816 πολιτειων
1131 777 1298 829 γένεσιν
1346 779 1419 817 καὶ

51 842 312 899 μετάβασιν.

160 910 261 952 ΚΛ.
331 901 397 952 Εὖ
433 910 591 962 λέγεις,
628 908 701 950 καὶ
738 909 1088 963 προθυμεῖσθαι
1125 908 1213 957 δεῖ,
1257 910 1302 950 σὲ
1337 910 1418 962 μὲν

53 973 76 1020 ὃ
113 979 281 1020 διανοεῖ
316 977 411 1034 περὶ
449 975 599 1018 αὐτῶν
631 974 1026 1033 ἀποφαινόμενον,
1062 971 1180 1030 ἡμᾶς
1218 977 1262 1018 δὲ
1298 975 1418 1027 ξυνε-

52 1048 286 1100 πομένους.

151 1112 253 1154 ΑΘ.
309 1104 411 1166 'A9’
453 1102 535 1153 οὖν
580 1107 685 1166 ὑμῖν
722 1111 765 1152 οἱ
811 1110 995 1152 παλαιοὶ
1026 1107 1151 1164 λόγοι
1187 1107 1414 1162 ἀλήθειαν
1445 1109 1528 1150 677

52 1180 163 1235 ἔχειν
200 1175 300 1221 τινὰ
333 1179 540 1230 δοκοῦσι,

52 1368 125 1396 μων
150 1367 188 1398 γε
213 1350 333 1388 οὖνΑ.
351 1355 458 1397 (teste
476 1353 672 1397 Bekkero),
688 1365 799 1397 marg.
823 1353 862 1388 Ω.
876 1354 899 1387 f.
914 1365 945 1387 a.
960 1365 992 1387 o.
1007 1355 1081 1395 μῶι
1105 1349 1193 1395 otim·
1217 1356 1349 1389 omisso
1364 1367 1412 1399 γε.

145 1401 186 1435 C.
241 1399 413 1444 Tav'trs
447 1399 493 1443 δὴ·
530 1401 628 1444 πέρι
658 1400 882 1444 λάβωμεν]
915 1400 1038 1444 Steph.
1075 1400 1331 1446 περιλάβωμεν,
1359 1404 1413 1435 in-

52 1449 133 1481 vitis
159 1449 260 1482 codd.
286 1459 366 1483 mss.
392 1453 427 1481 et
451 1449 549 1481 editt.
575 1452 661 1481 vett.

51 1618 91 1649 γε
119 1618 184 1649 pro
217 1606 296 1640 τόδε
326 1607 364 1640 δέ
395 1619 433 1651 γε
464 1612 634 1650 usurpato
660 1619 693 1640 v.

53 1653 194 1686 Politia.
219 1665 252 1696 p.
275 1654 354 1689 305.
369 1654 413 1689 C:
440 1653 479 1686 τό
503 1666 541 1697 γε
566 1652 608 1697 δὴ
635 1666 694 1686 κα·

51 1699 246 1742 ιανοηιὲον.
276 1702 334 1733 ubi
370 1706 487 1733 tamen
520 1701 599 1733 libri
629 1702 694 1733 ali-

50 1751 136 1787 quot
162 1745 239 1779 τόδε
264 1745 305 1788 δὴ
332 1759 402 1779 κατ.
427 1748 637 1802 Euthydem.
659 1758 692 1789 p.

50 1792 130 1827 291.
146 1794 198 1824 A:
223 1789 304 1824 ἀλλὰ
319 1790 387 1835 μὴν
407 1792 446 1826 τό
471 1805 508 1835 γε
536 1805 574 1825 ευ
603 1789 693 1826 οἶδα.

49 1839 111 1870 ubi
134 1840 218 1870 item
241 1840 303 1871 alii
318 1837 395 1871 τάδε
420 1834 459 1871 εὖ
486 1835 572 1871 οιδα.
611 1839 693 1871 Om-

50 1885 135 1916 nino
170 1885 227 1916 hic
264 1895 348 1917 usus
390 1886 558 1927 loquendi
597 1886 694 1926 apud

51 1930 193 1962 Atticos
227 1932 353 1962 merito
379 1937 561 1972 suspectus
586 1931 692 1963 habe-

49 1982 118 2010 tur.
145 1987 178 2008 v.
204 1977 309 2009 Lud.
327 1977 530 2010 Dindorf.
558 1978 603 2010 ad
619 1977 692 2009 Xe-

50 2022 146 2064 noph
177 2022 282 2056 Mem.
310 2034 343 2065 p.
356 2023 413 2058 40.
442 2028 477 2056 et
502 2034 594 2065 quae
619 2033 692 2055 mo-

49 2068 110 2101 nui
141 2068 217 2111 ipse
246 2069 293 2101 ad
328 2071 442 2102 iocum
471 2069 693 2111 Euthydemi,

49 2115 150 2147 euius
160 2116 371 2148 mentionem
384 2117 579 2148 iniecimus.
596 2115 691 2154 Quo·

50 2161 144 2193 eirea
187 2162 291 2194 facile
348 2164 601 2195 assentiremur
648 2163 691 2199 ei,

50 2207 110 2247 qui
139 2205 229 2239 Τόδε
255 2219 294 2249 γε
323 2209 511 2250 legendum
541 2209 692 2248 censuit,

51 2252 118 2283 nisi
148 2254 386 2295 requireretur
402 2262 406 2266 ·
423 2256 599 2297 particula
629 2255 714 2309 θιὼ·

51 2299 228 2331 versatim
265 2299 312 2332 δέ.
368 2301 544 2334 Maiumus
583 2302 693 2342 igitur

56 2342 146 2376 Τόδε
171 2343 209 2376 δέ
232 2356 279 2387 γε.
319 2346 397 2378 Nisi
422 2348 512 2380 forte
543 2345 592 2380 Τὸ
619 2357 690 2379 non

49 2400 115 2431 pro
141 2391 420 2424 demonstrativo
449 2395 690 2436 accipiendum

50 2441 122 2476 est,
147 2437 208 2469 sed
239 2449 304 2480 pro
334 2440 501 2478 articulo,
527 2441 587 2481 qni
612 2450 691 2481 per·

50 2484 162 2514 tinent
190 2484 234 2515 ad
265 2486 436 2527 integram
461 2488 691 2519 sententiam:

51 2525 100 2560 ὥς
125 2526 269 2561 ἄπλετόν
294 2542 324 2562 ιι
359 2550 380 2554 -
405 2532 468 2574 εἴη.
500 2533 605 2568 Quod
631 2533 690 2565 ubi

50 2576 292 2614 statuerimus,
348 2582 472 2619 sponte
533 2583 690 2621 apparet,

49 2621 244 2662 praedicati
280 2625 359 2656 loco
382 2634 426 2655 ex
449 2626 691 2666 superioribus

49 2670 276 2708 repetendum
307 2680 399 2703 esse:
435 2667 555 2713 ῥᾴδιον
590 2682 690 2703 κατα·

51 2713 184 2754 νοῆσαι.
233 2717 352 2758 Atque
384 2717 450 2750 hac
473 2719 610 2752 ratione
634 2727 691 2751 ae-

764 1609 1014 1650 quiescendum
1039 1612 1215 1650 putamus.
1247 1607 1412 1641 Ceterum

762 1665 852 1696 quae
876 1655 934 1686 hio
963 1655 1006 1687 de
1036 1656 1248 1697 antiquitate
1278 1656 1411 1696 prisca-

762 1711 839 1732 rum
865 1702 1047 1733 civitatum
1072 1702 1249 1741 dicuntur,
1276 1711 1318 1734 ea
1346 1702 1411 1733 mi-

761 1757 837 1779 rum
862 1748 993 1780 accidit
1017 1748 1112 1789 quod
1138 1748 1349 1780 Zellerus
1385 1748 1409 1779 l.

761 1804 788 1827 c.
818 1804 851 1835 p.
879 1793 959 1828 106.
985 1804 1154 1836 expressa
1189 1804 1266 1826 esse
1290 1799 1410 1826 censet

761 1850 804 1871 ex
829 1839 860 1870 T
863 1841 978 1872 imaeo
1002 1851 1036 1882 p.
1061 1841 1117 1874 20.
1146 1839 1192 1874 D.
1218 1851 1293 1882 sqq.
1341 1840 1410 1875 Est

760 1886 853 1918 enim
883 1887 1069 1928 utriusque
1106 1886 1176 1918 loci
1212 1887 1408 1918 similitudo

759 1932 850 1963 adeo
878 1933 1071 1973 exigua‚ut
1093 1941 1205 1973 prope
1230 1931 1329 1964 nulla
1356 1933 1408 1964 vi-

760 1978 886 2009 deatur
917 1987 1005 2011 esse.
1060 1976 1298 2015 Quamobrem
1329 1978 1407 2009 imi-

758 2023 904 2055 tationis
937 2024 1087 2056 alicuius
1121 2024 1307 2064 vestigium
1341 2033 1407 2056 nos

760 2069 900 2111 quidem
923 2070 981 2102 hic
1007 2079 1077 2102 non
1102 2071 1283 2111 potuimus
1304 2070 1407 2103 inda·

759 2124 856 2156 gare.

806 2157 860 2193 ὥς
883 2158 1069 2193 ἄπλετόν
1094 2172 1132 2192 τι
1158 2161 1224 2203 —]
1258 2161 1345 2193 Mox
1369 2172 1404 2203 p.

760 2205 838 2241 683.
857 2209 900 2240 A.
928 2206 966 2239 ἐν
990 2218 1075 2250 χροι
1079 2218 1122 2239 ου
1148 2218 1196 2238 ιιι
1200 2216 1240 2239 οε
1263 2217 1406 2258 aqueum

761 2249 929 2287 ἀπλέτοις.
982 2254 1093 2295 111180
1120 2252 1281 2295 ἄπειρον,
1307 2255 1404 2296 quod

760 2305 875 2332 ortum
901 2305 954 2332 est
977 2310 1020 2332 ex
1044 2301 1346 2342 interpretatione.

806 2345 845 2381 C.
901 2344 1070 2388 Ταύτης
1112 2344 1160 2390 δή
1207 2348 1301 2388 πέρι
1338 2346 1401 2379 λά-

759 2392 900 2433 βωμεν
926 2393 994 2435 -]
1028 2393 1159 2426 Errore
1181 2394 1309 2426 factum
1336 2399 1402 2435 est,

760 2440 898 2480 opinor,
918 2445 957 2471 ut
970 2439 1224 2482 Stephanus
1249 2441 1402 2473 ediderit

759 2483 1006 2526 περιλάβωμεν.
1073 2487 1128 2519 De
1184 2487 1403 2528 antistropha

757 2533 1030 2574 praepositionis
1069 2544 1102 2565 v.
1147 2533 1400 2566 Buttmann.

759 2577 821 2610 Gr.
847 2577 910 2611 Gr.
941 2578 971 2620 ξ.
1003 2579 1082 2614 117.
1112 2579 1155 2612 Β.
1204 2580 1402 2621 Loqnutio-

758 2635 837 2657 nem
867 2625 957 2658 αἰτία
986 2627 1067 2668 περί
1093 2635 1187 2658 τινος
1217 2627 1401 2667 attigimus

757 2676 878 2704 annot.
902 2673 948 2705 ad
972 2673 1156 2706 Phaedon.
1178 2673 1234 2707 97.
1255 2671 1295 2706 C.
1321 2672 1400 2702 illu-

757 2720 883 2752 stravit
913 2719 1017 2752 etiam
1054 2720 1210 2752 Astius
1239 2718 1283 2751 ad
1311 2717 1348 2748 b.
1373 2716 1396 2749 1.
