1612 2872
356 969 1114 1050 ARGUMENTUM

516 1111 695 1147 uum
732 1110 982 1146 TERTH.

62 1286 159 1362 lam
191 1334 295 1362 vero
326 1320 364 1362 si
406 1317 629 1374 quaeritur
658 1317 712 1360 de
743 1315 968 1359 civitatum
998 1311 1265 1370 primordiis,
1298 1310 1420 1354 vide-

62 1386 134 1421 tur
165 1392 236 1419 res
267 1376 429 1433 optime
451 1374 662 1416 declarari
680 1389 812 1431 posse
831 1388 885 1414 ex
903 1377 1146 1427 temporum
1168 1369 1419 1426 longinqui-

62 1441 154 1478 tate
186 1445 230 1475 et
259 1448 403 1475 rerum
463 1431 703 1473 ub‘licarum
733 1428 1110 1482 conversionibus,
1143 1431 1255 1483 quae
1287 1427 1419 1469 variis

62 1491 282 1535 aetatibus
325 1490 418 1532 acci
452 1495 590 1531 erunt.
673 1489 734 1530 Et
771 1494 945 1542 tempus
994 1484 1194 1540 quidem,
1239 1499 1293 1526 ex
1332 1498 1419 1539 quo

64 1556 184 1592 ortae
221 1547 423 1590 civitates
463 1551 587 1599 sunt,
639 1545 769 1601 plane
821 1551 889 1586 est
923 1542 1168 1595 infinitum,
1209 1547 1258 1583 ut
1300 1540 1421 1582 nulla

63 1605 249 1661 amplius
268 1603 457 1660 supersit
485 1602 578 1644 eius
607 1602 830 1644 memoria.
891 1599 992 1653 Quo
1013 1598 1188 1654 quidem
1208 1598 1420 1640 immenso

61 1675 305 1717 temporum
333 1660 475 1717 spatio
506 1659 601 1700 fieri
631 1675 720 1702 non
750 1657 909 1715 potuit,
942 1657 1048 1711 quin
1079 1654 1420 1698 innumerabiles

62 1720 262 1763 civitates
300 1723 346 1760 et
393 1716 630 1759 existerent
672 1722 716 1758 et
757 1729 909 1757 rursus
949 1713 1191 1755 interirent.
1269 1713 1419 1767 Atque

63 1790 213 1819 omnes
241 1774 341 1816 illae
369 1773 523 1830 procul
552 1772 687 1815 dubio
716 1772 964 1814 habuerunt
979 1769 1123 1813 varias
1154 1784 1288 1825 saepe
1307 1768 1419 1811 mul-

65 1833 327 1889 tiplicesque
357 1829 582 1886 regiminis
611 1830 798 1882 formas,
840 1843 891 1870 ac
921 1827 1052 1870 modo
1092 1842 1147 1869 ex
1175 1826 1419 1868 minoribus

66 1890 206 1931 factae
236 1892 339 1929 sunt
367 1886 577 1936 maiores,
606 1885 764 1941 modo,
806 1900 939 1939 quum
980 1884 1082 1926 olim
1113 1884 1300 1926 fuissent
1328 1897 1419 1924 ma-

64 1947 195 1999 iores,
225 1944 271 1985 in
299 1943 490 1985 minores
525 1941 736 1995 abierunt.
797 1941 1010 1984 Similiter
1036 1940 1166 1981 etiam
1190 1939 1328 1981 malae
1347 1953 1420 1981 su-

66 2001 198 2045 binde
239 2015 292 2042 ex
340 1999 467 2042 bonis
506 2005 628 2040 ortae
679 2012 730 2040 ao
777 1997 970 2040 vicissim
1020 1997 1160 2038 bonae
1199 2011 1255 2038 ex
1292 1995 1419 2038 malis

67 2058 339 2116 prodierunt.
398 2055 546 2098 Huius
586 2070 690 2097 vero
721 2060 870 2096 tantae
901 2053 1219 2096 vicissitudinis
1251 2058 1296 2095 et
1324 2068 1419 2095 mu-

66 2116 246 2158 tationis
277 2127 461 2156 caussae
494 2111 789 2167 exquirendae
821 2116 947 2164 sunt,
980 2111 1018 2154 si
1049 2109 1161 2153 forte
1191 2109 1288 2152 fieri
1315 2122 1419 2166 pos-

67 2173 146 2226 sit,
192 2178 241 2214 ut
275 2169 378 2212 inde
410 2169 558 2226 primis
597 2169 840 2226 originibus
871 2174 1003 2223 atque
1034 2167 1136 2210 fatis
1165 2182 1310 2209 rerum
1339 2182 1419 2224 pu-

66 2229 277 2272 blicarum
306 2227 455 2281 aliqua
480 2226 557 2268 lux
587 2224 839 2268 affundatur
880 2226 944 2280 (p.
985 2226 1080 2266 676.
1112 2224 1325 2279 A—E.).

183 2286 253 2327 Ac
291 2289 466 2327 vetusta
505 2282 682 2338 quidem
719 2283 836 2325 fama
875 2288 940 2324 est
979 2296 1117 2338 eaque
1158 2281 1276 2324 haud
1305 2280 1418 2324 veri-

20 2384 22 2386 ,
69 2341 308 2394 dissimilis,
341 2340 442 2381 olim
472 2346 626 2381 exorta
656 2354 753 2381 esse
785 2338 1023 2381 identidem
1047 2338 1227 2392 diluvia,
1259 2344 1424 2394 pestes,

68 2400 155 2442 alia
194 2397 308 2440 mala
345 2396 567 2438 hominum
608 2397 759 2453 generi
802 2396 1071 2452 perniciosa,
1120 2396 1425 2451 quibusmor-

67 2457 178 2499 tales
218 2455 282 2496 ita
319 2452 482 2495 fuerint
518 2454 761 2508 consumti,
803 2458 853 2495 ut
890 2453 1019 2509 pauci
1060 2452 1295 2495 admodum
1315 2467 1425 2507 *per-

68 2512 306 2556 manserint
347 2510 618 2566 superstites.
687 2511 843 2564 Itaque
882 2509 1206 2552 consideremus
1242 2509 1423 2566 paullis-

68 2585 146 2626 per
185 2566 456 2611 narrationes
495 2566 593 2609 illas
633 2567 687 2609 de
726 2566 902 2609 diluviis
933 2567 1043 2610 adeo
1074 2568 1260 2610 funestis
1292 2573 1424 2622 atque

68 2625 277 2669 exitiosis.
337 2622 408 2664 Ex
437 2623 596 2678 quibus
627 2623 734 2680 quid
765 2623 818 2666 de
849 2623 1071 2667 civitatum
1104 2630 1204 2667 ortu
1234 2624 1426 2667 sentien-

69 2682 170 2726 dum
201 2683 273 2735 sit,
305 2685 422 2722 certe
451 2679 740 2723 verisimiliter
767 2680 927 2738 poterit
957 2681 1163 2739 cognosci
1195 2687 1327 2736 atque
1357 2679 1426 2721 iu-
