1612 2872
252 81 329 123 170
707 81 1080 125 PLATONIS

173 188 210 229 C
349 196 447 237 KA.
510 197 720 238 Φαίνεται
774 193 913 244 οὕτως
956 194 1013 240 ἂν
1060 200 1199 240 ταῦτα
1246 202 1353 254 ἔχειν
1397 205 1441 242 ἐκ
1489 194 1571 242 τῶν

247 258 330 302 ὑπὸ
370 261 449 302 σοῦ
489 259 541 301 τὰ
578 262 659 302 νῦν
692 263 953 314 λεχθέντων.

347 323 457 383 Cap.
507 322 588 367 IV.
658 325 755 369 ΑΘ.
809 319 909 382 Ἆρ’
950 322 1031 372 οὖν
1073 328 1352 386 θαρροῦντες
1396 333 1571 385 λέγομεν

248 405 327 441 την
372 392 421 449 τῆ
456 391 640 449 μουσικῇ
685 394 755 433 καὶ
800 394 851 451 τῆ
888 397 1044 450 παιδιᾷ
1078 412 1186 450 μετα
1219 399 1392 452 χορείας
1421 401 1570 451 χρείαν

243 452 395 508 ὀρθην
429 454 537 498 εἶναι
575 458 725 510 τοιῷδέ
753 473 837 499 τινι
875 458 1054 537 τρόπῳ,·
1087 478 1295 516 χαιρομεν
1330 459 1440 503 ὅταν
1475 460 1571 504 οὶώ-
1601 455 1606 459 ”

244 523 368 573 μεθα
415 513 460 563 εὖ
507 521 738 577 πράττειν,
785 524 858 565 καὶ
895 523 1066 568 ὁπόταν
1099 530 1334 582 χαίρωμεν,
1378 526 1570 583 οιόμεθα

245 579 292 626 εὖ
328 584 538 640 πράττειν
573 581 653 639 αὗ;
687 590 782 643 μῶν
814 587 893 644 οὐχ
925 589 1093 646 οὕτως,·

351 653 450 695 ΚΛ.
523 651 645 695 (Ιυτω
679 656 759 708 μὲν
790 646 884 697 οὖν.

345 719 444 760 ΑΘ.
516 720 606 760 Καὶ
643 718 730 773 μὴν
762 723 808 762 ἕν
841 737 887 774 γε
923 723 983 777 τῷ
1007 722 1190 778 τοιούτῳ
1209 728 1434 781 χαίροντες
1469 724 1569 777 ἡσυ-

240 785 341 838 χίαν
378 783 430 826 οὑ
466 784 701 840 δυνάμεθα
736 783 873 839 ἄγειν.

343 850 444 891 ΚΛ.
502 847 595 899 ”Ege
631 852 786 893 ταῦτα.

342 916 440 957 ΑΘ.
498 908 600 968 Ἆρ’
642 910 722 958 οὖν
757 915 836 972 οὐχ
873 915 993 971 ἡμῶν
1029 922 1069 960 οὶ
1102 921 1181 972 μὲν
1216 923 1304 961 νέοι
1333 918 1459 962 αὐτοὶ
1495 937 1570 975 χο-

242 977 382 1033 ρεύειν
426 985 616 1037 ἕτοιμοι,
665 979 712 1025 τὸ
762 984 805 1024 δὲ
841 985 927 1025 τῶν
956 986 1250 1040 πρεσβυτέρων
1286 983 1424 1039 ἡμῶν,
1468 989 1570 1028 ἐκεί·
1594 1031 1608 1046 χ

334 1130 373 1161 C.
420 1125 500 1172 Ao'
541 1126 618 1164 οὖν
659 1129 937 1174 θαρροῦντες
965 1132 1162 1175 λέγομεν]
1196 1134 1304 1166 Recte
1338 1134 1475 1176 λέγομεν
1508 1146 1569 1177 pro

242 1173 388 1216 λέγωμεν
414 1181 452 1207 A.
479 1186 566 1209 corr
591 1179 698 1218 (teste
722 1178 899 1217 Bekkero,
925 1189 1025 1220 quum
1055 1180 1188 1211 Bastius
1213 1178 1349 1220 λέγομεν
1373 1181 1571 1221 simpliciter

240 1220 318 1252 inde
355 1222 563 1262 enotaverit)
592 1223 663 1254 Nat.
691 1233 717 1254 r.
746 1224 821 1254 Vat.
850 1234 880 1255 c.
907 1229 942 1256 et
976 1225 1074 1256 Voss.

241 1266 315 1297 nuit
338 1266 431 1298 iuxta
456 1276 531 1298 cum
557 1267 611 1299 alii
605 1277 632 1298 a
657 1267 855 1300 Schneider.

239 1398 325 1432 dein.
341 1410 361 1441 p
391 1400 469 1434 287.
494 1399 533 1431 Β.
561 1398 753 1441 eodemque
767 1401 870 1434 modo

240 1445 373 1476 Arist.
405 1446 514 1477 Nubb
558 1454 587 1476 v.
619 1444 696 1479 817.
731 1451 871 1487 φρονεῖς

238 1486 389 1530 ἂρχαϊκά.
402 1488 598 1530 Aeschyi.
619 1489 735 1522 Proui.
754 1502 782 1523 v.
791 1492 869 1526 317.

239 1531 351 1574 ἀρχαῖ’
377 1536 457 1571 ἴσως
472 1536 634 1575 φαίνομαι
656 1536 760 1577 λέγειν
777 1536 862 1569 τάδε.

242 1580 347 1612 Plat.
373 1580 519 1620 Euthyd.
554 1590 583 1611 c.
619 1580 674 1614 25.
700 1578 870 1623 ἀρχαιότε-

240 1634 300 1665 ρος
324 1621 359 1656 εἶ
380 1626 440 1656 τοῦ
465 1623 617 1656 δέοντος.

285 1670 367 1711 Cap.
391 1671 456 1703 IV.
492 1670 530 1701 C.
566 1665 641 1711 'Ap‘
665 1665 873 1713 οὗνθαρ-

238 1711 419 1755 ῥοῦντες
451 1713 632 1756 λέγομεν
667 1715 729 1757 ——]
760 1719 872 1757 Argu-

238 1761 400 1792 mentatio
432 1761 481 1792 sic
510 1760 539 1791 f«
545 1771 580 1791 re
606 1760 726 1793 dehinc
751 1771 868 1802 proce-

237 1805 303 1837 dita
348 1806 416 1838 lam
460 1815 542 1837 vero
582 1807 693 1847 primo
734 1806 869 1847 quidem

237 1849 406 1892 adspectu
437 1850 610 1890 videatur!
642 1851 771 1883 artibus
797 1861 870 1883 mu—

237 1895 317 1928 sicis
348 1905 446 1927 unam
483 1895 629 1928 maxime
660 1897 869 1937 voluptatem

239 1945 411 1981 tanquam
439 1950 607 1972 summum
650 1941 749 1973 finem
793 1951 872 1974 esse

238 1987 467 2027 propositam,
491 1995 655 2026 quorsum
678 1986 790 2018 omnia
815 1996 871 2019 re·

237 2030 376 2062 ferenda
396 2031 472 2073 sint,
499 2031 543 2062 ita
558 2031 707 2071 quidem,
721 2035 758 2063 ut
772 2041 873 2072 quae-

237 2085 305 2116 que
347 2085 462 2108 earum
502 2079 600 2108 tanto
637 2075 790 2109 habenda
833 2076 875 2108 sit

239 2121 479 2160 praestantior,
493 2125 620 2161 quanto
636 2121 800 2153 maiorem
817 2121 874 2153 ina-

238 2165 318 2197 beat
342 2166 578 2198 oblectationis
606 2165 873 2198 commendatio-

240 2219 327 2241 nem.
374 2210 444 2242 Sed
477 2220 514 2242 re
544 2212 736 2243 accuratius
761 2211 874 2243 consi-

236 2253 354 2296 derata
394 2256 493 2288 aliter
532 2255 745 2288 iudicandum
795 2266 872 2288 esse

236 2299 423 2331 clarissime
453 2301 641 2342 apparebit.
687 2301 871 2333 Fiuctuant

236 2343 324 2376 enim
350 2343 521 2378 hominum
553 2345 596 2377 de
620 2347 798 2388 voluptate
822 2345 871 2377 iu-

235 2388 322 2420 dicia
355 2388 512 2428 mirifice,
551 2390 597 2422 ita
627 2393 665 2422 ut
693 2391 768 2423 aui·
790 2391 867 2422 -aiia

234 2432 380 2465 iucunda
401 2433 580 2466 videantur
599 2445 709 2476 eoque
731 2435 868 2468 nomine

235 2479 372 2518 placere
413 2479 468 2510 vel
511 2479 692 2520 displicere
722 2481 866 2512 soleant.

233 2522 404 2557 Quocirca
417 2524 558 2564 publicis
570 2525 808 2557 certaminibus
818 2525 866 2556 in-

233 2568 361 2600 stitutis
393 2568 486 2609 pueri
511 2568 774 2601 oblectabuntur
805 2570 865 2602 mi-

233 2613 378 2651 racniis5
401 2612 638 2646 adolescentes
654 2613 863 2657 comoedias,

1128 1225 1309 1266 Vuigatuni
1342 1224 1487 1267 λέγωμεν
1517 1230 1569 1258 te—

936 1402 1094 1436 muiieres
1129 1406 1162 1435 et
1199 1402 1400 1435 eruditiores
1431 1404 1569 1436 iuvenes

937 1458 977 1480 ac
1002 1447 1061 1479 viri
1078 1448 1275 1489 tragoedias
1295 1448 1498 1492 laudabunt3
1515 1459 1569 1480 se-

938 1503 998 1525 nes
1023 1494 1116 1534 epica
1140 1494 1287 1525 carmina
1312 1495 1387 1525 aliis
1411 1494 1569 1527 omnibus

937 1538 1140 1579 praeferent.
1189 1538 1224 1569 ln
1257 1543 1348 1570 tanta
1374 1549 1454 1572 vero
1485 1539 1567 1571 iudi-

937 1583 1066 1614 ciorum
1093 1583 1316 1614 inconstantia
1346 1588 1380 1615 et
1407 1585 1569 1616 varietate

937 1625 1065 1658 iuvabit
1085 1626 1128 1659 de
1141 1637 1177 1658 re
1192 1632 1411 1660 controversa
1425 1631 1474 1661 sic
1496 1635 1567 1661 sta-

938 1672 1058 1703 tuisse.
1084 1672 1240 1704 Pulcrum
1267 1672 1514 1715 honestumque
1535 1675 1567 1706 in

938 1717 1064 1749 artibus
1103 1716 1180 1749 nihii
1226 1722 1280 1750 est
1316 1718 1427 1758 atiud,
1465 1730 1565 1760 quam

938 1762 1027 1802 quod
1060 1762 1139 1793 viris
1176 1762 1314 1804 optimis
1350 1764 1479 1805 riteque
1509 1775 1567 1797 ex-

938 1807 1037 1838 cultis
1062 1807 1157 1838 unice
1183 1809 1360 1849 probatur.
1409 1809 1512 1843 Quod
1538 1810 1566 1841 si

938 1852 985 1883 ita
1017 1856 1087 1890 est,
1122 1854 1356 1893 consequitur,
1382 1858 1417 1886 ut
1449 1853 1565 1887 harum

937 1906 1049 1928 rerum
1089 1897 1216 1929 iudices
1255 1898 1386 1929 virtutis
1433 1899 1565 1931 laudem

937 1940 1055 1982 adepti
1079 1953 1157 1975 esse
1186 1942 1330 1984 ideoque
1358 1943 1459 1975 etiam
1487 1954 1566 1986 pru-

940 1986 1052 2018 dentia
1089 1991 1124 2019 et
1162 1987 1360 2019 fortitudine
1397 1990 1565 2021 excellere

939 2031 1098 2064 debeant.
1129 2050 1159 2055 -
1193 2031 1270 2066 659.
1297 2032 1342 2065 A.

984 2070 1066 2116 Ἆρ’
1092 2071 1171 2108 οὖν
1200 2073 1480 2119 θαῤῥοῦντες
1506 2078 1562 2110 λέ-

940 2122 1082 2162 γομεν]
1106 2121 1252 2154 Nonne
1278 2122 1472 2156 fidenter
1497 2124 1563 2165 (ni-—

940 2164 981 2198 hii
1015 2166 1224 2208 dubitantes)
1264 2167 1409 2200 dicere
1449 2171 1562 2201 soie-

939 2219 1046 2250 mus,
1079 2221 1196 2244 usum
1233 2212 1343 2244 artis
1371 2214 1563 2246 musicae

938 2260 1065 2296 atque
1092 2257 1212 2289 tusus
1244 2267 1334 2290 cum
1360 2259 1561 2291 saltatio-

936 2310 984 2333 ne
1018 2305 1184 2335 rectum
1225 2312 1320 2334 ease
1362 2302 1563 2336 haesere

935 2345 1126 2386 ratione,
1162 2350 1207 2379 ut
1243 2347 1335 2379 eius
1360 2357 1438 2389 ope
1461 2358 1561 2389 gau-

935 2390 992 2422 dii
1019 2395 1059 2422 et
1085 2392 1290 2424 laetitiae
1314 2402 1442 2424 seusu
1469 2403 1561 2434 per«-

933 2434 980 2467 fu
996 2444 1015 2466 u
1033 2434 1053 2467 d
1073 2446 1090 2467 a
1108 2447 1138 2468 m
1155 2447 1176 2468 u
1192 2447 1217 2470 r.
1280 2436 1384 2470 Editt.
1427 2442 1562 2477 praeter

936 2480 1093 2512 Astianas
1125 2491 1245 2514 omnes
1278 2492 1381 2522 prave
1405 2481 1559 2523 λέγωμεν,

933 2523 1024 2565 quod
1071 2536 1112 2558 ex
1160 2525 1260 2558 codd.
1297 2526 1561 2561 emendavimus.

933 2569 1015 2602 Nam
1041 2571 1256 2604 coniunctivo
1281 2572 1502 2603 deliberativo
1529 2573 1560 2604 in

931 2613 992 2647 bac
1040 2616 1226 2649 sententiae
1271 2616 1400 2649 ratione
1449 2617 1560 2650 nulius
