1612 2872
475 66 580 112 ‘ne
614 67 890 113 molens
922 75 1005 111 etc.
1253 68 1427 112 cmiv

61 183 223 240 legisse
252 181 477 226 suffecerit
506 197 620 238 quae
650 181 928 225 disseruntur
956 179 1127 225 Phileb.
1174 197 1216 237 p.
1263 183 1332 223 55.
1373 180 1427 223 C.

19 247 34 263 ·
65 241 122 283 D.
159 241 215 283 Ε.
255 256 298 296 p.
341 242 410 283 56.
440 245 496 282 A.
527 255 594 295 sq.
625 239 724 282 coll.
767 238 1062 296 Prolegomm.
1100 245 1236 280 nostr.
1277 254 1318 294 p.
1359 240 1426 279 61.

63 312 160 353 sqq.
181 296 250 340 ed.
272 296 410 340 Goth.
472 296 749 352 Quamquam
770 295 1060 352 philosophus
1101 294 1245 352 Legg.
1287 295 1342 337 V.
1384 311 1426 351 p.

64 356 159 397 746.
183 354 242 397 D.
275 369 373 409 sqq.
404 354 743 411 prudentissime
763 352 971 395 admonet
1000 350 1154 395 sedulo
1182 351 1428 394 cavendum

62 427 184 465 esse,
228 426 283 453 ne
323 411 441 454 cives
472 410 627 453 iisdem
655 409 741 452 illis
774 409 830 451 ad
863 420 1073 464 quaestus
1112 407 1426 465 turpitudinem

62 468 312 511 abutantur.
391 468 552 522 Itaque
589 466 864 509 manifestum
906 473 996 519 est,
1035 465 1164 507 etiam
1201 465 1256 508 de
1295 466 1426 508 rebus

64 525 382 568 mathematicis
439 525 486 566 in
530 524 727 580 Legibus
775 523 987 565 iudicium
1026 523 1116 579 regi
1167 523 1255 574 Sic.
1296 529 1346 565 ut
1383 530 1428 565 et.

63 583 192 638 plane
238 581 473 624 conveniat
517 596 617 623 cum
666 580 812 636 operis
862 579 1056 622 universi
1091 579 1337 623 rationibus
1383 589 1463 625 et„

62 639 239 682 omnino
260 639 502 681 sententiae
525 637 723 680 Platonis
753 643 1097 679 consentaneum
1133 636 1202 678 sit.
1265 637 1427 679 Verum

62 697 171 738 baec
209 695 382 750 quidem
425 695 480 737 de
510 694 861 747 mathematicis,
893 693 946 736 de
979 693 1138 747 quibus
1172 694 1325 748 paucis
1358 709 1426 735 ox-

63 751 311 810 plicandum
340 752 643 795 iudicavimus.

595 1085 718 1161 cap.
760 1084 888 1144 xm.

64 1209 380 1254 ”iuquit-itur,
403 1219 516 1244 num
535 1210 588 1244 et
607 1208 855 1252 quatenus
881 1208 931 1242 in
957 1208 1174 1253 Legibus
1199 1209 1423 1245 idearum

63 1267 295 1302 ‹loen-tna
316 1275 352 1301 a
375 1265 587 1301 Platone
601 1264 840 1310 neglecta
855 1265 940 1305 stt,
968 1274 1031 1301 ac
1045 1265 1258 1302 «locetur
1270 1267 1424 1302 etiam

138 1323 188 1358 ln
212 1324 310 1359 hac
334 1333 392 1358 re
418 1332 653 1359 summam
678 1321 814 1356 cerni
844 1321 1064 1359 Pontiae
1091 1323 1143 1358 et
1169 1323 1354 1369 Legum

523 1379 939 1415 convenientiam.

175 1487 267 1531 Sed
308 1488 532 1532 veniamus
574 1504 691 1531 nunc
729 1487 785 1530 ad
815 1487 936 1530 aliud
968 1487 1097 1543 quid,
1132 1488 1250 1544 quod
1282 1489 1327 1530 in
1358 1488 1424 1531 his

62 1545 117 1587 de
145 1545 291 1602 operis
321 1552 579 1602 argumento
621 1545 956 1601 quaestionibus
986 1546 1165 1587 minime
1196 1545 1423 1602 negligen-

62 1600 166 1644 dum
202 1617 444 1646 censemus.
503 1602 692 1646 Constat
735 1603 850 1646 enim
882 1602 1111 1655 Platonem
1143 1617 1316 1644 omnem
1346 1601 1423 1645 do-

62 1659 246 1701 ctrinam
276 1674 415 1714 suam,
454 1660 755 1717 imprimisque
796 1659 1005 1702 moralem
1044 1674 1096 1702 ac
1126 1659 1299 1702 civilem
1330 1659 1424 1702 eius

62 1722 246 1772 partem,
277 1717 479 1760 retulisse
508 1717 564 1758 ad
595 1717 741 1771 ideas,
771 1717 817 1758 in
848 1732 1032 1772 quarum
1063 1717 1315 1773 cognitione
1346 1732 1423 1773 po-

63 1772 194 1815 situm
243 1788 342 1815 esse
397 1775 665 1823 existimavit
712 1773 1019 1830 philosophiae
1091 1773 1422 1816 fundamentum

63 1829 191 1871 unice
231 1829 419 1872 solidum
455 1837 588 1885 atque
619 1831 805 1873 firmum.
865 1831 1025 1885 Itaque
1054 1831 1183 1873 facile
1215 1831 1314 1885 quis
1345 1831 1422 1882 rni-

63 1892 196 1939 retur,
229 1885 348 1941 quod
376 1886 422 1927 in
452 1887 621 1944 Legum
651 1888 773 1931 libris
811 1887 922 1929 adeo
953 1886 1074 1928 nulla
1105 1881 1282 1929 ducitur
1314 1888 1424 1928 ratio

64 1941 287 1984 doctrinae
326 1942 381 1984 de
417 1943 552 1998 ideis,
591 1951 642 1985 ut
679 1959 732 1985 ne
771 1944 934 1986 mentio
966 1939 1143 1997 quidem
1176 1959 1321 1985 earum
1353 1959 1423 1986 us-

64 2014 196 2054 quam
247 1999 332 2042 nisi
378 1999 502 2042 Libr.
549 1999 661 2043 XII.
712 2017 753 2056 p.
793 2001 889 2042 965.
930 1999 982 2042 C.
1023 2000 1257 2042 iniiciatur.
1326 2000 1424 2043 Nee

67 2071 168 2100 vero
200 2072 252 2099 ea
283 2071 352 2098 res
382 2072 471 2099 non
502 2056 688 2099 offendit
706 2057 882 2099 criticos
913 2057 1194 2111 recentiores,
1227 2056 1424 2112 quando-

66 2112 241 2168 quidem
271 2113 476 2156 Astius
506 2114 576 2156 De
607 2114 715 2156 Vita
735 2120 779 2155 et
809 2113 998 2170 Scriptis
1028 2113 1139 2157 Plat.
1170 2130 1212 2170 p.
1243 2116 1339 2157 385.
1356 2129 1422 2169 sq.

64 2176 110 2212 et
138 2170 393 2212 Zellerus
425 2170 554 2214 Stud.
577 2171 692 2213 Plat.
724 2187 766 2226 p..
785 2172 840 2212 42
861 2185 957 2225 sqq.
991 2185 1042 2212 eo
1063 2171 1238 2213 nomine
1269 2171 1422 2213 acerbe

65 2233 413 2282 conqueruntur,
454 2227 654 2283 adeoque
683 2227 786 2271 inde
814 2243 903 2269 non
933 2227 1177 2271 levissimas
1208 2228 1423 2284 suspicio-

65 2299 167 2326 num
206 2299 383 2326 suarum
419 2300 598 2340 caussas
629 2291 673 2327 et
701 2284 894 2326 rationes
921 2284 1205 2339 repetierunt.
1266 2285 1424 2340 Itaque

15 2350 23 2361 ²
66 2340 205 2382 oritur
243 2341 443 2395 quaestio
483 2356 721 2397 sanequam
763 2341 909 2397 gravis
939 2348 1070 2397 atque
1100 2341 1320 2396 difficilis,
1350 2343 1423 2397 qui

67 2395 246 2438 tandem
276 2398 372 2450 fiat,
411 2405 460 2440 ut
489 2399 662 2455 Legum
709 2394 810 2440 libri
843 2398 896 2440 ab
927 2397 1123 2440 idearum
1154 2399 1326 2440 ratione
1361 2399 1425 2440 vi-

68 2452 253 2495 deantur
293 2468 388 2496 esse
427 2455 681 2509 alieniores,
729 2461 772 2496 et
815 2460 1031 2510 quatenus
1080 2456 1229 2510 aliqua
1274 2471 1422 2498 eorum

68 2525 165 2551 cum
203 2509 279 2552 illa
321 2511 573 2555 coniunctio
624 2528 675 2554 ac
724 2511 1003 2554 necessitudo
1057 2512 1201 2554 locum
1251 2513 1423 2555 habeat.

67 2567 137 2608 De
176 2581 264 2621 qua
306 2567 481 2622 quidem
522 2582 567 2611 re
610 2575 659 2611 ut
687 2574 804 2610 recte
834 2568 1160 2626 prudenterque
1184 2575 1423 2621 statuatur,

67 2638 247 2678 prorsus
279 2639 457 2669 necesse
486 2631 550 2670 est
583 2625 925 2681 meminerimus,
966 2626 1134 2683 Legum
1166 2642 1278 2682 opus
1308 2625 1424 2667 Poli-
