<?xml version="1.0" encoding="UTF-8"?>
<!DOCTYPE html PUBLIC "-//W3C//DTD XHTML 1.0 Transitional//EN"
    "http://www.w3.org/TR/xhtml1/DTD/xhtml1-transitional.dtd">
<html xmlns="http://www.w3.org/1999/xhtml" xml:lang="en" lang="en">
 <head>
  <title>
</title>
<meta http-equiv="Content-Type" content="text/html;charset=utf-8" />
  <meta name='ocr-system' content='tesseract 3.04.00' />
  <meta name='ocr-capabilities' content='ocr_page ocr_carea ocr_par ocr_line ocrx_word'/>
</head>
<body>
  <div class='ocr_page' id='page_1' title='image "./s1operaomniarece10platuoft_0108.png"; bbox 0 0 1612 2872; ppageno 0'>
   <div class='ocr_carea' id='block_1_1' title="bbox 256 105 1148 150">
    <p class='ocr_par' dir='ltr' id='par_1_1' title="bbox 256 105 1148 150">
     <span class='ocr_line' id='line_1_1' title="bbox 256 105 1148 150; baseline 0.004 -4"><span class='ocrx_word' id='word_1_1' title='bbox 256 105 358 147; x_wconf 77' lang='lat' dir='ltr'>CIV</span> <span class='ocrx_word' id='word_1_2' title='bbox 679 106 1148 150; x_wconf 83' lang='lat' dir='ltr'>PROLEGOMENA</span> 
     </span>
    </p>
   </div>
   <div class='ocr_carea' id='block_1_2' title="bbox 203 218 1584 2677">
    <p class='ocr_par' dir='ltr' id='par_1_2' title="bbox 203 218 1584 2677">
     <span class='ocr_line' id='line_1_2' title="bbox 257 218 1571 276; baseline 0.005 -20"><span class='ocrx_word' id='word_1_3' title='bbox 257 218 512 265; x_wconf 68' lang='grc' dir='ltr'><em>δυναστεία,</em></span> <span class='ocrx_word' id='word_1_4' title='bbox 546 234 656 272; x_wconf 83' lang='lat' dir='ltr'>quae</span> <span class='ocrx_word' id='word_1_5' title='bbox 686 218 871 273; x_wconf 79' lang='lat' dir='ltr'>viguerit</span> <span class='ocrx_word' id='word_1_6' title='bbox 899 233 984 271; x_wconf 87' lang='lat' dir='ltr'>quo</span> <span class='ocrx_word' id='word_1_7' title='bbox 1014 224 1204 273; x_wconf 89' lang='lat' dir='ltr'>tempore</span> <span class='ocrx_word' id='word_1_8' title='bbox 1232 220 1424 263; x_wconf 87' lang='lat' dir='ltr'>homines</span> <span class='ocrx_word' id='word_1_9' title='bbox 1454 236 1571 276; x_wconf 76' lang='lat' dir='ltr'>spai-</span> 
     </span>
     <span class='ocr_line' id='line_1_3' title="bbox 259 271 1575 332; baseline 0.004 -19"><span class='ocrx_word' id='word_1_10' title='bbox 259 271 338 314; x_wconf 85' lang='lat' dir='ltr'>sim</span> <span class='ocrx_word' id='word_1_11' title='bbox 376 273 421 315; x_wconf 89' lang='lat' dir='ltr'>in</span> <span class='ocrx_word' id='word_1_12' title='bbox 458 274 637 329; x_wconf 81' lang='lat' dir='ltr'>singulis</span> <span class='ocrx_word' id='word_1_13' title='bbox 686 272 934 315; x_wconf 84' lang='lat' dir='ltr'>domibus</span> <span class='ocrx_word' id='word_1_14' title='bbox 970 273 1280 329; x_wconf 83' lang='lat' dir='ltr'>habitaverint,</span> <span class='ocrx_word' id='word_1_15' title='bbox 1320 277 1381 318; x_wconf 89' lang='lat' dir='ltr'>ita</span> <span class='ocrx_word' id='word_1_16' title='bbox 1423 282 1470 317; x_wconf 86' lang='lat' dir='ltr'>ut</span> <span class='ocrx_word' id='word_1_17' title='bbox 1499 291 1575 332; x_wconf 89' lang='lat' dir='ltr'>po-</span> 
     </span>
     <span class='ocr_line' id='line_1_4' title="bbox 260 329 1574 386; baseline 0.002 -17"><span class='ocrx_word' id='word_1_18' title='bbox 260 335 395 371; x_wconf 83' lang='lat' dir='ltr'>testas</span> <span class='ocrx_word' id='word_1_19' title='bbox 425 345 561 370; x_wconf 88' lang='lat' dir='ltr'>rerum</span> <span class='ocrx_word' id='word_1_20' title='bbox 592 329 719 369; x_wconf 76' lang='lat' dir='ltr'>fuerit</span> <span class='ocrx_word' id='word_1_21' title='bbox 749 343 881 383; x_wconf 86' lang='lat' dir='ltr'>penes</span> <span class='ocrx_word' id='word_1_22' title='bbox 912 335 1053 384; x_wconf 83' lang='lat' dir='ltr'>patres</span> <span class='ocrx_word' id='word_1_23' title='bbox 1082 330 1262 373; x_wconf 85' lang='lat' dir='ltr'>familias</span> <span class='ocrx_word' id='word_1_24' title='bbox 1288 332 1348 386; x_wconf 92' lang='lat' dir='ltr'>(p.</span> <span class='ocrx_word' id='word_1_25' title='bbox 1371 333 1574 374; x_wconf 78' lang='lat' dir='ltr'><strong>678.A-</strong></span> 
     </span>
     <span class='ocr_line' id='line_1_5' title="bbox 265 384 1575 440; baseline 0.003 -15"><span class='ocrx_word' id='word_1_26' title='bbox 265 385 345 425; x_wconf 76' lang='lat'>680</span> <span class='ocrx_word' id='word_1_27' title='bbox 378 385 464 438; x_wconf 85' lang='grc' dir='ltr'><strong>Ε.).</strong></span> <span class='ocrx_word' id='word_1_28' title='bbox 533 384 659 425; x_wconf 88' lang='lat' dir='ltr'>Hanc</span> <span class='ocrx_word' id='word_1_29' title='bbox 698 384 856 440; x_wconf 84' lang='lat' dir='ltr'>excipit</span> <span class='ocrx_word' id='word_1_30' title='bbox 893 386 1260 428; x_wconf 80' lang='lat' dir='ltr'><strong>aristocratia</strong></span> <span class='ocrx_word' id='word_1_31' title='bbox 1301 394 1343 428; x_wconf 91' lang='lat' dir='ltr'>et</span> <span class='ocrx_word' id='word_1_32' title='bbox 1377 403 1575 429; x_wconf 88' lang='lat' dir='ltr'>monar-</span> 
     </span>
     <span class='ocr_line' id='line_1_6' title="bbox 264 441 1576 496; baseline 0.001 -13"><span class='ocrx_word' id='word_1_33' title='bbox 264 441 403 492; x_wconf 78' lang='lat' dir='ltr'>chia,</span> <span class='ocrx_word' id='word_1_34' title='bbox 462 455 571 494; x_wconf 88' lang='lat' dir='ltr'>quae</span> <span class='ocrx_word' id='word_1_35' title='bbox 610 446 758 481; x_wconf 85' lang='lat' dir='ltr'>exorta</span> <span class='ocrx_word' id='word_1_36' title='bbox 802 455 897 482; x_wconf 86' lang='lat' dir='ltr'>esse</span> <span class='ocrx_word' id='word_1_37' title='bbox 955 441 1134 495; x_wconf 79' lang='lat' dir='ltr'>dicitur,</span> <span class='ocrx_word' id='word_1_38' title='bbox 1201 457 1331 496; x_wconf 90' lang='lat' dir='ltr'>quum</span> <span class='ocrx_word' id='word_1_39' title='bbox 1383 443 1576 485; x_wconf 89' lang='lat' dir='ltr'>homines</span> 
     </span>
     <span class='ocr_line' id='line_1_7' title="bbox 260 495 1577 552; baseline 0.002 -14"><span class='ocrx_word' id='word_1_40' title='bbox 260 497 454 552; x_wconf 87' lang='lat' dir='ltr'>pluribus</span> <span class='ocrx_word' id='word_1_41' title='bbox 495 495 692 537; x_wconf 86' lang='lat' dir='ltr'>domibus</span> <span class='ocrx_word' id='word_1_42' title='bbox 731 510 782 537; x_wconf 89' lang='lat' dir='ltr'>ac</span> <span class='ocrx_word' id='word_1_43' title='bbox 819 496 988 538; x_wconf 89' lang='lat' dir='ltr'>familiis</span> <span class='ocrx_word' id='word_1_44' title='bbox 1028 498 1283 540; x_wconf 90' lang='lat' dir='ltr'>consociatis</span> <span class='ocrx_word' id='word_1_45' title='bbox 1333 498 1386 539; x_wconf 90' lang='lat' dir='ltr'>in</span> <span class='ocrx_word' id='word_1_46' title='bbox 1424 499 1577 540; x_wconf 82' lang='lat' dir='ltr'>vicos</span> 
     </span>
     <span class='ocr_line' id='line_1_8' title="bbox 260 552 1574 609; baseline 0.001 -15"><span class='ocrx_word' id='word_1_47' title='bbox 260 552 485 607; x_wconf 90' lang='lat' dir='ltr'>ampliores</span> <span class='ocrx_word' id='word_1_48' title='bbox 506 558 648 593; x_wconf 77' lang='lat' dir='ltr'>essent</span> <span class='ocrx_word' id='word_1_49' title='bbox 666 553 938 608; x_wconf 77' lang='lat' dir='ltr'>congregati3</span> <span class='ocrx_word' id='word_1_50' title='bbox 964 568 1048 606; x_wconf 91' lang='lat' dir='ltr'>quo</span> <span class='ocrx_word' id='word_1_51' title='bbox 1071 553 1240 607; x_wconf 91' lang='lat' dir='ltr'>quidem</span> <span class='ocrx_word' id='word_1_52' title='bbox 1259 562 1447 609; x_wconf 86' lang='lat' dir='ltr'>tempore</span> <span class='ocrx_word' id='word_1_53' title='bbox 1462 570 1574 596; x_wconf 85' lang='lat' dir='ltr'>sum·-</span> 
     </span>
     <span class='ocr_line' id='line_1_9' title="bbox 259 608 1577 663; baseline 0.001 -13"><span class='ocrx_word' id='word_1_54' title='bbox 259 624 328 650; x_wconf 89' lang='lat' dir='ltr'>ma</span> <span class='ocrx_word' id='word_1_55' title='bbox 357 623 496 649; x_wconf 90' lang='lat' dir='ltr'>rerum</span> <span class='ocrx_word' id='word_1_56' title='bbox 536 614 611 648; x_wconf 85' lang='lat' dir='ltr'>aut</span> <span class='ocrx_word' id='word_1_57' title='bbox 645 608 719 649; x_wconf 90' lang='lat' dir='ltr'>uni</span> <span class='ocrx_word' id='word_1_58' title='bbox 748 614 822 649; x_wconf 88' lang='lat' dir='ltr'>ant</span> <span class='ocrx_word' id='word_1_59' title='bbox 850 608 1045 663; x_wconf 86' lang='lat' dir='ltr'>pluribus</span> <span class='ocrx_word' id='word_1_60' title='bbox 1075 608 1254 651; x_wconf 87' lang='lat' dir='ltr'>ducibus</span> <span class='ocrx_word' id='word_1_61' title='bbox 1292 609 1448 650; x_wconf 85' lang='lat' dir='ltr'>tradita</span> <span class='ocrx_word' id='word_1_62' title='bbox 1484 625 1577 651; x_wconf 90' lang='lat' dir='ltr'>esse</span> 
     </span>
     <span class='ocr_line' id='line_1_10' title="bbox 259 664 1576 719; baseline -0.001 -13"><span class='ocrx_word' id='word_1_63' title='bbox 259 664 473 706; x_wconf 89' lang='lat' dir='ltr'>iudicatur</span> <span class='ocrx_word' id='word_1_64' title='bbox 503 664 574 718; x_wconf 91' lang='lat' dir='ltr'>(p.</span> <span class='ocrx_word' id='word_1_65' title='bbox 621 665 713 705; x_wconf 74' lang='lat'><strong>(580.</strong></span> <span class='ocrx_word' id='word_1_66' title='bbox 756 665 805 705; x_wconf 82' lang='lat' dir='ltr'>E.</span> <span class='ocrx_word' id='word_1_67' title='bbox 837 689 890 696; x_wconf 90' lang='lat'><strong>—</strong></span> <span class='ocrx_word' id='word_1_68' title='bbox 921 666 1014 706; x_wconf 81' lang='grc'>681.</span> <span class='ocrx_word' id='word_1_69' title='bbox 1050 665 1138 718; x_wconf 89' lang='lat' dir='ltr'><strong>D.).</strong></span> <span class='ocrx_word' id='word_1_70' title='bbox 1177 664 1382 719; x_wconf 78' lang='lat' dir='ltr'>Sequitur</span> <span class='ocrx_word' id='word_1_71' title='bbox 1422 665 1576 707; x_wconf 86' lang='lat' dir='ltr'>deinde</span> 
     </span>
     <span class='ocr_line' id='line_1_11' title="bbox 261 719 1577 773; baseline -0.001 -11"><span class='ocrx_word' id='word_1_72' title='bbox 261 720 623 772; x_wconf 76' lang='lat' dir='ltr'>democratia,</span> <span class='ocrx_word' id='word_1_73' title='bbox 672 735 781 773; x_wconf 88' lang='lat' dir='ltr'>quae</span> <span class='ocrx_word' id='word_1_74' title='bbox 828 719 1011 762; x_wconf 85' lang='lat' dir='ltr'>conditis</span> <span class='ocrx_word' id='word_1_75' title='bbox 1069 720 1302 763; x_wconf 86' lang='lat' dir='ltr'>urbibus</span> <span class='ocrx_word' id='word_1_76' title='bbox 1350 727 1450 762; x_wconf 85' lang='lat' dir='ltr'>nata</span> <span class='ocrx_word' id='word_1_77' title='bbox 1497 728 1577 773; x_wconf 82' lang='lat' dir='ltr'>est,</span> 
     </span>
     <span class='ocr_line' id='line_1_12' title="bbox 261 775 1580 832; baseline 0 -14"><span class='ocrx_word' id='word_1_78' title='bbox 261 793 390 832; x_wconf 84' lang='lat' dir='ltr'>quum</span> <span class='ocrx_word' id='word_1_79' title='bbox 439 776 571 817; x_wconf 85' lang='lat' dir='ltr'>duces</span> <span class='ocrx_word' id='word_1_80' title='bbox 621 782 747 816; x_wconf 82' lang='lat' dir='ltr'>antea</span> <span class='ocrx_word' id='word_1_81' title='bbox 784 775 936 817; x_wconf 87' lang='lat' dir='ltr'>delecti</span> <span class='ocrx_word' id='word_1_82' title='bbox 964 776 1142 831; x_wconf 87' lang='lat' dir='ltr'>imperio</span> <span class='ocrx_word' id='word_1_83' title='bbox 1193 791 1270 818; x_wconf 91' lang='lat' dir='ltr'>suo</span> <span class='ocrx_word' id='word_1_84' title='bbox 1310 778 1580 832; x_wconf 83' lang='lat' dir='ltr'>privarentur</span> 
     </span>
     <span class='ocr_line' id='line_1_13' title="bbox 261 831 1578 889; baseline -0.002 -13"><span class='ocrx_word' id='word_1_85' title='bbox 261 835 323 889; x_wconf 90' lang='lat' dir='ltr'>(p.</span> <span class='ocrx_word' id='word_1_86' title='bbox 354 835 448 874; x_wconf 85' lang='grc'><strong>681.</strong></span> <span class='ocrx_word' id='word_1_87' title='bbox 476 832 527 874; x_wconf 87' lang='grc' dir='ltr'>Ε.</span> <span class='ocrx_word' id='word_1_88' title='bbox 558 833 685 886; x_wconf 85' lang='lat' dir='ltr'>sqq.).</span> <span class='ocrx_word' id='word_1_89' title='bbox 716 831 825 872; x_wconf 87' lang='lat' dir='ltr'>Tum</span> <span class='ocrx_word' id='word_1_90' title='bbox 849 847 1074 888; x_wconf 86' lang='lat' dir='ltr'>regnum</span> <span class='ocrx_word' id='word_1_91' title='bbox 1112 838 1161 873; x_wconf 90' lang='lat' dir='ltr'>ut</span> <span class='ocrx_word' id='word_1_92' title='bbox 1190 839 1340 886; x_wconf 88' lang='lat' dir='ltr'>quarta</span> <span class='ocrx_word' id='word_1_93' title='bbox 1370 832 1578 886; x_wconf 84' lang='lat' dir='ltr'>quaedam</span> 
     </span>
     <span class='ocr_line' id='line_1_14' title="bbox 261 887 1576 941; baseline -0.002 -9"><span class='ocrx_word' id='word_1_94' title='bbox 261 892 397 932; x_wconf 81' lang='lat' dir='ltr'>forma</span> <span class='ocrx_word' id='word_1_95' title='bbox 439 903 488 929; x_wconf 86' lang='lat' dir='ltr'>ac</span> <span class='ocrx_word' id='word_1_96' title='bbox 528 887 693 941; x_wconf 86' lang='lat' dir='ltr'>species</span> <span class='ocrx_word' id='word_1_97' title='bbox 735 888 922 929; x_wconf 81' lang='lat' dir='ltr'>civita-tis</span> <span class='ocrx_word' id='word_1_98' title='bbox 961 888 1099 928; x_wconf 87' lang='lat' dir='ltr'>locum</span> <span class='ocrx_word' id='word_1_99' title='bbox 1135 887 1373 941; x_wconf 81' lang='lat' dir='ltr'>obtinuisse</span> <span class='ocrx_word' id='word_1_100' title='bbox 1405 888 1576 940; x_wconf 80' lang='lat' dir='ltr'>dicitur,</span> 
     </span>
     <span class='ocr_line' id='line_1_15' title="bbox 262 943 1577 1000; baseline -0.001 -13"><span class='ocrx_word' id='word_1_101' title='bbox 262 961 391 1000; x_wconf 83' lang='lat' dir='ltr'>quum</span> <span class='ocrx_word' id='word_1_102' title='bbox 433 959 493 985; x_wconf 84' lang='lat' dir='ltr'>ex</span> <span class='ocrx_word' id='word_1_103' title='bbox 532 943 792 984; x_wconf 88' lang='lat' dir='ltr'>universo</span> <span class='ocrx_word' id='word_1_104' title='bbox 843 943 1055 998; x_wconf 90' lang='lat' dir='ltr'>populo</span> <span class='ocrx_word' id='word_1_105' title='bbox 1102 944 1267 999; x_wconf 57' lang='grc' dir='ltr'>(ἔθνει)</span> <span class='ocrx_word' id='word_1_106' title='bbox 1317 950 1577 996; x_wconf 76' lang='lat' dir='ltr'>crearentur,</span> 
     </span>
     <span class='ocr_line' id='line_1_16' title="bbox 261 999 1577 1056; baseline -0.002 -12"><span class='ocrx_word' id='word_1_107' title='bbox 261 1003 333 1056; x_wconf 85' lang='lat' dir='ltr'>qui</span> <span class='ocrx_word' id='word_1_108' title='bbox 383 1015 524 1040; x_wconf 83' lang='lat' dir='ltr'>rerum</span> <span class='ocrx_word' id='word_1_109' title='bbox 570 1005 816 1053; x_wconf 87' lang='lat' dir='ltr'>praeessent</span> <span class='ocrx_word' id='word_1_110' title='bbox 863 999 1154 1042; x_wconf 83' lang='lat' dir='ltr'>communitati</span> <span class='ocrx_word' id='word_1_111' title='bbox 1195 1000 1263 1055; x_wconf 90' lang='lat' dir='ltr'>(p.</span> <span class='ocrx_word' id='word_1_112' title='bbox 1305 1001 1398 1042; x_wconf 81' lang='lat'><strong>682.</strong></span> <span class='ocrx_word' id='word_1_113' title='bbox 1439 1000 1577 1054; x_wconf 67' lang='lat' dir='ltr'>s&#39;qq.).</span> 
     </span>
     <span class='ocr_line' id='line_1_17' title="bbox 260 1054 1576 1110; baseline -0.001 -12"><span class='ocrx_word' id='word_1_114' title='bbox 260 1059 319 1099; x_wconf 82' lang='lat' dir='ltr'>Et</span> <span class='ocrx_word' id='word_1_115' title='bbox 347 1056 454 1097; x_wconf 85' lang='lat' dir='ltr'>duae</span> <span class='ocrx_word' id='word_1_116' title='bbox 494 1054 666 1108; x_wconf 87' lang='lat' dir='ltr'>quidem</span> <span class='ocrx_word' id='word_1_117' title='bbox 703 1055 1109 1110; x_wconf 87' lang='lat' dir='ltr'>rerumpublicarum</span> <span class='ocrx_word' id='word_1_118' title='bbox 1148 1055 1307 1097; x_wconf 83' lang='lat' dir='ltr'>formae</span> <span class='ocrx_word' id='word_1_119' title='bbox 1336 1056 1576 1110; x_wconf 78' lang='lat' dir='ltr'>primariae,</span> 
     </span>
     <span class='ocr_line' id='line_1_18' title="bbox 261 1110 1581 1166; baseline -0.001 -12"><span class='ocrx_word' id='word_1_120' title='bbox 261 1112 373 1155; x_wconf 89' lang='lat' dir='ltr'>unde</span> <span class='ocrx_word' id='word_1_121' title='bbox 418 1111 606 1165; x_wconf 88' lang='lat' dir='ltr'>reliquae</span> <span class='ocrx_word' id='word_1_122' title='bbox 644 1125 764 1152; x_wconf 88' lang='lat' dir='ltr'>suam</span> <span class='ocrx_word' id='word_1_123' title='bbox 804 1110 1032 1152; x_wconf 86' lang='lat' dir='ltr'>habuerint</span> <span class='ocrx_word' id='word_1_124' title='bbox 1070 1110 1298 1166; x_wconf 82' lang='lat' dir='ltr'>originem,</span> <span class='ocrx_word' id='word_1_125' title='bbox 1336 1111 1581 1153; x_wconf 87' lang='lat' dir='ltr'>iudicantur</span> 
     </span>
     <span class='ocr_line' id='line_1_19' title="bbox 261 1166 1581 1223; baseline -0.002 -12"><span class='ocrx_word' id='word_1_126' title='bbox 261 1183 356 1211; x_wconf 88' lang='lat' dir='ltr'>esse</span> <span class='ocrx_word' id='word_1_127' title='bbox 411 1173 665 1222; x_wconf 87' lang='lat' dir='ltr'>potestas</span> <span class='ocrx_word' id='word_1_128' title='bbox 696 1166 903 1223; x_wconf 85' lang='lat' dir='ltr'>regalis</span> <span class='ocrx_word' id='word_1_129' title='bbox 971 1167 1243 1221; x_wconf 64' lang='grc' dir='ltr'>(μοναρχία)</span> <span class='ocrx_word' id='word_1_130' title='bbox 1301 1172 1344 1208; x_wconf 88' lang='lat' dir='ltr'>et</span> <span class='ocrx_word' id='word_1_131' title='bbox 1398 1167 1581 1209; x_wconf 87' lang='lat' dir='ltr'>libera</span> 
     </span>
     <span class='ocr_line' id='line_1_20' title="bbox 261 1222 1581 1278; baseline -0.002 -11"><span class='ocrx_word' id='word_1_132' title='bbox 261 1223 586 1278; x_wconf 84' lang='lat' dir='ltr'>respublica</span> <span class='ocrx_word' id='word_1_133' title='bbox 633 1223 965 1277; x_wconf 68' lang='grc' dir='ltr'>(ἳηαοκρατία),</span> <span class='ocrx_word' id='word_1_134' title='bbox 1017 1223 1078 1278; x_wconf 87' lang='lat' dir='ltr'>(p.</span> <span class='ocrx_word' id='word_1_135' title='bbox 1111 1223 1208 1263; x_wconf 76' lang='lat'><strong>69⁶2.</strong></span> <span class='ocrx_word' id='word_1_136' title='bbox 1239 1222 1294 1263; x_wconf 90' lang='lat' dir='ltr'>D.</span> <span class='ocrx_word' id='word_1_137' title='bbox 1324 1223 1453 1278; x_wconf 61' lang='lat' dir='ltr'>sqq.)</span> <span class='ocrx_word' id='word_1_138' title='bbox 1512 1223 1581 1264; x_wconf 85' lang='lat' dir='ltr'>Ex</span> 
     </span>
     <span class='ocr_line' id='line_1_21' title="bbox 261 1277 1579 1334; baseline -0.002 -11"><span class='ocrx_word' id='word_1_139' title='bbox 261 1288 442 1333; x_wconf 84' lang='lat' dir='ltr'>utraque</span> <span class='ocrx_word' id='word_1_140' title='bbox 487 1294 611 1331; x_wconf 74' lang='lat' dir='ltr'>vero,</span> <span class='ocrx_word' id='word_1_141' title='bbox 661 1277 858 1334; x_wconf 80' lang='lat' dir='ltr'>neglecto</span> <span class='ocrx_word' id='word_1_142' title='bbox 895 1278 1009 1320; x_wconf 87' lang='lat' dir='ltr'>iusto</span> <span class='ocrx_word' id='word_1_143' title='bbox 1052 1285 1411 1333; x_wconf 82' lang='lat' dir='ltr'>temperamento,</span> <span class='ocrx_word' id='word_1_144' title='bbox 1451 1294 1579 1333; x_wconf 87' lang='lat' dir='ltr'>quum</span> 
     </span>
     <span class='ocr_line' id='line_1_22' title="bbox 262 1334 1581 1389; baseline -0.002 -10"><span class='ocrx_word' id='word_1_145' title='bbox 262 1344 337 1379; x_wconf 81' lang='lat' dir='ltr'>aut</span> <span class='ocrx_word' id='word_1_146' title='bbox 364 1334 597 1376; x_wconf 79' lang='lat' dir='ltr'>dominatio</span> <span class='ocrx_word' id='word_1_147' title='bbox 628 1341 704 1376; x_wconf 85' lang='lat' dir='ltr'>aut</span> <span class='ocrx_word' id='word_1_148' title='bbox 732 1335 904 1376; x_wconf 86' lang='lat' dir='ltr'>libertas</span> <span class='ocrx_word' id='word_1_149' title='bbox 934 1334 1083 1376; x_wconf 83' lang='lat' dir='ltr'>animis</span> <span class='ocrx_word' id='word_1_150' title='bbox 1114 1335 1349 1389; x_wconf 82' lang='lat' dir='ltr'>appetitur,</span> <span class='ocrx_word' id='word_1_151' title='bbox 1390 1336 1581 1376; x_wconf 85' lang='lat' dir='ltr'>nascitur</span> 
     </span>
     <span class='ocr_line' id='line_1_23' title="bbox 258 1389 1580 1445; baseline -0.002 -11"><span class='ocrx_word' id='word_1_152' title='bbox 258 1393 415 1435; x_wconf 85' lang='lat' dir='ltr'>vitiosa</span> <span class='ocrx_word' id='word_1_153' title='bbox 442 1390 701 1445; x_wconf 86' lang='lat' dir='ltr'>reipublicae</span> <span class='ocrx_word' id='word_1_154' title='bbox 732 1390 995 1443; x_wconf 82' lang='lat' dir='ltr'>constitutio,</span> <span class='ocrx_word' id='word_1_155' title='bbox 1027 1389 1372 1444; x_wconf 89' lang='lat' dir='ltr'>quandoquidem</span> <span class='ocrx_word' id='word_1_156' title='bbox 1389 1397 1580 1445; x_wconf 85' lang='lat' dir='ltr'>potestas</span> 
     </span>
     <span class='ocr_line' id='line_1_24' title="bbox 259 1446 1579 1503; baseline -0.002 -14"><span class='ocrx_word' id='word_1_157' title='bbox 259 1448 415 1503; x_wconf 85' lang='lat' dir='ltr'>regalis</span> <span class='ocrx_word' id='word_1_158' title='bbox 454 1447 685 1502; x_wconf 81' lang='lat' dir='ltr'>degenerat</span> <span class='ocrx_word' id='word_1_159' title='bbox 720 1446 764 1487; x_wconf 91' lang='lat' dir='ltr'>in</span> <span class='ocrx_word' id='word_1_160' title='bbox 803 1446 1153 1502; x_wconf 84' lang='lat' dir='ltr'>tyrannidem</span> <span class='ocrx_word' id='word_1_161' title='bbox 1185 1446 1245 1501; x_wconf 87' lang='lat' dir='ltr'>(p.</span> <span class='ocrx_word' id='word_1_162' title='bbox 1277 1447 1369 1487; x_wconf 85' lang='lat'><strong>693.</strong></span> <span class='ocrx_word' id='word_1_163' title='bbox 1400 1447 1454 1488; x_wconf 84' lang='grc' dir='ltr'>Ε.</span> <span class='ocrx_word' id='word_1_164' title='bbox 1486 1448 1579 1487; x_wconf 87' lang='grc'><strong>698.</strong></span> 
     </span>
     <span class='ocr_line' id='line_1_25' title="bbox 259 1500 1580 1559; baseline -0.004 -12"><span class='ocrx_word' id='word_1_165' title='bbox 259 1506 354 1559; x_wconf 82' lang='lat' dir='ltr'><strong>A.)‚</strong></span> <span class='ocrx_word' id='word_1_166' title='bbox 386 1503 717 1546; x_wconf 88' lang='lat' dir='ltr'>democratia</span> <span class='ocrx_word' id='word_1_167' title='bbox 746 1509 886 1543; x_wconf 88' lang='lat' dir='ltr'>autem</span> <span class='ocrx_word' id='word_1_168' title='bbox 917 1502 1005 1543; x_wconf 91' lang='lat' dir='ltr'>abit</span> <span class='ocrx_word' id='word_1_169' title='bbox 1023 1502 1065 1543; x_wconf 91' lang='lat' dir='ltr'>in</span> <span class='ocrx_word' id='word_1_170' title='bbox 1098 1500 1414 1543; x_wconf 85' lang='lat' dir='ltr'>immoderatam</span> <span class='ocrx_word' id='word_1_171' title='bbox 1432 1502 1580 1557; x_wconf 91' lang='lat' dir='ltr'>populi</span> 
     </span>
     <span class='ocr_line' id='line_1_26' title="bbox 203 1557 1581 1613; baseline -0.003 -11"><span class='ocrx_word' id='word_1_172' title='bbox 203 1580 210 1582; x_wconf 54' lang='grc'><em>“</em></span> <span class='ocrx_word' id='word_1_173' title='bbox 259 1561 476 1602; x_wconf 82' lang='lat' dir='ltr'>licentiam</span> <span class='ocrx_word' id='word_1_174' title='bbox 516 1558 726 1600; x_wconf 88' lang='lat' dir='ltr'>communi</span> <span class='ocrx_word' id='word_1_175' title='bbox 756 1558 881 1600; x_wconf 84' lang='lat' dir='ltr'>saluti</span> <span class='ocrx_word' id='word_1_176' title='bbox 913 1557 1208 1613; x_wconf 82' lang='lat' dir='ltr'>perniciosam.</span> <span class='ocrx_word' id='word_1_177' title='bbox 1248 1558 1346 1599; x_wconf 91' lang='lat' dir='ltr'>Hoc</span> <span class='ocrx_word' id='word_1_178' title='bbox 1364 1557 1496 1613; x_wconf 87' lang='lat' dir='ltr'>igitur</span> <span class='ocrx_word' id='word_1_179' title='bbox 1514 1566 1581 1599; x_wconf 84' lang='lat' dir='ltr'>est</span> 
     </span>
     <span class='ocr_line' id='line_1_27' title="bbox 260 1613 1580 1669; baseline -0.002 -12"><span class='ocrx_word' id='word_1_180' title='bbox 260 1616 464 1657; x_wconf 85' lang='lat' dir='ltr'>iudicium</span> <span class='ocrx_word' id='word_1_181' title='bbox 504 1614 556 1655; x_wconf 88' lang='lat' dir='ltr'>de</span> <span class='ocrx_word' id='word_1_182' title='bbox 595 1629 731 1656; x_wconf 87' lang='lat' dir='ltr'>rerum</span> <span class='ocrx_word' id='word_1_183' title='bbox 763 1614 1027 1669; x_wconf 85' lang='lat' dir='ltr'>publicarum</span> <span class='ocrx_word' id='word_1_184' title='bbox 1057 1614 1284 1669; x_wconf 87' lang='lat' dir='ltr'>generibus</span> <span class='ocrx_word' id='word_1_185' title='bbox 1313 1613 1356 1654; x_wconf 87' lang='lat' dir='ltr'>in</span> <span class='ocrx_word' id='word_1_186' title='bbox 1393 1613 1580 1669; x_wconf 76' lang='lat' dir='ltr'>Legibus</span> 
     </span>
     <span class='ocr_line' id='line_1_28' title="bbox 261 1668 1580 1727; baseline -0.003 -14"><span class='ocrx_word' id='word_1_187' title='bbox 261 1678 540 1727; x_wconf 77' lang='lat' dir='ltr'>expromtiun-.</span> <span class='ocrx_word' id='word_1_188' title='bbox 617 1669 744 1722; x_wconf 79' lang='lat' dir='ltr'>Quod</span> <span class='ocrx_word' id='word_1_189' title='bbox 786 1676 990 1723; x_wconf 88' lang='lat' dir='ltr'>quantum</span> <span class='ocrx_word' id='word_1_190' title='bbox 1030 1668 1245 1723; x_wconf 84' lang='lat' dir='ltr'>discrepet</span> <span class='ocrx_word' id='word_1_191' title='bbox 1273 1670 1326 1710; x_wconf 88' lang='lat' dir='ltr'>ab</span> <span class='ocrx_word' id='word_1_192' title='bbox 1364 1669 1430 1722; x_wconf 80' lang='lat' dir='ltr'>iis,</span> <span class='ocrx_word' id='word_1_193' title='bbox 1473 1684 1580 1724; x_wconf 87' lang='lat' dir='ltr'>quae</span> 
     </span>
     <span class='ocr_line' id='line_1_29' title="bbox 258 1724 1579 1784; baseline -0.003 -15"><span class='ocrx_word' id='word_1_194' title='bbox 258 1729 458 1784; x_wconf 87' lang='lat' dir='ltr'>leguntur</span> <span class='ocrx_word' id='word_1_195' title='bbox 495 1728 537 1767; x_wconf 90' lang='lat' dir='ltr'>in</span> <span class='ocrx_word' id='word_1_196' title='bbox 559 1726 811 1781; x_wconf 77' lang='lat' dir='ltr'>Republica,</span> <span class='ocrx_word' id='word_1_197' title='bbox 838 1725 910 1767; x_wconf 86' lang='lat' dir='ltr'>vix</span> <span class='ocrx_word' id='word_1_198' title='bbox 939 1724 1104 1780; x_wconf 81' lang='lat' dir='ltr'>indiget</span> <span class='ocrx_word' id='word_1_199' title='bbox 1132 1725 1433 1766; x_wconf 86' lang='lat' dir='ltr'>admonitione.</span> <span class='ocrx_word' id='word_1_200' title='bbox 1491 1725 1579 1767; x_wconf 92' lang='lat' dir='ltr'>Ve-</span> 
     </span>
     <span class='ocr_line' id='line_1_30' title="bbox 260 1780 1580 1837; baseline -0.003 -12"><span class='ocrx_word' id='word_1_201' title='bbox 260 1800 352 1825; x_wconf 88' lang='lat' dir='ltr'>rum</span> <span class='ocrx_word' id='word_1_202' title='bbox 383 1797 461 1824; x_wconf 79' lang='lat' dir='ltr'>nec</span> <span class='ocrx_word' id='word_1_203' title='bbox 492 1783 587 1837; x_wconf 81' lang='lat' dir='ltr'>ipsa</span> <span class='ocrx_word' id='word_1_204' title='bbox 617 1781 802 1822; x_wconf 83' lang='lat' dir='ltr'>civitatis</span> <span class='ocrx_word' id='word_1_205' title='bbox 842 1781 884 1830; x_wconf 84' lang='lat' dir='ltr'>in</span> <span class='ocrx_word' id='word_1_206' title='bbox 917 1781 1109 1835; x_wconf 85' lang='lat' dir='ltr'>Legibus</span> <span class='ocrx_word' id='word_1_207' title='bbox 1140 1780 1336 1822; x_wconf 87' lang='lat' dir='ltr'>conditae</span> <span class='ocrx_word' id='word_1_208' title='bbox 1367 1781 1501 1822; x_wconf 88' lang='lat' dir='ltr'>forma</span> <span class='ocrx_word' id='word_1_209' title='bbox 1531 1795 1580 1822; x_wconf 86' lang='lat' dir='ltr'>ac</span> 
     </span>
     <span class='ocr_line' id='line_1_31' title="bbox 261 1835 1583 1896; baseline -0.003 -14"><span class='ocrx_word' id='word_1_210' title='bbox 261 1840 427 1896; x_wconf 83' lang='lat' dir='ltr'>species</span> <span class='ocrx_word' id='word_1_211' title='bbox 457 1854 553 1880; x_wconf 89' lang='lat' dir='ltr'>cum</span> <span class='ocrx_word' id='word_1_212' title='bbox 571 1839 732 1893; x_wconf 89' lang='lat' dir='ltr'>optima</span> <span class='ocrx_word' id='word_1_213' title='bbox 764 1837 938 1878; x_wconf 87' lang='lat' dir='ltr'>civitate</span> <span class='ocrx_word' id='word_1_214' title='bbox 969 1836 1228 1878; x_wconf 86' lang='lat' dir='ltr'>concordare</span> <span class='ocrx_word' id='word_1_215' title='bbox 1256 1835 1440 1878; x_wconf 87' lang='lat' dir='ltr'>videtur.</span> <span class='ocrx_word' id='word_1_216' title='bbox 1497 1835 1583 1878; x_wconf 80' lang='lat' dir='ltr'>Hic</span> 
     </span>
     <span class='ocr_line' id='line_1_32' title="bbox 259 1892 1583 1949; baseline -0.004 -12"><span class='ocrx_word' id='word_1_217' title='bbox 259 1896 369 1938; x_wconf 90' lang='lat' dir='ltr'>enim</span> <span class='ocrx_word' id='word_1_218' title='bbox 401 1911 550 1949; x_wconf 80' lang='lat' dir='ltr'>quum,</span> <span class='ocrx_word' id='word_1_219' title='bbox 582 1900 630 1935; x_wconf 89' lang='lat' dir='ltr'>ut</span> <span class='ocrx_word' id='word_1_220' title='bbox 657 1893 740 1934; x_wconf 90' lang='lat' dir='ltr'>iam</span> <span class='ocrx_word' id='word_1_221' title='bbox 772 1899 897 1934; x_wconf 88' lang='lat' dir='ltr'>antea</span> <span class='ocrx_word' id='word_1_222' title='bbox 925 1892 1122 1945; x_wconf 84' lang='lat' dir='ltr'>diximus,</span> <span class='ocrx_word' id='word_1_223' title='bbox 1153 1893 1422 1934; x_wconf 87' lang='lat' dir='ltr'>aristocratia</span> <span class='ocrx_word' id='word_1_224' title='bbox 1450 1892 1583 1933; x_wconf 86' lang='lat' dir='ltr'>omni-</span> 
     </span>
     <span class='ocr_line' id='line_1_33' title="bbox 260 1947 1582 2004; baseline -0.004 -11"><span class='ocrx_word' id='word_1_225' title='bbox 260 1954 342 1995; x_wconf 87' lang='lat' dir='ltr'>bus</span> <span class='ocrx_word' id='word_1_226' title='bbox 383 1950 566 1992; x_wconf 83' lang='lat' dir='ltr'>numeris</span> <span class='ocrx_word' id='word_1_227' title='bbox 604 1949 800 1991; x_wconf 86' lang='lat' dir='ltr'>absoluta</span> <span class='ocrx_word' id='word_1_228' title='bbox 829 1949 952 1990; x_wconf 84' lang='lat' dir='ltr'>unice</span> <span class='ocrx_word' id='word_1_229' title='bbox 982 1949 1147 2002; x_wconf 76' lang='lat' dir='ltr'>valeat,</span> <span class='ocrx_word' id='word_1_230' title='bbox 1186 1955 1278 1994; x_wconf 87' lang='lat' dir='ltr'>tum</span> <span class='ocrx_word' id='word_1_231' title='bbox 1314 1949 1358 1989; x_wconf 90' lang='lat' dir='ltr'>in</span> <span class='ocrx_word' id='word_1_232' title='bbox 1388 1947 1582 2004; x_wconf 84' lang='lat' dir='ltr'>Legibus</span> 
     </span>
     <span class='ocr_line' id='line_1_34' title="bbox 261 2003 1584 2049; baseline -0.005 0"><span class='ocrx_word' id='word_1_233' title='bbox 261 2008 434 2049; x_wconf 80' lang='lat' dir='ltr'>videtur</span> <span class='ocrx_word' id='word_1_234' title='bbox 472 2006 621 2047; x_wconf 84' lang='lat' dir='ltr'>civitas</span> <span class='ocrx_word' id='word_1_235' title='bbox 660 2021 712 2047; x_wconf 85' lang='lat' dir='ltr'>ex</span> <span class='ocrx_word' id='word_1_236' title='bbox 762 2005 1006 2046; x_wconf 78' lang='lat' dir='ltr'>monarchia</span> <span class='ocrx_word' id='word_1_237' title='bbox 1057 2010 1100 2046; x_wconf 87' lang='lat' dir='ltr'>et</span> <span class='ocrx_word' id='word_1_238' title='bbox 1146 2004 1404 2045; x_wconf 88' lang='lat' dir='ltr'>democratia</span> <span class='ocrx_word' id='word_1_239' title='bbox 1451 2003 1584 2044; x_wconf 81' lang='lat' dir='ltr'>mixta</span> 
     </span>
     <span class='ocr_line' id='line_1_35' title="bbox 261 2057 1582 2118; baseline -0.005 -13"><span class='ocrx_word' id='word_1_240' title='bbox 261 2071 389 2118; x_wconf 78' lang='lat' dir='ltr'>atque</span> <span class='ocrx_word' id='word_1_241' title='bbox 427 2067 662 2116; x_wconf 87' lang='lat' dir='ltr'>temperata</span> <span class='ocrx_word' id='word_1_242' title='bbox 701 2061 896 2103; x_wconf 88' lang='lat' dir='ltr'>omnibus</span> <span class='ocrx_word' id='word_1_243' title='bbox 927 2061 1020 2102; x_wconf 85' lang='lat' dir='ltr'>aliis</span> <span class='ocrx_word' id='word_1_244' title='bbox 1050 2060 1274 2112; x_wconf 82' lang='lat' dir='ltr'>anteferri,</span> <span class='ocrx_word' id='word_1_245' title='bbox 1316 2057 1582 2113; x_wconf 86' lang='lat' dir='ltr'>quandoqui-</span> 
     </span>
     <span class='ocr_line' id='line_1_36' title="bbox 263 2114 1579 2174; baseline -0.005 -13"><span class='ocrx_word' id='word_1_246' title='bbox 263 2120 359 2161; x_wconf 87' lang='lat' dir='ltr'>dem</span> <span class='ocrx_word' id='word_1_247' title='bbox 406 2120 540 2174; x_wconf 89' lang='lat' dir='ltr'>primo</span> <span class='ocrx_word' id='word_1_248' title='bbox 571 2118 721 2159; x_wconf 81' lang='lat' dir='ltr'>saltem</span> <span class='ocrx_word' id='word_1_249' title='bbox 750 2117 960 2171; x_wconf 81' lang='lat' dir='ltr'>adspectu</span> <span class='ocrx_word' id='word_1_250' title='bbox 999 2115 1045 2156; x_wconf 89' lang='lat' dir='ltr'>id</span> <span class='ocrx_word' id='word_1_251' title='bbox 1084 2116 1329 2170; x_wconf 86' lang='lat' dir='ltr'>significant</span> <span class='ocrx_word' id='word_1_252' title='bbox 1355 2115 1429 2155; x_wconf 92' lang='lat' dir='ltr'>illa</span> <span class='ocrx_word' id='word_1_253' title='bbox 1460 2114 1579 2155; x_wconf 86' lang='lat' dir='ltr'>Libr.</span> 
     </span>
     <span class='ocr_line' id='line_1_37' title="bbox 261 2171 1579 2230; baseline -0.005 -14"><span class='ocrx_word' id='word_1_254' title='bbox 261 2175 345 2216; x_wconf 85' lang='lat' dir='ltr'><strong>III.</strong></span> <span class='ocrx_word' id='word_1_255' title='bbox 378 2192 418 2230; x_wconf 92' lang='lat' dir='ltr'>p.</span> <span class='ocrx_word' id='word_1_256' title='bbox 450 2176 548 2216; x_wconf 69' lang='lat'>603.</span> <span class='ocrx_word' id='word_1_257' title='bbox 591 2174 627 2214; x_wconf 81' lang='lat' dir='ltr'>D</span> <span class='ocrx_word' id='word_1_258' title='bbox 657 2188 735 2226; x_wconf 82' lang='lat' dir='ltr'>sq..,</span> <span class='ocrx_word' id='word_1_259' title='bbox 769 2188 946 2227; x_wconf 89' lang='lat' dir='ltr'>quorum</span> <span class='ocrx_word' id='word_1_260' title='bbox 979 2171 1104 2217; x_wconf 86' lang='lat' dir='ltr'>modo</span> <span class='ocrx_word' id='word_1_261' title='bbox 1125 2171 1284 2212; x_wconf 85' lang='lat' dir='ltr'>iniecta</span> <span class='ocrx_word' id='word_1_262' title='bbox 1313 2171 1471 2211; x_wconf 82' lang='lat' dir='ltr'>mentio</span> <span class='ocrx_word' id='word_1_263' title='bbox 1502 2177 1579 2211; x_wconf 85' lang='lat' dir='ltr'>est.</span> 
     </span>
     <span class='ocr_line' id='line_1_38' title="bbox 263 2226 1578 2284; baseline -0.005 -12"><span class='ocrx_word' id='word_1_264' title='bbox 263 2231 386 2284; x_wconf 75' lang='lat' dir='ltr'>Quae</span> <span class='ocrx_word' id='word_1_265' title='bbox 418 2246 548 2284; x_wconf 88' lang='lat' dir='ltr'>quum</span> <span class='ocrx_word' id='word_1_266' title='bbox 580 2230 640 2270; x_wconf 84' lang='lat' dir='ltr'>ita</span> <span class='ocrx_word' id='word_1_267' title='bbox 669 2229 775 2282; x_wconf 78' lang='lat' dir='ltr'>sint,</span> <span class='ocrx_word' id='word_1_268' title='bbox 816 2229 1011 2271; x_wconf 88' lang='lat' dir='ltr'>Astius</span> <span class='ocrx_word' id='word_1_269' title='bbox 1049 2227 1208 2282; x_wconf 87' lang='lat' dir='ltr'>pariter</span> <span class='ocrx_word' id='word_1_270' title='bbox 1236 2232 1366 2279; x_wconf 89' lang='lat' dir='ltr'>atque</span> <span class='ocrx_word' id='word_1_271' title='bbox 1396 2226 1578 2268; x_wconf 89' lang='lat' dir='ltr'>Zelle·</span> 
     </span>
     <span class='ocr_line' id='line_1_39' title="bbox 261 2282 1581 2338; baseline -0.005 -10"><span class='ocrx_word' id='word_1_272' title='bbox 261 2303 350 2328; x_wconf 88' lang='lat' dir='ltr'>rus</span> <span class='ocrx_word' id='word_1_273' title='bbox 384 2287 755 2338; x_wconf 79' lang='lat' dir='ltr'>existimaverunt,</span> <span class='ocrx_word' id='word_1_274' title='bbox 793 2290 953 2326; x_wconf 88' lang='lat' dir='ltr'>tantam</span> <span class='ocrx_word' id='word_1_275' title='bbox 983 2283 1024 2324; x_wconf 91' lang='lat' dir='ltr'>in</span> <span class='ocrx_word' id='word_1_276' title='bbox 1057 2283 1137 2324; x_wconf 80' lang='lat' dir='ltr'>hoc</span> <span class='ocrx_word' id='word_1_277' title='bbox 1165 2283 1260 2323; x_wconf 91' lang='lat' dir='ltr'>loco</span> <span class='ocrx_word' id='word_1_278' title='bbox 1291 2282 1485 2323; x_wconf 86' lang='lat' dir='ltr'>Platonis</span> <span class='ocrx_word' id='word_1_279' title='bbox 1515 2296 1581 2323; x_wconf 91' lang='lat' dir='ltr'>se-</span> 
     </span>
     <span class='ocr_line' id='line_1_40' title="bbox 261 2338 1581 2396; baseline -0.005 -12"><span class='ocrx_word' id='word_1_280' title='bbox 261 2359 356 2384; x_wconf 89' lang='lat' dir='ltr'>cum</span> <span class='ocrx_word' id='word_1_281' title='bbox 385 2342 481 2396; x_wconf 88' lang='lat' dir='ltr'>ipso</span> <span class='ocrx_word' id='word_1_282' title='bbox 511 2340 818 2383; x_wconf 85' lang='lat' dir='ltr'>dissensionem</span> <span class='ocrx_word' id='word_1_283' title='bbox 847 2338 1148 2391; x_wconf 79' lang='lat' dir='ltr'>animadverti,</span> <span class='ocrx_word' id='word_1_284' title='bbox 1180 2346 1227 2379; x_wconf 86' lang='lat' dir='ltr'>ut</span> <span class='ocrx_word' id='word_1_285' title='bbox 1255 2338 1333 2381; x_wconf 76' lang='lat' dir='ltr'>vel.</span> <span class='ocrx_word' id='word_1_286' title='bbox 1353 2338 1452 2379; x_wconf 89' lang='lat' dir='ltr'>hinc</span> <span class='ocrx_word' id='word_1_287' title='bbox 1481 2352 1581 2391; x_wconf 89' lang='lat' dir='ltr'>pro-</span> 
     </span>
     <span class='ocr_line' id='line_1_41' title="bbox 262 2392 1581 2451; baseline -0.006 -10"><span class='ocrx_word' id='word_1_288' title='bbox 262 2397 458 2441; x_wconf 85' lang='lat' dir='ltr'>babiliter</span> <span class='ocrx_word' id='word_1_289' title='bbox 497 2397 652 2438; x_wconf 88' lang='lat' dir='ltr'>coniici</span> <span class='ocrx_word' id='word_1_290' title='bbox 691 2397 844 2448; x_wconf 80' lang='lat' dir='ltr'>liceat,</span> <span class='ocrx_word' id='word_1_291' title='bbox 884 2397 1051 2451; x_wconf 85' lang='lat' dir='ltr'>Legum</span> <span class='ocrx_word' id='word_1_292' title='bbox 1088 2409 1196 2449; x_wconf 89' lang='lat' dir='ltr'>opus</span> <span class='ocrx_word' id='word_1_293' title='bbox 1235 2409 1319 2435; x_wconf 89' lang='lat' dir='ltr'>non</span> <span class='ocrx_word' id='word_1_294' title='bbox 1350 2393 1402 2434; x_wconf 89' lang='lat' dir='ltr'>ab</span> <span class='ocrx_word' id='word_1_295' title='bbox 1433 2392 1581 2434; x_wconf 89' lang='lat' dir='ltr'>eodem</span> 
     </span>
     <span class='ocr_line' id='line_1_42' title="bbox 263 2448 1579 2509; baseline -0.005 -13"><span class='ocrx_word' id='word_1_296' title='bbox 263 2460 437 2496; x_wconf 87' lang='lat' dir='ltr'>auctore</span> <span class='ocrx_word' id='word_1_297' title='bbox 472 2452 707 2509; x_wconf 85' lang='lat' dir='ltr'>profectum</span> <span class='ocrx_word' id='word_1_298' title='bbox 748 2467 855 2494; x_wconf 87' lang='lat' dir='ltr'>esse.</span> <span class='ocrx_word' id='word_1_299' title='bbox 921 2452 1081 2493; x_wconf 86' lang='lat' dir='ltr'>Verum</span> <span class='ocrx_word' id='word_1_300' title='bbox 1117 2450 1330 2491; x_wconf 91' lang='lat' dir='ltr'>enimvero</span> <span class='ocrx_word' id='word_1_301' title='bbox 1367 2463 1446 2490; x_wconf 91' lang='lat' dir='ltr'>nos</span> <span class='ocrx_word' id='word_1_302' title='bbox 1487 2448 1579 2502; x_wconf 91' lang='lat' dir='ltr'>qui-</span> 
     </span>
     <span class='ocr_line' id='line_1_43' title="bbox 263 2504 1579 2552; baseline -0.006 0"><span class='ocrx_word' id='word_1_303' title='bbox 263 2510 359 2552; x_wconf 91' lang='lat' dir='ltr'>dem</span> <span class='ocrx_word' id='word_1_304' title='bbox 396 2510 577 2550; x_wconf 76' lang='lat' dir='ltr'>fatemur</span> <span class='ocrx_word' id='word_1_305' title='bbox 617 2507 750 2549; x_wconf 91' lang='lat' dir='ltr'>libere</span> <span class='ocrx_word' id='word_1_306' title='bbox 810 2507 880 2550; x_wconf 85' lang='lat' dir='ltr'>isti</span> <span class='ocrx_word' id='word_1_307' title='bbox 920 2506 1260 2549; x_wconf 87' lang='lat' dir='ltr'>doctissimorum</span> <span class='ocrx_word' id='word_1_308' title='bbox 1301 2505 1487 2546; x_wconf 89' lang='lat' dir='ltr'>virorum</span> <span class='ocrx_word' id='word_1_309' title='bbox 1516 2504 1579 2545; x_wconf 90' lang='lat' dir='ltr'>iu-</span> 
     </span>
     <span class='ocr_line' id='line_1_44' title="bbox 263 2559 1579 2618; baseline -0.005 -11"><span class='ocrx_word' id='word_1_310' title='bbox 263 2560 376 2609; x_wconf 75' lang='lat' dir='ltr'>dicio</span> <span class='ocrx_word' id='word_1_311' title='bbox 413 2580 499 2606; x_wconf 88' lang='lat' dir='ltr'>non</span> <span class='ocrx_word' id='word_1_312' title='bbox 536 2569 700 2604; x_wconf 81' lang='lat' dir='ltr'>tantum</span> <span class='ocrx_word' id='word_1_313' title='bbox 738 2563 939 2617; x_wconf 73' lang='lat' dir='ltr'>tribuere,</span> <span class='ocrx_word' id='word_1_314' title='bbox 978 2562 1135 2618; x_wconf 90' lang='lat' dir='ltr'>quippe</span> <span class='ocrx_word' id='word_1_315' title='bbox 1175 2561 1248 2616; x_wconf 92' lang='lat' dir='ltr'>qui</span> <span class='ocrx_word' id='word_1_316' title='bbox 1277 2575 1356 2602; x_wconf 87' lang='lat' dir='ltr'>nec</span> <span class='ocrx_word' id='word_1_317' title='bbox 1395 2559 1579 2615; x_wconf 84' lang='lat' dir='ltr'>singula,</span> 
     </span>
     <span class='ocr_line' id='line_1_45' title="bbox 264 2614 1579 2677; baseline -0.007 -12"><span class='ocrx_word' id='word_1_318' title='bbox 264 2637 381 2677; x_wconf 63' lang='lat' dir='ltr'>quac&gt;</span> <span class='ocrx_word' id='word_1_319' title='bbox 415 2619 466 2663; x_wconf 85' lang='lat' dir='ltr'>a&#39;d</span> <span class='ocrx_word' id='word_1_320' title='bbox 512 2620 651 2661; x_wconf 88' lang='lat' dir='ltr'>locum</span> <span class='ocrx_word' id='word_1_321' title='bbox 681 2618 796 2661; x_wconf 88' lang='lat' dir='ltr'>illum</span> <span class='ocrx_word' id='word_1_322' title='bbox 829 2619 1062 2674; x_wconf 85' lang='lat' dir='ltr'>pertinent,</span> <span class='ocrx_word' id='word_1_323' title='bbox 1105 2623 1218 2659; x_wconf 87' lang='lat' dir='ltr'>recte.</span> <span class='ocrx_word' id='word_1_324' title='bbox 1262 2614 1579 2672; x_wconf 73' lang='lat' dir='ltr'>perpenderint,</span> 
     </span>
    </p>
   </div>
  </div>
 </body>
</html>
