1612 2872
437 843 1001 921 PRAEFATIO

77 962 153 1008 de
191 973 358 1008 nova
393 963 512 1008 hac
558 964 806 1019 Legum
844 959 1124 1006 editione
1160 958 1425 1014 eiusque

358 1030 640 1077 consiliis
671 1032 736 1075 et
763 1028 1136 1075 rationibus·

75 1204 222 1283 Quod
258 1238 304 1280 in
343 1236 438 1280 aliis
468 1236 666 1279 Platonis
697 1235 904 1294 operibus
935 1236 1079 1278 facere
1111 1235 1254 1279 adhuc
1282 1235 1424 1289 licuit,

75 1301 123 1336 ut
168 1296 419 1352 priusquam
469 1293 525 1336 ad
579 1293 773 1352 singulas
823 1309 972 1336 eorum
1014 1299 1162 1349 partes
1214 1298 1427 1350 perpetua

74 1352 354 1394 annotatione
384 1351 662 1394 illustrandas
692 1349 1021 1405 accederemus,
1060 1353 1263 1394 universe
1293 1365 1426 1406 quae-

74 1408 172 1451 dam
220 1409 273 1452 de
311 1409 483 1451 illorum
521 1414 777 1465 argumento
825 1415 870 1450 et
907 1409 1136 1465 proposito
1172 1408 1426 1466 praemitte-

72 1482 241 1518 remus3
280 1465 326 1508 id
363 1466 408 1508 in
446 1466 528 1509 hac
570 1470 741 1523 Legum
782 1465 974 1508 editione
1019 1480 1072 1507 ex
1103 1473 1228 1524 parte
1256 1471 1428 1509 tantum

73 1524 138 1566 sic
189 1524 436 1566 institutum
466 1530 548 1578 est,
598 1522 951 1579 quandoquidem
999 1523 1097 1579 ipsa
1142 1523 1285 1581 operis
1337 1538 1428 1564 am-

72 1580 254 1638 plissimi
301 1580 471 1624 indoles
521 1587 654 1636 atque
702 1581 811 1623 ratio
863 1580 927 1623 ita
980 1581 1233 1637 postulavit.
1309 1579 1428 1623 Nam

74 1653 206 1694 quum
239 1637 476 1694 disputatio
508 1637 561 1680 de
588 1638 763 1695 Legum
792 1637 1008 1692 consiliis,
1048 1637 1134 1680 fide
1166 1644 1211 1680 et
1240 1637 1428 1680 auctori-

71 1700 161 1738 tate
199 1694 344 1752 paullo
382 1695 555 1738 lonorior
593 1702 723 1751 atque
771 1695 991 1751 copiosior
1037 1695 1251 1747 extiterit3
1291 1709 1428 1752 prope

74 1753 331 1795 necessitate
364 1732 552 1808 quadam
580 1753 723 1795 coacti
742 1767 891 1796 sumus
913 1767 1007 1795 eam
1035 1754 1193 1810 partim
1220 1753 1266 1795 in
1296 1752 1430 1795 alium

73 1809 218 1852 locum
235 1810 428 1864 reiicere,
450 1825 536 1866 quo
555 1817 737 1866 possent
755 1811 800 1852 in
817 1809 1035 1866 principio
1058 1810 1202 1866 operis
1222 1825 1273 1852 ea
1292 1809 1428 1866 expli-

78 1866 181 1920 cari,
197 1882 305 1922 quae
320 1866 376 1908 ad
391 1866 695 1910 declarandam
713 1867 903 1910 instituti
915 1866 1054 1909 nostri
1071 1867 1284 1909 rationem
1294 1866 1428 1923 perti-

76 1930 244 1977 nerent,
277 1938 474 1979 quaeque
505 1924 678 1966 novisse
707 1924 945 1982 legentium
983 1923 1055 1966 vel
1082 1924 1267 1966 maxime
1294 1924 1429 1966 inter-

78 1995 172 2023 esse
222 1979 457 2022 videretur.
540 1979 833 2034 Quamobrem
880 1982 990 2034 iam,
1030 1980 1084 2022 iis
1123 1982 1277 2036 rebus,
1318 1995 1427 2037 quas

76 2037 179 2080 alibi
217 2037 262 2079 in
290 2037 611 2095 prolegomenis
640 2043 826 2080 tractare
864 2037 1188 2093 consuevimus,
1227 2053 1430 2095 magnam

75 2099 242 2150 partem
273 2094 318 2136 in
347 2094 466 2136 aliud
494 2100 667 2151 tempus
698 2095 883 2151 collatis,
912 2096 997 2138 hoe
1025 2094 1123 2138 loco
1154 2102 1254 2139 ante
1286 2095 1431 2138 omnia

77 2151 130 2194 de
160 2151 243 2194 hac
271 2158 424 2194 nostra
452 2152 606 2208 scripti
639 2152 855 2195 Platonici
885 2152 1078 2195 editione
1105 2153 1324 2211 copiosius
1355 2168 1429 2195 ex-

77 2224 236 2265 ponere
268 2209 456 2251 animum
482 2209 745 2252 induximus.

190 2289 370 2345 Duplex
407 2304 511 2332 vero
549 2305 704 2333 munus
735 2296 825 2344 est,
858 2289 975 2345 quod
1003 2290 1047 2332 in
1079 2290 1162 2333 hoc
1193 2305 1324 2348 opere
1355 2289 1430 2332 de-

78 2362 165 2389 nuo
211 2345 381 2389 edendo
406 2347 531 2389 nobis
563 2347 812 2390 obeundum
849 2362 944 2390 esse
973 2346 1198 2402 duximus,
1231 2347 1429 2401 alterum,

79 2412 129 2446 ut
168 2403 458 2446 emendationi
494 2405 728 2448 verborum
760 2410 971 2459 quantum
1008 2405 1104 2447 fieri
1140 2410 1291 2462 posset
1328 2420 1431 2461 pro-

80 2460 337 2516 spiceretur,
367 2461 567 2516 alterum,
596 2469 647 2504 ut
675 2476 746 2504 res
778 2476 829 2503 ae
858 2463 1098 2505 sententiae
1127 2463 1269 2505 iustae
1299 2462 1431 2504 inter-

79 2517 334 2574 pretationis
372 2519 469 2562 luce
508 2519 886 2576 perfunderentur.
946 2519 1047 2574 Qua
1075 2520 1122 2562 in
1149 2535 1197 2562 re
1226 2519 1311 2562 etsi
1341 2534 1432 2561 om-

80 2574 185 2617 nino
226 2575 444 2619 tenuimus
485 2575 667 2619 eandem
715 2576 951 2632 rationem,
998 2592 1128 2633 quam
1166 2577 1212 2619 in
1251 2574 1461 2618 edendis-

81 2631 298 2676 universis
342 2633 539 2677 Platonis
579 2634 783 2691 operibus
821 2634 907 2677 iam
946 2635 1000 2678 ab
1040 2634 1164 2677 initio
1204 2632 1332 2676 nobis
1363 2646 1431 2675 se-
