1612 2872
240 95 321 135 LX
642 87 1117 132 PROIAEGOMENA

782 289 904 364 cap.
946 289 1025 348 ιιι.

264 417 551 461 ”casignano
593 414 856 450 universae
889 414 1235 459 disputationis
1257 413 1327 459 lde
1361 414 1540 458 lat-gum

641 485 792 520 opere
817 476 1161 511 instituendae.

350 589 444 630 Erit
484 594 624 630 autem
664 588 887 630 universae
918 587 1223 642 disputationis
1251 593 1425 628 nostrae
1456 587 1566 627 ratio

239 644 362 698 haec,
394 652 456 699 ut,
488 644 627 686 missis
658 644 736 696 iis,
782 659 891 698 quae
921 644 975 684 ad
1005 659 1094 684 rem
1124 650 1394 698 praesentem
1424 643 1566 683 minus

238 701 506 756 pertineant,
550 699 623 741 illa
659 701 930 755 potissimum
974 699 1290 752 disquiramus,
1329 713 1381 739 ex
1409 697 1566 752 quibus

239 762 402 798 rectum
441 756 494 797 de
532 761 626 796 toto
667 771 797 810 opere
827 755 1032 796 iudicium
1065 754 1245 795 maxime
1274 752 1564 809 suspenditur.

240 813 355 854 Nam
395 827 505 866 quae
543 811 706 852 leviora
747 818 848 853 sunt
886 816 961 851 aut
990 810 1045 851 ad
1085 808 1350 865 singulorum
1379 815 1566 850 tantum·-

240 867 368 910 modo
407 868 598 909 locorum
640 867 969 921 explicationem
1022 867 1287 916 referuntur,
1336 865 1389 906 iis
1425 865 1566 906 locum

241 939 365 966 suum
413 924 458 964 in
513 922 843 964 Commentariis
894 921 1089 963 dabimus
1146 921 1325 962 orationi
1371 920 1566 961 Platonis

241 979 460 1022 subiectis.
523 979 675 1031 ltaque
713 979 896 1033 primum
936 977 1107 1031 quidem
1147 991 1360 1031 exponere
1391 976 1566 1018 conabi-

241 1050 337 1076 mur
373 1034 426 1075 de
456 1033 660 1087 consilio,
700 1033 817 1087 quod
855 1033 978 1074 Plato
1018 1033 1062 1074 in
1102 1031 1341 1074 scribendis
1371 1031 1571 1087 Legibus

242 1096 418 1132 secutus
458 1089 676 1140 videatur3
726 1104 812 1144 quo
854 1089 951 1131 loco
989 1088 1114 1130 simul
1170 1087 1421 1129 ostendetur
1471 1102 1565 1129 esse

240 1145 349 1188 illud
378 1146 550 1187 omnino
581 1145 690 1198 tale,
731 1144 846 1199 quod
876 1159 962 1186 non
1001 1143 1129 1186 modo
1169 1158 1256 1184 non
1285 1143 1513 1185 abhorreat
1541 1158 1567 1183 a

240 1201 489 1258 philosophi
519 1201 716 1257 ingenio,
748 1201 914 1242 ratione
945 1205 989 1242 et
1017 1199 1228 1252 doctrina,
1260 1214 1408 1241 verum
1439 1199 1567 1240 etiam

242 1272 341 1300 cum
379 1256 534 1299 studiis
587 1257 724 1311 ipsius
774 1263 903 1310 atque
951 1255 1065 1296 vitae
1111 1255 1350 1296 rationibus
1397 1254 1566 1310 egregie

240 1313 497 1355 consentiat.
555 1311 727 1354 Deinde
768 1311 1106 1353 examinabimus
1153 1310 1370 1351 materiam
1411 1311 1564 1366 operis,

243 1382 586 1424 quaeremusque
658 1367 883 1421 subtilius,
956 1373 1170 1420 quatenus
1227 1381 1297 1407 res
1362 1372 1404 1407 et
1471 1381 1567 1408 sen-

243 1425 402 1466 tentiae
443 1425 486 1465 in
525 1439 577 1465 eo
621 1424 842 1478 expositae
886 1423 1150 1465 conveniant
1190 1437 1286 1463 cum
1335 1421 1413 1474 iis,
1457 1436 1567 1476 quae

240 1482 283 1522 in
324 1481 419 1522 aliis
457 1480 577 1521 libris
617 1479 810 1521 Platonis
848 1479 1116 1532 maximeque
1153 1477 1197 1518 in
1226 1476 1465 1532 Republica
1494 1492 1566 1518 ex-

243 1537 404 1592 plicata
453 1536 669 1591 leguntur.
749 1534 878 1587 Quod
930 1533 1122 1588 quidem}
1150 1548 1200 1574 eo
1251 1533 1378 1574 modo
1427 1534 1566 1574 faeere

243 1592 508 1644 conabimur,
540 1597 588 1631 ut
618 1590 766 1632 eadem
797 1606 928 1645 opera
959 1590 1085 1631 etiam
1107 1604 1289 1631 caussae·
1307 1598 1350 1630 et
1380 1590 1566 1631 rationes

243 1648 502 1703 aperiantur,
536 1647 691 1700 quibus
722 1647 880 1687 sactum
910 1646 988 1697 sit,
1017 1651 1066 1686 ut
1094 1645 1378 1700 philosophus
1408 1645 1451 1685 in
1481 1645 1566 1686 Le-

243 1704 369 1759 gibus
406 1703 540 1743 multa
578 1702 703 1744 aliter
732 1709 860 1756 atque
900 1702 1001 1743 alibi
1030 1701 1278 1742 tractaverit
1307 1707 1350 1741 et
1379 1701 1566 1755 explica-

242 1759 366 1801 verit.
432 1758 516 1799 His
554 1773 654 1799 vero
695 1758 901 1812 expositis
941 1756 1193 1798 accedemus
1222 1771 1350 1810 porro
1380 1756 1434 1796 ad
1464 1771 1566 1798 con-

244 1813 515 1856 siderandam
570 1814 713 1868 operis
754 1815 932 1855 formam
980 1819 1110 1867 atque
1159 1812 1409 1866 speciemss‘}
1441 1811 1564 1864 Quae

242 1871 445 1924 quoniam
483 1868 526 1909 in
576 1870 712 1911 tribus
741 1869 1009 1924 potissimum
1039 1869 1166 1920 rebus
1198 1869 1397 1921 cernitur,
1426 1868 1469 1909 in
1499 1883 1565 1909 ar-

244 1925 436 1982 gumenti
476 1925 763 1980 explicatione
794 1939 843 1966 ac
872 1923 1111 1966 disserendi
1141 1926 1211 1964 via
1240 1930 1282 1964 et
1310 1924 1488 1976 ratione,
1520 1924 1564 1964 in

244 1981 409 2036 dialogi
439 1987 591 2022 ornatu
621 1987 665 2022 et
695 1981 890 2034 artificio,
924 1980 1108 2034 denique
1138 1980 1181 2020 in
1211 1979 1414 2020 orationis
1445 1994 1562 2021 com-

243 2038 459 2092 positione
489 2042 533 2077 et
560 2036 732 2089 habitu,
775 2036 828 2077 de
858 2036 926 2077 his
956 2036 1152 2077 omnibus
1183 2034 1330 2076 ordine
1359 2034 1563 2090 deinceps

243 2094 306 2133 ita
343 2092 626 2146 disseremus,
666 2098 716 2134 ut
753 2098 966 2146 quatenus
1004 2106 1054 2132 ea
1092 2090 1147 2131 ad
1185 2091 1393 2145 rationem
1434 2096 1563 2145 atque

244 2154 376 2189 artem
414 2148 555 2202 operis
593 2149 751 2190 rectius
792 2147 1098 2189 aestimandam
1136 2146 1422 2200 subtiliusque
1452 2146 1562 2187 iudi-

244 2202 423 2245 candam
453 2202 614 2257 aliquid
646 2205 851 2246 momenti
879 2203 1054 2255 faciant,
1086 2218 1163 2257 pro
1194 2202 1356 2243 viribus
1388 2201 1562 2244 demon-

242 2265 438 2301 stremus.
498 2258 667 2311 Quibus
698 2260 895 2301 omnibus
924 2258 1129 2313 expositis
1157 2257 1340 2310 denique
1371 2259 1561 2298 futurum

242 2330 337 2356 esse
367 2329 611 2370 speramuS,
656 2321 705 2356 ut
734 2329 930 2358 caussam
967 2313 1164 2355 idoneam
1207 2313 1365 2354 nullam
1405 2327 1562 2368 suppe-

241 2377 331 2412 tere
368 2371 644 2425 intelligatur,
685 2386 761 2411 cur
789 2371 931 2426 Leges
974 2385 998 2410 a
1047 2368 1225 2409 Platone
1257 2369 1439 2423 scriptas
1469 2384 1561 2410 esse

242 2441 447 2483 negemus
486 2431 561 2467 aut
596 2431 733 2466 totum
773 2441 879 2482 opus
916 2425 1068 2468 summi
1105 2424 1350 2480 philosophi
1387 2425 1561 2480 ingenio

246 2489 291 2524 et
329 2482 523 2524 doctrina
569 2480 792 2536 indignum
841 2496 933 2524 esse
984 2495 1244 2522 censeamus.
1320 2480 1562 2534 Apparebit

245 2538 370 2591 enim,
403 2538 570 2593 opinor,
601 2537 834 2578 clarissime
864 2539 1022 2578 reterre
1060 2535 1168 2577 illud
1196 2536 1322 2591 plane
1350 2536 1561 2576 Platonici

243 2593 426 2651 ingenii,
466 2593 567 2635 artis
608 2598 650 2634 et
679 2593 856 2634 rationis
886 2591 1162 2648 elegantiam,
1193 2592 1254 2633 ita
1283 2597 1351 2645 ut,
1382 2592 1417 2634 si
1447 2606 1559 2633 sum-
