1612 2872
542 67 724 112 LIBRI>
749 66 944 111 PRIMI.
1375 70 1423 112 11

63 182 147 226 nisi
177 197 311 239 opes,
359 181 561 238 divitia-s,
607 184 804 240 corporis
843 182 978 225 robur
1016 195 1068 224 ac
1109 179 1421 234 valetudinem,

63 241 149 283 alia
200 239 358 282 similia
402 247 709 295 consectetur,
771 239 947 283 virtutis
987 244 1136 282 autem
1189 236 1326 280 decus
1379 243 1425 280 et

64 303 364 341 ornamentum
403 296 518 355 negli
546 305 599 341 at
627 305 703 340 aut
730 298 854 354 parvi
887 297 1031 339 ducat.
1091 294 1326 338 Enimvero
1362 294 1425 336 vi-

63 370 157 397 rum
194 354 356 397 bonum
396 370 495 397 eum
556 371 699 398 emum
728 362 848 398 recte
877 353 1112 411 appellari,
1145 352 1220 408 qui
1251 351 1425 395 sibimet

62 412 146 468 ipsi
186 412 398 468 imperare
438 411 654 456 didicerit.
723 417 787 455 At
836 412 1081 465 enimvero,
1118 409 1298 465 inquit,
1338 408 1424 452 hoc

62 469 205 526 ipsum
238 468 344 525 quid
373 468 550 512 tandem
580 470 638 513 sit
666 475 711 511 et
733 484 941 524 quorsum
962 469 1199 524 pertineat,
1233 466 1423 524 imagine

63 527 212 582 aliqua
241 542 292 569 ac
323 526 604 569 similitudine
635 525 882 570 declarasse
912 526 1093 567 iuvabit.
1161 525 1312 567 Habet
1340 523 1424 581 igi-

62 591 135 626 tur
162 584 464 639 unusquisque
494 584 624 628 homo
654 584 775 626 intus
804 584 850 626 in
880 583 1024 626 animo
1045 597 1125 625 suo
1158 581 1270 625 duos
1297 581 1423 637 quasi

61 641 360 695 consiliarios,
405 655 570 696 eosque
610 641 791 684 multum
822 656 953 697 saepe
985 640 1101 682 inter
1129 654 1225 682 sese
1256 639 1422 682 discor-

62 697 241 752 dantes,
283 698 553 755 voluptatem
594 706 729 755 atque
768 697 990 750 dolorem,
1032 697 1291 740 coniunctos
1321 696 1420 739 illos

60 756 131 798 vel
169 771 267 799 cum
298 771 440 798 rerum
467 756 680 799 laetarum
708 756 1012 813 expectatione
1049 754 1119 796 vel
1150 769 1249 796 cum
1278 769 1421 796 rerum

58 814 306 857 futurarum
340 819 470 856 metu.
541 814 616 856 Ad
654 814 735 857 hos
783 819 926 856 autem
967 811 1140 855 accedit
1178 811 1290 853 ratio
1330 813 1421 863 (λο-

61 871 259 926 γισμός),
292 885 404 926 quae
434 869 661 926 deliberat,
697 870 804 927 quid
831 870 1002 924 melius,
1035 868 1196 925 quidve
1227 867 1420 911 deterius

59 929 138 979 sit3
176 943 316 983 eaque
356 928 446 971 lex
484 930 745 987 appellatur,
777 929 814 972 si
835 942 1063 971 commune
1105 926 1298 969 civitatis
1344 924 1420 969 de-

60 992 227 1028 cretum
271 986 426 1028 extitit.
485 986 649 1042 Itaque.
680 986 811 1029 homo
839 985 1066 1041 aptissime
1096 983 1420 1040 comparabitur

59 1042 322 1085 artificiosae
348 1042 489 1086 'alicui
519 1044 768 1099 machinae,
810 1059 922 1100 quae
963 1042 1096 1085 variis
1136 1057 1188 1084 ac
1233 1040 1417 1084 diversis

58 1100 201 1143 nervis
233 1100 325 1143 sive
355 1101 558 1145 funiculis
588 1102 799 1155 trahitur,
833 1116 1033 1156 quaeque
1063 1100 1101 1143 si
1130 1105 1319 1142 tractum
1349 1113 1418 1142 se-

58 1157 208 1212 quitur
254 1157 462 1214 rationis,
501 1159 674 1203 virtutis
710 1158 883 1201 laudem
921 1164 1064 1212 tenet,
1095 1157 1164 1200 sin
1193 1156 1363 1214 regitur
1391 1171 1418 1198 a

57 1214 320 1271 cupiditate,
364 1215 421 1258 ad
459 1217 719 1273 pravitatem
760 1215 997 1259 delabitur.
1073 1215 1144 1257 Ex
1183 1229 1271 1269 quo
1319 1214 1416 1271 ipso

58 1271 214 1315 clarius
257 1273 439 1330 intelligi
466 1275 592 1327 licet,
622 1274 831 1330 quidnam
859 1273 970 1316 illud
1002 1273 1084 1327 sit,
1124 1272 1170 1314 in
1201 1287 1289 1327 quo
1320 1286 1417 1314 eru-

58 1328 182 1383 ditio,
214 1330 459 1385 institutio,
498 1338 542 1373 et
570 1332 715 1389 legum
745 1337 866 1374 recta
895 1331 1009 1373 rati-o
1039 1329 1316 1373 contineatur
1347 1329 1414 1384 (p.

58 1387 155 1429 642.
200 1387 252 1430 E.
283 1413 339 1418 —
369 1390 465 1432 645.
499 1387 597 1444 C.).
629 1415 684 1422 ——
752 1390 903 1444 Atque
941 1387 1136 1430 indidem
1177 1387 1309 1428 etiam
1342 1401 1415 1429 oo-

57 1451 319 1501 gnoscetur,
361 1445 466 1501 quid
496 1445 550 1489 de
580 1447 790 1489 ebrietate
820 1445 1006 1488 iudicari
1037 1450 1249 1502 oporteat.
1308 1443 1345 1486 F
1350 1444 1415 1486 in-

59 1517 212 1559 gamus
243 1503 354 1544 enim
383 1503 628 1546 machinam
658 1504 802 1557 illam,
835 1504 906 1547 cui
936 1503 1155 1546 hominem
1186 1517 1415 1557 compara-

58 1559 224 1614 vimus,
261 1560 406 1602 vivam
443 1576 540 1604 esse
582 1569 713 1617 atque
745 1561 934 1605 evasisse
967 1561 1152 1611 ebriam3
1185 1558 1292 1615 quid
1322 1565 1415 1601 tum

56 1622 308 1659 eventurum
363 1633 460 1661 esse
507 1619 812 1662 censebimus?
881 1618 1101 1661 Nimirum
1148 1615 1330 1659 iucundi
1370 1622 1415 1658 et

55 1673 278 1717 iniucundi
307 1689 464 1718 sensus
492 1675 685 1733 itemque
716 1675 899 1719 affectus
931 1682 975 1718 et
994 1674 1257 1732 cupiditates
1286 1673 1332 1716 in
1362 1689 1415 1716 ea

53 1729 169 1773 fient
196 1731 577 1785 vehementiore83.
602 1735 668 1777 vis
707 1734 939 1776 memoriae
979 1738 1024 1775 et
1068 1732 1220 1775 iudicii
1268 1738 1413 1774 autem

55 1787 286 1852 minuetur,
316 1788 614 1833 debilitabitur
642 1797 772 1846 atque
790 1792 1029 1848 frangetur,
1056 1788 1414 1846 quandoquidem

57 1845 280 1887 verissime
339 1861 427 1888 non
475 1862 604 1890 senes
651 1855 842 1902 tantum,
904 1863 1052 1890 verum
1112 1848 1245 1889 etiam
1303 1846 1414 1889 ebrii

57 1906 276 1956 tamquam
313 1917 619 1958 repuerascere
654 1905 966 1947 existimantur.
1040 1904 1263 1958 Quocirca
1292 1903 1414 1958 quis-

58 1958 175 2014 piam
214 1958 422 2002 continuo
460 1966 627 2003 statuat
663 1962 891 2005 ebrietatis
915 1961 1288 2018 opportunitatem
1318 1976 1412 2003 om-

56 2014 103 2057 ni
132 2014 261 2057 modo
291 2031 386 2059 esse
418 2017 650 2061 arcendam
668 2025 800 2075 atque
821 2018 1122 2062 amovendam.
1180 2018 1245 2060 At
1276 2018 1412 2060 enim-

56 2087 161 2114 vero
201 2073 373 2115 cautius
411 2074 562 2130 utique
595 2091 647 2118 ea
677 2076 731 2119 de
761 2092 807 2118 re
836 2076 1019 2120 iudicari
1050 2081 1236 2132 oportet.
1294 2075 1411 2118 Nam

53 2129 184 2172 sicuti
222 2129 537 2174 medicamenta
582 2141 832 2188 sumuntur,
894 2134 1092 2190 quamvis
1143 2132 1412 2188 aliquamdiu

57 2201 243 2244 corpora
279 2187 524 2245 affligentia
563 2196 607 2232 et
635 2191 938 2246 conficientia,
971 2207 1058 2247 quo
1088 2191 1255 2249 aegroti
1287 2190 1411 2232 deni-

58 2259 141 2309 que
191 2245 499 2309 convalescant
548 2248 834 2304 fruanturque
883 2264 1094 2306 prospera
1142 2247 1408 2302 valetudine,

57 2307 118 2342 xta
138 2307 287 2365 ’etiarn
332 2305 700 2361 compotationes,
745 2307 914 2350 etiamsi
951 2307 1080 2350 facile
1149 2322 1247 2349 cum
1294 2305 1424 2348 malo·

59 2357 279 2401 ebrietatis
310 2362 629 2417 consocientur,
659 2370 803 2406 tamen
846 2365 1075 2422 plurimum
1093 2379 1225 2419 quum
1247 2362 1302 2405 ad
1321 2363 1410 2405 ior-

59 2413 238 2480 mandos
278 2422 368 2481 tum
412 2418 468 2461 ad
498 2423 830 2477 cognoscendos
868 2424 1027 2466 civium
1088 2422 1255 2464 animos
1308 2436 1410 2476 pro-

58 2469 182 2537 desse
201 2471 454 2539 iudicandae
489 2484 603 2520 sunt.
644 2478 777 2533 Quod
808 2480 983 2536 quidem
1015 2480 1216 2523 facillime
1246 2478 1410 2534 poterit

57 2542 111 2570 ex
139 2527 205 2572 his
234 2531 430 2589 intelligi.
503 2534 605 2577 Duo
639 2538 751 2579 enim
781 2537 994 2595 distingui
1023 2542 1210 2594 possunt
1240 2535 1408 2578 timoris

57 2600 236 2641 genera:
274 2588 457 2654 alterum
494 2591 614 2647 quod
656 2594 844 2651 pertinet
873 2595 929 2638 ad
959 2596 1086 2650 mala,
1119 2609 1231 2650 quae
1262 2594 1408 2635 futura

59 2657 156 2686 esse
187 2659 479 2702 suspicamur3
519 2648 723 2706 alterum,
769 2668 854 2709 quo
885 2668 1086 2697 veremur
1115 2651 1270 2694 malam
1302 2649 1407 2692 alio·
