1612 2872
470 85 552 128 DE
584 82 868 131 LEGIBUS
897 91 965 127 etc
1168 81 1389 125 CXLVII

43 204 213 258 tabunt,
245 202 350 258 quin
372 201 500 244 Plato
518 200 849 257 temperantiam
866 199 995 242 istam
1014 197 1252 255 vulgarem,
1285 212 1395 253 quae

43 277 69 304 a
107 261 274 316 reliqua
316 259 479 302 virtute
518 258 716 301 seiuncta
745 264 953 314 vagetur,
985 270 1126 311 neque
1155 253 1311 301 ducem
1342 269 1392 296 ac

43 317 378 361 moderatricem
407 316 568 359 habeat
596 315 877 372 sapientiam,
921 313 1097 355 minime
1126 312 1391 369 probaverit.

43 374 135 419 Sed
174 389 307 430 quum
346 373 392 416 id
430 374 501 416 vel
541 388 594 415 ex
632 373 715 415 hoc
757 372 856 414 loco
887 371 994 414 satis
1025 371 1139 413 clare
1172 378 1395 427 appareat,

43 439 137 475 tum
166 433 298 474 etiam
327 432 412 474 alia
442 437 560 483 sunt,
592 430 708 472 unde
740 429 846 484 quid
875 429 938 470 rei
969 428 1049 482 sit,
1082 428 1241 471 certius
1272 428 1394 470 oolli-

44 505 136 533 oas.
206 489 322 532 Nam
361 489 500 531 Libro
545 487 582 530 Ι.
615 504 657 544 p.
691 488 786 529 642.
817 486 870 527 Ε.
903 501 969 540 sq.
997 485 1074 527 ubi
1102 483 1317 527 transitur*
1340 485 1396 527 ad

42 525 331 604 disciplinam,
377 561 464 600 qua
501 545 619 587 cives
649 543 706 585 ad
744 543 1073 600 temperantiam
1111 549 1157 584 et
1196 542 1395 585 humani·

42 612 175 647 tate'm
205 601 508 645 conformandi
537 602 639 656 sint,
669 602 759 643 fere
789 600 898 642 haec
923 599 1213 656 disputantur.
1274 601 1396 655 „Bo—

42 677 160 715 num,
192 660 349 715 inquit,
381 659 690 712 Atheniensis,
723 673 821 708 eum
852 657 1024 699 demum
1053 663 1172 699 recte
1203 658 1396 713 appella-

42 719 199 772 bimus,
232 718 307 773 qui
337 717 515 760 sibimet
543 717 638 774 ipse
666 716 883 771 imperare
913 714 1132 757 didicerit.
1193 713 1283 758 Sed
1313 714 1397 758 hoc

41 778 186 832 ipsum
218 775 424 831 quidnam
456 774 514 817 sit
542 780 620 828 aut
649 773 778 828 quale
809 772 995 826 dicatur,
1026 771 1217 828 imagine
1248 771 1395 827 aliqua

43 834 287 876 declarasse
317 832 495 874 iuvabit.
565 831 714 874 Habet
753 830 868 874 enim
900 830 1085 885 quisque
1117 829 1246 871 homo
1276 830 1395 872 intus

41 891 87 934 in
117 906 163 934 se
194 889 384 933 inclusos
422 889 510 932 duo
541 888 815 932 consiliarios
844 898 1007 942 eosque
1037 886 1270 944 plurimum
1300 901 1395 929 sae-

42 964 98 1005 pe
135 950 248 990 inter
288 962 384 990 sese
424 945 750 1000 discordantes,
790 945 1062 1002 voluptatem
1102 959 1154 986 ac
1185 943 1395 987 dolorem.

42 1005 116 1049 Ad
147 1005 227 1048 hos
258 1020 362 1047 vero
394 1004 567 1047 accedit
601 1003 751 1045 ratio
783 1001 1084 1058 (aoymao'g),
1120 1017 1247 1057 quae,
1291 1002 1398 1057 quid

42 1063 197 1106 melius
250 1062 309 1105 sit
376 1061 536 1118 quidve
587 1060 806 1114 deterius,
890 1058 1127 1116 prudenter
1174 1058 1396 1102 deliberat.

44 1119 185 1164 Cuius
215 1119 392 1175 quidem
421 1119 656 1173 decretum,
688 1118 726 1161 si
757 1132 982 1160 commune
1014 1117 1204 1159 civitatis
1233 1118 1397 1159 factum

44 1184 136 1230 est,
177 1178 269 1220 lex
301 1177 559 1233 appellatur.
618 1176 774 1231 Itaque
804 1175 934 1217 homo
965 1174 1188 1231 aptissime
1218 1189 1398 1231 compa-

44 1236 210 1278 rabitur
248 1234 510 1277 artificiosae
550 1232 679 1276 alicui
723 1231 972 1286 machinae,
1017 1247 1130 1287 quae
1169 1233 1301 1274 variis
1345 1247 1398 1274 ac

44 1292 228 1335 diversis
258 1291 446 1334 trahitur
474 1290 706 1345 funiculis,
742 1303 966 1346 quaeque,
1008 1290 1044 1332 si
1085 1295 1271 1332 tractum
1309 1305 1396 1332 ra-

45 1350 227 1392 tionis
269 1349 487 1404 sequitur,
527 1348 704 1391 virtutis
735 1353 855 1390 tenet
891 1346 1087 1402 laudem,
1131 1347 1198 1389 sin
1228 1347 1398 1404 regitur

33 1422 71 1449 a
100 1405 365 1462 cupiditate,
407 1405 462 1448 ad
502 1406 764 1462 pravitatem
794 1404 1060 1448 delabitur.“
1120 1403 1246 1458 Quae
1277 1406 1396 1448 certe

44 1464 320 1506 manifestum
371 1470 438 1506 est
483 1463 540 1505 ad
585 1463 917 1518 temperantiam
965 1462 1240 1518 potissimum
1286 1462 1396 1505 refe-

44 1520 181 1564 renda
207 1536 317 1564 esse.
377 1520 491 1576 Quis
524 1526 593 1563 est
624 1528 798 1574 autem,
842 1520 960 1577 quin·
988 1525 1200 1576 protenus
1233 1519 1395 1576 videat,

46 1593 140 1621 eam
183 1594 271 1621 non
309 1578 394 1620 iam
435 1578 659 1636 vulgarem
706 1579 837 1620 istam
876 1577 1088 1632 intelligi,
1131 1576 1209 1620 sed
1246 1577 1396 1633 potius

46 1651 155 1690 sam,
187 1651 325 1691 quae,
367 1636 404 1679 si
433 1650 522 1678 non
552 1650 650 1678 cum
679 1636 872 1690 ratione,
905 1640 968 1677 at'
986 1641 1103 1677 certe
1134 1650 1232 1677 cum
1261 1635 1398 1678 ratio-

46 1693 263 1736 cinatione
304 1701 356 1736 ac
393 1693 703 1749 probabilitate
742 1694 800 1736 sit
841 1691 1104 1735 coniuncta?
1177 1691 1397 1735 Nimirum

45 1750 251 1793 humi-lem
276 1751 394 1792 illam
430 1751 777 1807 temperantiam,
812 1765 923 1806 quae
953 1750 1085 1807 vulgo
1115 1750 1278 1792 iactata
1310 1757 1394 1805 est,

47 1807 272 1862 aliquanto
311 1808 440 1850 altius
479 1808 635 1850 extulit
672 1807 962 1864 philosophus
1013 1807 1207 1863 fecitque
1258 1808 1396 1850 multo

47 1863 401 1918 laudabiliorem,
442 1870 595 1920 utpote
633 1865 815 1907 rationis
855 1880 938 1920 ope
966 1865 1112 1906 nixam
1142 1880 1194 1907 ac
1223 1870 1396 1908 susten-

48 1926 207 1965 tatam..
266 1921 368 1963 Huc
404 1920 575 1963 accedit
619 1921 832 1976 denique,
876 1921 994 1977 quod
1036 1923 1322 1978 temperantia
1351 1923 1397 1964 in

47 1978 246 2034 Legibus
285 1978 449 2020 nostris
486 1984 707 2034 tamquam
739 1986 806 2021 est
837 1979 1027 2020 omnium
1056 1979 1266 2022 virtutum
1295 1979 1398 2022 reli*

49 2050 231 2090 quarum
285 2035 551 2092 praesidium
612 2051 663 2078 ac
719 2035 1062 2078 fundamentum.
1143 2037 1257 2078 Nam
1305 2037 1398 2080 sive

48 2091 349 2135 fortitudinem
388 2098 655 2149 spectamus,
687 2093 880 2135 cernitur
925 2092 1078 2135 melior
1118 2093 1258 2150 ipsius
1296 2109 1398 2151 pars

49 2149 95 2191 in
134 2148 404 2192 debellandis
434 2165 486 2193 ac
521 2150 777 2207 superandis
809 2150 1146 2206 cupiditatibus,
1176 2151 1298 2208 quod
1327 2151 1397 2208 ip-

53 2222 148 2248 sum
166 2206 484 2262 quodammodo
517 2208 647 2250 etiam
670 2223 826 2250 munus
847 2208 1159 2264 temperantiae
1180 2214 1258 2252 est.
1291 2208 1396 2253 Sive

52 2263 309 2318 respicimus
338 2265 618 2321 sapientiam,
649 2266 886 2308 consistere
917 2280 969 2308 ea
997 2281 1085 2308 non
1115 2272 1279 2322 potest,
1310 2267 1398 2309 nisi

51 2321 251 2363 coercitis
299 2321 612 2379 cupiditatibus
660 2338 711 2365 ac
757 2322 1027 2366 lubidinibus
1073 2329 1192 2366 recto
1238 2325 1397 2367 mentis

52 2377 214 2422 iudicio
234 2384 278 2420 et
295 2379 409 2421 veris
429 2380 709 2436 opinionibus
734 2381 1069 2436 obtemperatur,
1110 2381 1230 2437 quod
1253 2383 1397 2438 ipsum

55 2449 228 2491 quoque
257 2441 324 2477 est
360 2436 596 2492 eiusmodi,
639 2444 688 2479 ut
726 2438 1040 2494 temperantiae
1070 2453 1155 2494 ope
1185 2438 1394 2497 indigeat.

55 2490 159 2535 Sive
203 2491 388 2548 denique
424 2494 563 2550 ipsam
591 2496 801 2538 iustitiam
832 2495 1194 2553 contemplamur,
1226 2497 1396 2552 qualem

54 2554 182 2591 antea
211 2548 584 2608 adumbravimus,
632 2568 687 2595 ne
727 2552 834 2595 haec
871 2553 1044 2609 quidem
1085 2559 1203 2597 recte
1241 2555 1326 2598 coli
1356 2561 1401 2596 et

54 2606 246 2649 exerceri
283 2607 374 2650 ullo
418 2609 547 2652 modo
576 2615 745 2667 potest,
769 2610 856 2653 nisi
887 2626 912 2652 a
941 2611 1110 2653 civibus
1141 2613 1305 2669 pariter
1334 2617 1399 2653 at-

57 2677 142 2717 que
185 2678 211 2705 a
250 2664 576 2721 magistratibus
620 2667 756 2709 malae
797 2667 1059 2724 cupiditates
1091 2675 1221 2723 atque
1253 2668 1401 2712 studia

1033 2748 1125 2788 K*
