1612 2872
261 100 452 151 cmm
683 88 1159 151 pssotnoommi

260 221 382 263 rabili
410 221 496 263 oris
524 221 722 262 libertate
753 218 940 260 nefarios
970 233 1134 262 errores
1163 235 1308 263 eorum
1331 224 1582 279 castigavit,

259 277 332 331 qui
361 277 532 318 omnino
564 276 619 316 de
649 275 731 316 diis
760 274 969 315 sentirent
986 275 1179 331 indigne,
1211 275 1312 319 dum
1341 278 1410 321 vel
1439 293 1584 321 curam

258 347 396 374 rerum
421 332 700 372 humanarum
729 330 782 372 iis
811 330 1038 384 eriperent,
1069 331 1136 373 vel
1170 332 1376 377 humanos
1404 334 1585 378 affectus

259 393 302 429 et
331 387 588 442 cupiditates
617 387 670 428 iis
698 386 947 427 tribuerent.

369 444 513 495 Quum
542 443 674 497 igitur
702 442 808 483 haec
837 442 892 484 sit
920 442 1030 484 ratio
1071 441 1376 497 disputationis
1416 444 1469 487 de
1499 446 1582 488 diis

257 499 508 550 institutae,
563 498 688 540 facile
744 499 916 553 opinor,
984 499 1228 555 apparebit,
1286 500 1585 557 philosophum

256 556 382 596 etiam
420 555 463 596 in
494 554 560 596 his
598 555 724 609 plane
761 554 885 595 idem.
913 568 1008 596 esse
1039 558 1294 609 sequutum,
1334 557 1459 612 quod*
1489 572 1584 600 eum

255 619 382 652 antea
403 611 588 652 vidimus
618 611 663 651 in
683 610 879 652 doctrina
897 611 1103 652 virtutum
1124 612 1179 653 ob
1201 613 1348 654 oculos
1371 613 1582 663 habuisse.

197 663 199 665 ’
257 667 582 722 Sapientissime
614 667 724 708 enim
755 667 954 722 vulgares
984 666 1037 708 de
1068 666 1149 708 diis
1188 668 1582 723 opiniones'emen-

257 723 376 765 davit
415 730 459 764 et
495 723 702 773 correxit3
745 723 898 778 impias
935 723 1261 778 superstitiones
1292 725 1580 781 impugnavit3

256 779 441 834 denique
477 794 588 820 vana
620 779 879 820 novitiorum
907 779 1163 834 sapientium
1192 787 1454 834 commenta,
1475 782 1582 836 'qui-

254 836 335 878 bus
375 835 515 877 omnis
553 836 724 876 omnino
765 834 944 885 deorum
975 835 1130 886 ,cultus
1162 842 1205 876 et
1234 839 1450 879 veneratio
1481 839 1583 880 abo·

254 891 331 933 leri
360 891 605 943 videretur,
644 891 886 946 redarguit,
927 906 1089 932 memor
1116 897 1257 933 autem
1287 893 1472 935 instituti
1500 894 1582 947 sui,

255 962 342 1001 quo
379 962 507 988 verae
547 947 674 988 alicui
703 948 867 988 civitati
891 947 1020 1000 'eique
1051 963 1130 1002 pro
1158 959 1299 989 rerum
1329 949 1583 992 condicione

255 1004 442 1059 optimae
491 1004 676 1057 optimas
712 1002 832 1058 leges
870 1000 1160 1058 optimamque
1199 1004 1466 1060 disciplinam
1502 1007 1583 1048 im-

253 1060 413 1115 pertire
442 1059 760 1111 constituisset,
799 1059 1046 1114 popularem
1089 1059 1337 1114 religionem
1368 1076 1420 1102 ex
1443 1061 1582 1116 philo-

255 1115 434 1170 sophiae
473 1115 686 1170 sapientia
724 1115 786 1156 ita
824 1115 1012 1156 correxit
1050 1121 1093 1156 et
1134 1116 1400 1169 emendavit,
1440 1125 1489 1158 ut
1528 1132 1582 1159 ne

253 1172 414 1228 populo
457 1173 572 1212 avita
610 1171 761 1227 religio
791 1171 938 1213 omnis
962 1177 1168 1226 protenus
1197 1172 1462 1227 eriperetur,
1491 1173 1583 1214 ,sed

253 1229 490 1284 sapientiae
520 1227 694 1269 decreta
731 1233 774 1268 et
815 1228 989 1268 inventa
1027 1227 1253 1269 observata
1281 1228 1583 1281 ⁴mediocritate

254 1283 438 1338 quadam
476 1283 532 1325 ad
558 1283 1055 1325 'communem'civitatis
1086 1298 1210 1325 usum
1239 1283 1580 1326 traducerentur.

254 1340 355 1394 Qua
392 1341 557 1382 ratione
597 1340 811 1394 opinionis
852 1338 1091 1393 levitatem,
1123 1339 1261 1394 qualis
1291 1340 1422 1396 vulgo
1452 1341 1583 1382 habe-

252 1403 346 1451 tur„
387 1411 484 1438 cum
513 1396 719 1438 scientiae
749 1410 827 1450 per
859 1396 1038 1437 etuitate
1068 1401 1113 1436 et
1142 1397 1385 1438 constantia
1414 1397 1582 1450 sapien·-

253 1460 319 1495 ter
346 1453 625 1505 consociavit,
658 1452 719 1493 ita
749 1458 799 1493 ut
823 1493 827 1498 ,
858 1451 954 1494 nius
972 1452 1174 1507 fructum¹
1196 1451 1256 1501 ad,
1280 1452 1394 1495 illius
1421 1452 1582 1494 utilita-

253 1516 339 1551 tem
370 1515 494 1550 caute
522 1509 841 1564 prudenterque
868 1507 1161 1549 transfuderit.
1254 1515 1257 1518 ’
1436 1519 1441 1526 ’

367 1565 456 1608 Sed
498 1564 605 1606 haec
644 1580 776 1619 quum
806 1565 889 1605 iam
917 1563 1146 1605 videantur
1174 1564 1280 1606 satis
1309 1576 1403 1606 esse
1433 1564 1581 1620 explo-

252 1627 359 1675 rata,
389 1628 531 1662 tamen
562 1621 789 1675 quominus
819 1621 872 1662 ab
902 1619 984 1661 hoc
1013 1620 1109 1661 loco
1129 1621 1278 1664 statim
1295 1620 1580 1675 discedamus,

252 1677 435 1732 impedit
470 1677 685 1718 dubitatio
724 1676 931 1731 quaedam
971 1691 1104 1729 quum
1134 1676 1237 1717 olim
1264 1677 1435 1731 saepius
1463 1678 1579 1718 exci-

251 1740 359 1787 tata,
389 1742 482 1775 tum
509 1748 646 1789 nuper
663 1733 817 1773 iterum
846 1733 1084 1785 iterumque
1114 1729 1384 1774 resuscitata.
1444 1733 1600 1786 Visus-

253 1791 366 1832 enim
405 1789 541 1830 Plato*
568 1795 636 1831 est
673 1788 889 1844 duplicem
918 1787 988 1829 hic
1017 1788 1219 1836 statuisse
1248 1788 1430 1829 animam
1459 1804 1581 1830 mun-

252 1846 432 1899 danam,
472 1846 628 1888 bonam
666 1845 867 1897 alteram,
918 1844 1103 1885 alteram
1134 1844 1300 1885 malam.
1369 1843 1423 1885 Id
1464 1844 1582 1898 quod

251 1909 340 1945 tam
376 1908 543 1944 veteres
587 1916 714 1956 quam
750 1900 1010 1942 recentiores
1051 1899 1282 1954 scriptores
1319 1900 1492 1956 plurimi
1518 1901 1582 1943 ita

251 1973 348 2002 esse
377 1959 460 2000 sibi
488 1964 809 2013 persuaserunt.
868 1957 982 1998 Nam
1013 1955 1065 1997 de
1095 1957 1311 1999 veteribus
1331 1956 1580 1999 auctoribus

251 2016 289 2057 si
325 2015 591 2070 quaerimus,
632 2019 859 2056 senserunt
902 2013 963 2055 ita
991 2011 1322 2054 Plutarchus
1361 2013 1430 2054 De
1460 2011 1579 2053 Iside

251 2078 294 2113 et
333 2070 496 2114 Osirid.
534 2071 607 2112 .T.
652 2070 712 2112 ΙΙ.
753 2085 796 2125 p.
826 2070 921 2111 369.
979 2068 1048 2110 De
1080 2068 1353 2124 Psychogon.
1383 2085 1423 2124 p.
1458 2069 1577 2110 1015.

251 2127 349 2173 adv.
387 2126 531 2171 Colot.
570 2123 622 2168 cs
646 2129 686 2168 9.
728 2141 856 2181 porro
892 2130 1002 2166 teste
1042 2124 1239 2165 Proclo
1278 2124 1428 2166 Theol.
1467 2123 1576 2166 Plat.

249 2183 307 2225 V.
347 2198 384 2225 c.
412 2185 548 2237 '7.1p.
591 2184 685 2224 ⁶259.
716 2182 760 2223 in
790 2182 908 2237 Tim..
930 2197 972 2236 p.
1000 2182 1098 2221 ¹114.
1129 2195 1222 2238 sqq.
1255 2186 1382 2234 atque
1412 2179 1577 2221 Chal·-

250 2238 403 2281 cidio
431 2240 477 2281 in
507 2239 618 2280 Tim.
650 2254 685 2281 c.
718 2238 778 2280 II.
809 2238 846 2292 ξ.
879 2239 945 2279 30.
974 2252 1015 2292 p.
1047 2237 1141 2279 287.
1172 2250 1208 2276 c.
1245 2236 1379 2278 XIII.
1409 2253 1450 2292 p.
1480 2237 1575 2279 387.

249 2295 461 2338 Platonici
501 2295 672 2350 quidam
712 2294 997 2346 recentiores,
1038 2292 1264 2334 Atticus
1305 2300 1345 2334 et
1374 2292 1575 2334 Nume-

249 2352 397 2405 nius,
427 2351 614 2406 denique
644 2351 714 2392 alii
744 2350 931 2405 plurimi,
961 2350 1005 2390 in
1035 2363 1214 2402 quorum
1246 2364 1420 2394 numero
1449 2348 1577 2390 etiam

250 2407 643 2464 praestantissimus
708 2407 894 2461 scriptor
960 2404 1258 2455 Christianus,
1322 2403 1574 2446 Clemens

250 2462 688 2516 Alexandrinus,
734 2461 957 2504 habendus
995 2466 1084 2513 est,
1125 2462 1199 2514 qui
1231 2460 1388 2502 Strom.
1447 2461 1502 2501 V.
1531 2475 1573 2516 p.

249 2521 344 2563 701.
375 2520 526 2562 malam
557 2519 754 2572 animam,
787 2533 913 2573 quam
942 2517 1068 2559 Plato
1086 2517 1307 2569 statuerit,
1338 2532 1423 2559 non
1450 2516 1575 2558 aliam

249 2589 346 2619 esse
385 2576 554 2631 putavit
580 2589 676 2617 esse
706 2582 834 2630 quam
872 2573 1102 2616 diabolum.
1174 2571 1263 2615 Sed
1299 2573 1489 2629 longum.
1510 2577 1575 2613 est

250 2645 396 2677 omnes
424 2632 592 2674 illorum
621 2631 742 2673 locos
766 2644 1007 2682 recensere,
1025 2627 1148 2670 unde
1178 2629 1418 2684 perspicere
1446 2628 1575 2669 liceat
