<?xml version="1.0" encoding="UTF-8"?>
<!DOCTYPE html PUBLIC "-//W3C//DTD XHTML 1.0 Transitional//EN"
    "http://www.w3.org/TR/xhtml1/DTD/xhtml1-transitional.dtd">
<html xmlns="http://www.w3.org/1999/xhtml" xml:lang="en" lang="en">
 <head>
  <title>
</title>
<meta http-equiv="Content-Type" content="text/html;charset=utf-8" />
  <meta name='ocr-system' content='tesseract 3.04.00' />
  <meta name='ocr-capabilities' content='ocr_page ocr_carea ocr_par ocr_line ocrx_word'/>
</head>
<body>
  <div class='ocr_page' id='page_1' title='image "./s1operaomniarece10platuoft_0141.png"; bbox 0 0 1612 2872; ppageno 0'>
   <div class='ocr_carea' id='block_1_1' title="bbox 411 89 1388 136">
    <p class='ocr_par' dir='ltr' id='par_1_1' title="bbox 411 89 1388 136">
     <span class='ocr_line' id='line_1_1' title="bbox 411 89 1388 136; baseline -0.004 -1"><span class='ocrx_word' id='word_1_1' title='bbox 411 93 496 135; x_wconf 84' lang='lat' dir='ltr'><strong>DE</strong></span> <span class='ocrx_word' id='word_1_2' title='bbox 527 91 806 136; x_wconf 83' lang='lat' dir='ltr'>LEGIBUS</span> <span class='ocrx_word' id='word_1_3' title='bbox 838 99 922 134; x_wconf 81' lang='lat' dir='ltr'><strong>etc.</strong></span> <span class='ocrx_word' id='word_1_4' title='bbox 1109 89 1388 133; x_wconf 86' lang='lat' dir='ltr'>CXXXVII</span> 
     </span>
    </p>
   </div>
   <div class='ocr_carea' id='block_1_2' title="bbox 28 202 1403 2706">
    <p class='ocr_par' dir='ltr' id='par_1_2' title="bbox 28 202 1399 2238">
     <span class='ocr_line' id='line_1_2' title="bbox 28 202 1387 272; baseline -0.005 -22"><span class='ocrx_word' id='word_1_5' title='bbox 28 207 226 272; x_wconf 75' lang='lat' dir='ltr'><strong>piditatis</strong></span> <span class='ocrx_word' id='word_1_6' title='bbox 265 221 317 248; x_wconf 83' lang='lat' dir='ltr'><strong>ac</strong></span> <span class='ocrx_word' id='word_1_7' title='bbox 362 206 597 260; x_wconf 84' lang='lat' dir='ltr'><strong>lubidinis,</strong></span> <span class='ocrx_word' id='word_1_8' title='bbox 640 206 887 270; x_wconf 74' lang='lat' dir='ltr'><strong>obsequens</strong></span> <span class='ocrx_word' id='word_1_9' title='bbox 923 204 1056 247; x_wconf 79' lang='lat' dir='ltr'><strong>rectis</strong></span> <span class='ocrx_word' id='word_1_10' title='bbox 1088 202 1387 258; x_wconf 79' lang='lat' dir='ltr'><strong>opinionibus,</strong></span> 
     </span>
     <span class='ocr_line' id='line_1_3' title="bbox 28 261 1388 328; baseline -0.005 -21"><span class='ocrx_word' id='word_1_11' title='bbox 28 266 144 307; x_wconf 86' lang='lat' dir='ltr'><strong>veris</strong></span> <span class='ocrx_word' id='word_1_12' title='bbox 182 261 355 306; x_wconf 86' lang='lat' dir='ltr'><strong>iudiciis</strong></span> <span class='ocrx_word' id='word_1_13' title='bbox 391 270 526 328; x_wconf 83' lang='lat' dir='ltr'><strong>atque</strong></span> <span class='ocrx_word' id='word_1_14' title='bbox 566 262 700 304; x_wconf 89' lang='lat' dir='ltr'><strong>menti</strong></span> <span class='ocrx_word' id='word_1_15' title='bbox 731 269 776 304; x_wconf 86' lang='lat' dir='ltr'><strong>et</strong></span> <span class='ocrx_word' id='word_1_16' title='bbox 804 261 988 316; x_wconf 85' lang='lat' dir='ltr'><strong>rationi,</strong></span> <span class='ocrx_word' id='word_1_17' title='bbox 1031 265 1284 303; x_wconf 81' lang='lat' dir='ltr'><strong>constanter</strong></span> <span class='ocrx_word' id='word_1_18' title='bbox 1313 274 1388 301; x_wconf 90' lang='lat' dir='ltr'><strong>co-</strong></span> 
     </span>
     <span class='ocr_line' id='line_1_4' title="bbox 29 313 1388 384; baseline -0.004 -21"><span class='ocrx_word' id='word_1_19' title='bbox 29 322 90 363; x_wconf 83' lang='lat' dir='ltr'><strong>lat</strong></span> <span class='ocrx_word' id='word_1_20' title='bbox 117 326 162 363; x_wconf 84' lang='lat' dir='ltr'><strong>et</strong></span> <span class='ocrx_word' id='word_1_21' title='bbox 191 313 417 374; x_wconf 79' lang='lat' dir='ltr'><strong>exerceat,</strong></span> <span class='ocrx_word' id='word_1_22' title='bbox 446 321 509 362; x_wconf 84' lang='lat' dir='ltr'><strong>ita</strong></span> <span class='ocrx_word' id='word_1_23' title='bbox 538 326 588 361; x_wconf 89' lang='lat' dir='ltr'><strong>ut</strong></span> <span class='ocrx_word' id='word_1_24' title='bbox 617 319 723 361; x_wconf 86' lang='lat' dir='ltr'><strong>recti</strong></span> <span class='ocrx_word' id='word_1_25' title='bbox 755 319 946 384; x_wconf 83' lang='lat' dir='ltr'><strong>bonique</strong></span> <span class='ocrx_word' id='word_1_26' title='bbox 976 317 1160 364; x_wconf 83' lang='lat' dir='ltr'><strong>scientia</strong></span> <span class='ocrx_word' id='word_1_27' title='bbox 1189 323 1234 359; x_wconf 90' lang='lat' dir='ltr'><strong>et</strong></span> <span class='ocrx_word' id='word_1_28' title='bbox 1264 316 1388 372; x_wconf 83' lang='lat' dir='ltr'><strong>agni-</strong></span> 
     </span>
     <span class='ocr_line' id='line_1_5' title="bbox 29 372 1387 441; baseline -0.004 -21"><span class='ocrx_word' id='word_1_29' title='bbox 29 378 91 420; x_wconf 90' lang='lat' dir='ltr'><strong>tio</strong></span> <span class='ocrx_word' id='word_1_30' title='bbox 123 377 251 419; x_wconf 85' lang='lat' dir='ltr'><strong>etiam</strong></span> <span class='ocrx_word' id='word_1_31' title='bbox 284 377 373 418; x_wconf 88' lang='lat' dir='ltr'><strong>vita</strong></span> <span class='ocrx_word' id='word_1_32' title='bbox 410 377 629 430; x_wconf 69' lang='lat' dir='ltr'><strong>factisque</strong></span> <span class='ocrx_word' id='word_1_33' title='bbox 653 376 931 441; x_wconf 78' lang='lat' dir='ltr'><strong>exprimatur.</strong></span> <span class='ocrx_word' id='word_1_34' title='bbox 991 375 1100 417; x_wconf 85' lang='lat' dir='ltr'><strong>Vult</strong></span> <span class='ocrx_word' id='word_1_35' title='bbox 1131 374 1264 439; x_wconf 83' lang='lat' dir='ltr'><strong>igitur</strong></span> <span class='ocrx_word' id='word_1_36' title='bbox 1290 372 1387 428; x_wconf 89' lang='lat' dir='ltr'><strong>phi-</strong></span> 
     </span>
     <span class='ocr_line' id='line_1_6' title="bbox 29 431 1389 494; baseline -0.003 -19"><span class='ocrx_word' id='word_1_37' title='bbox 29 434 240 490; x_wconf 88' lang='lat' dir='ltr'><strong>losophus</strong></span> <span class='ocrx_word' id='word_1_38' title='bbox 280 434 392 476; x_wconf 83' lang='lat' dir='ltr'><strong>hanc</strong></span> <span class='ocrx_word' id='word_1_39' title='bbox 431 434 634 476; x_wconf 84' lang='lat' dir='ltr'><strong>virtutem</strong></span> <span class='ocrx_word' id='word_1_40' title='bbox 673 433 826 487; x_wconf 82' lang='lat' dir='ltr'><strong>utique</strong></span> <span class='ocrx_word' id='word_1_41' title='bbox 862 432 993 474; x_wconf 83' lang='lat' dir='ltr'><strong>etiam</strong></span> <span class='ocrx_word' id='word_1_42' title='bbox 1033 431 1091 473; x_wconf 85' lang='lat' dir='ltr'><strong>ad</strong></span> <span class='ocrx_word' id='word_1_43' title='bbox 1138 431 1389 494; x_wconf 84' lang='lat' dir='ltr'><strong>opinionem</strong></span> 
     </span>
     <span class='ocr_line' id='line_1_7' title="bbox 30 486 1389 553; baseline -0.003 -20"><span class='ocrx_word' id='word_1_44' title='bbox 30 498 75 533; x_wconf 87' lang='lat' dir='ltr'><strong>et</strong></span> <span class='ocrx_word' id='word_1_45' title='bbox 113 491 293 533; x_wconf 86' lang='lat' dir='ltr'><strong>rationis</strong></span> <span class='ocrx_word' id='word_1_46' title='bbox 336 490 686 547; x_wconf 81' lang='lat' dir='ltr'><strong>probabilitatem</strong></span> <span class='ocrx_word' id='word_1_47' title='bbox 726 489 891 530; x_wconf 88' lang='lat' dir='ltr'><strong>referri.</strong></span> <span class='ocrx_word' id='word_1_48' title='bbox 965 489 1081 530; x_wconf 86' lang='lat' dir='ltr'><strong>Nam</strong></span> <span class='ocrx_word' id='word_1_49' title='bbox 1129 487 1215 530; x_wconf 92' lang='lat' dir='ltr'><strong>huc</strong></span> <span class='ocrx_word' id='word_1_50' title='bbox 1250 486 1389 553; x_wconf 84' lang='lat' dir='ltr'><strong>perti-</strong></span> 
     </span>
     <span class='ocr_line' id='line_1_8' title="bbox 31 542 1390 611; baseline -0.003 -21"><span class='ocrx_word' id='word_1_51' title='bbox 31 563 133 590; x_wconf 79' lang='lat' dir='ltr'><strong>nere</strong></span> <span class='ocrx_word' id='word_1_52' title='bbox 171 547 433 589; x_wconf 83' lang='lat' dir='ltr'><strong>arbitramur</strong></span> <span class='ocrx_word' id='word_1_53' title='bbox 472 545 591 602; x_wconf 89' lang='lat' dir='ltr'><strong>quod</strong></span> <span class='ocrx_word' id='word_1_54' title='bbox 643 561 742 588; x_wconf 90' lang='lat' dir='ltr'><strong>cum</strong></span> <span class='ocrx_word' id='word_1_55' title='bbox 795 545 1018 611; x_wconf 77' lang='grc' dir='ltr'><strong>φρονήσει</strong></span> <span class='ocrx_word' id='word_1_56' title='bbox 1071 545 1202 587; x_wconf 87' lang='lat' dir='ltr'><strong>etiam</strong></span> <span class='ocrx_word' id='word_1_57' title='bbox 1251 542 1390 596; x_wconf 79' lang='grc' dir='ltr'><em>ὸόξαν</em></span> 
     </span>
     <span class='ocr_line' id='line_1_9' title="bbox 31 600 1388 647; baseline -0.004 0"><span class='ocrx_word' id='word_1_58' title='bbox 31 605 315 647; x_wconf 82' lang='lat' dir='ltr'><strong>consociavit.</strong></span> <span class='ocrx_word' id='word_1_59' title='bbox 385 605 454 646; x_wconf 90' lang='lat' dir='ltr'><strong>Ac</strong></span> <span class='ocrx_word' id='word_1_60' title='bbox 493 603 663 645; x_wconf 85' lang='lat' dir='ltr'><strong>faciunt</strong></span> <span class='ocrx_word' id='word_1_61' title='bbox 700 602 786 644; x_wconf 92' lang='lat' dir='ltr'><strong>huc</strong></span> <span class='ocrx_word' id='word_1_62' title='bbox 825 602 954 644; x_wconf 86' lang='lat' dir='ltr'><strong>etiam</strong></span> <span class='ocrx_word' id='word_1_63' title='bbox 994 601 1068 644; x_wconf 85' lang='lat' dir='ltr'><strong>illa</strong></span> <span class='ocrx_word' id='word_1_64' title='bbox 1109 601 1164 643; x_wconf 90' lang='lat' dir='ltr'><strong>de</strong></span> <span class='ocrx_word' id='word_1_65' title='bbox 1195 600 1388 643; x_wconf 88' lang='lat' dir='ltr'><strong>civitatis</strong></span> 
     </span>
     <span class='ocr_line' id='line_1_10' title="bbox 30 659 1392 716; baseline -0.004 -12"><span class='ocrx_word' id='word_1_66' title='bbox 30 660 287 704; x_wconf 86' lang='lat' dir='ltr'><strong>custodibus</strong></span> <span class='ocrx_word' id='word_1_67' title='bbox 319 661 440 704; x_wconf 85' lang='lat' dir='ltr'><strong>Libr.</strong></span> <span class='ocrx_word' id='word_1_68' title='bbox 470 660 583 702; x_wconf 91' lang='lat' dir='ltr'>XII.</span> <span class='ocrx_word' id='word_1_69' title='bbox 615 675 659 716; x_wconf 90' lang='lat' dir='ltr'><strong>p.</strong></span> <span class='ocrx_word' id='word_1_70' title='bbox 689 660 788 701; x_wconf 77' lang='lat'>965.</span> <span class='ocrx_word' id='word_1_71' title='bbox 827 664 884 702; x_wconf 88' lang='lat' dir='ltr'><strong>A.</strong></span> <span class='ocrx_word' id='word_1_72' title='bbox 913 659 991 701; x_wconf 90' lang='lat' dir='ltr'><strong>ubi</strong></span> <span class='ocrx_word' id='word_1_73' title='bbox 1021 674 1097 701; x_wconf 88' lang='lat' dir='ltr'><strong>eos</strong></span> <span class='ocrx_word' id='word_1_74' title='bbox 1129 663 1259 700; x_wconf 88' lang='lat' dir='ltr'><strong>vocat</strong></span> <span class='ocrx_word' id='word_1_75' title='bbox 1289 660 1392 708; x_wconf 69' lang='grc' dir='ltr'><strong>τοὺς</strong></span> 
     </span>
     <span class='ocr_line' id='line_1_11' title="bbox 30 713 1390 786; baseline -0.003 -26"><span class='ocrx_word' id='word_1_76' title='bbox 30 718 458 784; x_wconf 67' lang='grc' dir='ltr'><strong>νςᾶάπεικασμένους</strong></span> <span class='ocrx_word' id='word_1_77' title='bbox 478 719 540 771; x_wconf 76' lang='grc' dir='ltr'><strong>τῷ</strong></span> <span class='ocrx_word' id='word_1_78' title='bbox 562 718 739 759; x_wconf 81' lang='grc' dir='ltr'><em>πολλα</em></span> <span class='ocrx_word' id='word_1_79' title='bbox 771 719 862 758; x_wconf 85' lang='grc' dir='ltr'><strong>καὶ</strong></span> <span class='ocrx_word' id='word_1_80' title='bbox 895 715 1029 769; x_wconf 75' lang='grc' dir='ltr'>ἄξια</span> <span class='ocrx_word' id='word_1_81' title='bbox 1061 713 1237 786; x_wconf 55' lang='grc' dir='ltr'><em>λογον</em></span> <span class='ocrx_word' id='word_1_82' title='bbox 1269 716 1390 757; x_wconf 85' lang='grc' dir='ltr'>διοι-</span> 
     </span>
     <span class='ocr_line' id='line_1_12' title="bbox 35 772 1391 843; baseline -0.001 -26"><span class='ocrx_word' id='word_1_83' title='bbox 35 773 344 841; x_wconf 78' lang='grc' dir='ltr'><em>φερόντως</em></span> <span class='ocrx_word' id='word_1_84' title='bbox 386 783 638 832; x_wconf 79' lang='grc' dir='ltr'><em>φρονεῖν.</em></span> <span class='ocrx_word' id='word_1_85' title='bbox 681 779 727 815; x_wconf 88' lang='lat' dir='ltr'><strong>et</strong></span> <span class='ocrx_word' id='word_1_86' title='bbox 769 789 812 830; x_wconf 89' lang='lat' dir='ltr'><strong>p.</strong></span> <span class='ocrx_word' id='word_1_87' title='bbox 833 774 941 843; x_wconf 39' lang='grc'><strong>’(966</strong></span> <span class='ocrx_word' id='word_1_88' title='bbox 974 772 1030 816; x_wconf 87' lang='grc' dir='ltr'>Β</span> <span class='ocrx_word' id='word_1_89' title='bbox 1074 775 1117 814; x_wconf 83' lang='grc' dir='ltr'><strong>τί</strong></span> <span class='ocrx_word' id='word_1_90' title='bbox 1147 774 1244 823; x_wconf 73' lang='grc' dir='ltr'><strong>δαίς</strong></span> <span class='ocrx_word' id='word_1_91' title='bbox 1287 775 1391 840; x_wconf 81' lang='grc' dir='ltr'><strong><em>περὶ</em></strong></span> 
     </span>
     <span class='ocr_line' id='line_1_13' title="bbox 33 826 1391 886; baseline -0.004 -12"><span class='ocrx_word' id='word_1_92' title='bbox 33 829 214 874; x_wconf 79' lang='grc' dir='ltr'><em>πάντων</em></span> <span class='ocrx_word' id='word_1_93' title='bbox 259 847 366 874; x_wconf 86' lang='grc' dir='ltr'><strong>των</strong></span> <span class='ocrx_word' id='word_1_94' title='bbox 405 833 728 874; x_wconf 82' lang='grc' dir='ltr'><em>σπουδαίων</em></span> <span class='ocrx_word' id='word_1_95' title='bbox 775 829 840 886; x_wconf 81' lang='grc' dir='ltr'><strong>αρ’</strong></span> <span class='ocrx_word' id='word_1_96' title='bbox 882 829 989 885; x_wconf 73' lang='grc' dir='ltr'><em>ἡμῖν</em></span> <span class='ocrx_word' id='word_1_97' title='bbox 1020 827 1044 872; x_wconf 91' lang='grc' dir='ltr'>ὁ</span> <span class='ocrx_word' id='word_1_98' title='bbox 1077 826 1214 878; x_wconf 81' lang='grc' dir='ltr'><em>αὐτὸς</em></span> <span class='ocrx_word' id='word_1_99' title='bbox 1244 826 1391 883; x_wconf 81' lang='grc' dir='ltr'><em>λόγος,</em></span> 
     </span>
     <span class='ocr_line' id='line_1_14' title="bbox 33 884 1392 951; baseline -0.003 -20"><span class='ocrx_word' id='word_1_100' title='bbox 33 888 104 932; x_wconf 83' lang='grc' dir='ltr'><strong>ὅτι</strong></span> <span class='ocrx_word' id='word_1_101' title='bbox 141 891 210 931; x_wconf 81' lang='grc' dir='ltr'><strong>δεῖ</strong></span> <span class='ocrx_word' id='word_1_102' title='bbox 246 904 350 938; x_wconf 79' lang='grc' dir='ltr'><em>τους</em></span> <span class='ocrx_word' id='word_1_103' title='bbox 386 886 528 938; x_wconf 81' lang='grc' dir='ltr'><em>ὄντως</em></span> <span class='ocrx_word' id='word_1_104' title='bbox 578 885 784 951; x_wconf 76' lang='grc' dir='ltr'><strong><em>φύλακας</em></strong></span> <span class='ocrx_word' id='word_1_105' title='bbox 821 891 1063 940; x_wconf 78' lang='grc' dir='ltr'><em>ἐσομένους</em></span> <span class='ocrx_word' id='word_1_106' title='bbox 1109 888 1198 929; x_wconf 84' lang='grc' dir='ltr'><strong>τῶν</strong></span> <span class='ocrx_word' id='word_1_107' title='bbox 1236 884 1392 939; x_wconf 86' lang='grc' dir='ltr'><em>νόμων</em></span> 
     </span>
     <span class='ocr_line' id='line_1_15' title="bbox 34 941 1389 997; baseline -0.004 -7"><span class='ocrx_word' id='word_1_108' title='bbox 34 944 175 995; x_wconf 82' lang='grc' dir='ltr'><em>ὄντως</em></span> <span class='ocrx_word' id='word_1_109' title='bbox 206 947 428 988; x_wconf 77' lang='grc' dir='ltr'><strong>εἰδέναι</strong></span> <span class='ocrx_word' id='word_1_110' title='bbox 459 943 524 987; x_wconf 77' lang='grc' dir='ltr'><strong>τὰ</strong></span> <span class='ocrx_word' id='word_1_111' title='bbox 557 947 686 987; x_wconf 60' lang='lat' dir='ltr'><strong>nsok</strong></span> <span class='ocrx_word' id='word_1_112' title='bbox 717 960 818 996; x_wconf 82' lang='grc' dir='ltr'><strong>την</strong></span> <span class='ocrx_word' id='word_1_113' title='bbox 857 941 1150 996; x_wconf 72' lang='grc' dir='ltr'><strong>ἀλήθειαν</strong></span> <span class='ocrx_word' id='word_1_114' title='bbox 1181 941 1389 997; x_wconf 78' lang='grc' dir='ltr'><em>αὐτῶν,</em></span> 
     </span>
     <span class='ocr_line' id='line_1_16' title="bbox 34 999 1394 1057; baseline -0.002 -13"><span class='ocrx_word' id='word_1_115' title='bbox 34 1005 107 1045; x_wconf 80' lang='grc' dir='ltr'><strong>καὶ</strong></span> <span class='ocrx_word' id='word_1_116' title='bbox 140 999 290 1057; x_wconf 71' lang='grc' dir='ltr'><em>λόγῳ</em></span> <span class='ocrx_word' id='word_1_117' title='bbox 321 1017 381 1044; x_wconf 80' lang='grc' dir='ltr'><strong>τε</strong></span> <span class='ocrx_word' id='word_1_118' title='bbox 412 999 596 1052; x_wconf 77' lang='grc' dir='ltr'><em>ἱκανους</em></span> <span class='ocrx_word' id='word_1_119' title='bbox 624 999 960 1057; x_wconf 74' lang='grc' dir='ltr'><em>ἑρμηνεύειν</em></span> <span class='ocrx_word' id='word_1_120' title='bbox 1000 999 1114 1044; x_wconf 80' lang='grc' dir='ltr'>εἶναι</span> <span class='ocrx_word' id='word_1_121' title='bbox 1155 1003 1228 1043; x_wconf 84' lang='grc' dir='ltr'><strong>καὶ</strong></span> <span class='ocrx_word' id='word_1_122' title='bbox 1268 1008 1394 1049; x_wconf 84' lang='grc' dir='ltr'><em>τοῖς</em></span> 
     </span>
     <span class='ocr_line' id='line_1_17' title="bbox 33 1055 1393 1127; baseline -0.003 -25"><span class='ocrx_word' id='word_1_123' title='bbox 33 1064 228 1127; x_wconf 81' lang='grc' dir='ltr'>ε’ργοις</span> <span class='ocrx_word' id='word_1_124' title='bbox 269 1059 772 1112; x_wconf 61' lang='grc' dir='ltr'><em>ξυνακοῖουῦεῖν,</em></span> <span class='ocrx_word' id='word_1_125' title='bbox 811 1061 1048 1114; x_wconf 76' lang='grc' dir='ltr'><em>κοινοντας</em></span> <span class='ocrx_word' id='word_1_126' title='bbox 1085 1055 1142 1099; x_wconf 77' lang='grc' dir='ltr'><strong>τά</strong></span> <span class='ocrx_word' id='word_1_127' title='bbox 1171 1073 1216 1099; x_wconf 84' lang='grc' dir='ltr'><strong>τε</strong></span> <span class='ocrx_word' id='word_1_128' title='bbox 1247 1057 1393 1107; x_wconf 80' lang='grc' dir='ltr'><strong><em>καλῶς</em></strong></span> 
     </span>
     <span class='ocr_line' id='line_1_18' title="bbox 33 1113 1394 1181; baseline -0.002 -23"><span class='ocrx_word' id='word_1_129' title='bbox 33 1113 275 1181; x_wconf 74' lang='grc' dir='ltr'><em>γιγνόμενα</em></span> <span class='ocrx_word' id='word_1_130' title='bbox 305 1118 379 1158; x_wconf 82' lang='grc' dir='ltr'><strong>καὶ</strong></span> <span class='ocrx_word' id='word_1_131' title='bbox 410 1114 465 1158; x_wconf 76' lang='grc' dir='ltr'><strong>τὰ</strong></span> <span class='ocrx_word' id='word_1_132' title='bbox 494 1114 555 1167; x_wconf 74' lang='grc' dir='ltr'><strong>μὴ</strong></span> <span class='ocrx_word' id='word_1_133' title='bbox 591 1115 704 1157; x_wconf 77' lang='grc' dir='ltr'><em>κατὰ</em></span> <span class='ocrx_word' id='word_1_134' title='bbox 734 1113 894 1180; x_wconf 39' lang='lat' dir='ltr'><strong>‹primi-13</strong></span> <span class='ocrx_word' id='word_1_135' title='bbox 926 1114 1102 1157; x_wconf 85' lang='lat' dir='ltr'><strong>Deinde</strong></span> <span class='ocrx_word' id='word_1_136' title='bbox 1137 1114 1263 1156; x_wconf 87' lang='lat' dir='ltr'><strong>Plato</strong></span> <span class='ocrx_word' id='word_1_137' title='bbox 1298 1129 1394 1156; x_wconf 86' lang='lat' dir='ltr'><strong>eam</strong></span> 
     </span>
     <span class='ocr_line' id='line_1_19' title="bbox 32 1170 1394 1238; baseline -0.001 -24"><span class='ocrx_word' id='word_1_138' title='bbox 32 1172 196 1238; x_wconf 86' lang='lat' dir='ltr'><strong>pariter</strong></span> <span class='ocrx_word' id='word_1_139' title='bbox 225 1178 359 1237; x_wconf 76' lang='lat' dir='ltr'><strong>atque</strong></span> <span class='ocrx_word' id='word_1_140' title='bbox 387 1172 432 1214; x_wconf 88' lang='lat' dir='ltr'><strong>in</strong></span> <span class='ocrx_word' id='word_1_141' title='bbox 462 1172 706 1229; x_wconf 81' lang='lat' dir='ltr'><strong>Republica</strong></span> <span class='ocrx_word' id='word_1_142' title='bbox 730 1172 889 1215; x_wconf 88' lang='lat' dir='ltr'><strong>mentis</strong></span> <span class='ocrx_word' id='word_1_143' title='bbox 913 1172 1183 1236; x_wconf 83' lang='lat' dir='ltr'><strong>rationisque</strong></span> <span class='ocrx_word' id='word_1_144' title='bbox 1211 1170 1394 1227; x_wconf 89' lang='lat' dir='ltr'><strong>imperio</strong></span> 
     </span>
     <span class='ocr_line' id='line_1_20' title="bbox 34 1229 1392 1284; baseline -0.002 -12"><span class='ocrx_word' id='word_1_145' title='bbox 34 1229 253 1273; x_wconf 86' lang='lat' dir='ltr'><strong>contineri</strong></span> <span class='ocrx_word' id='word_1_146' title='bbox 277 1229 386 1283; x_wconf 86' lang='lat' dir='ltr'><strong>vult,</strong></span> <span class='ocrx_word' id='word_1_147' title='bbox 409 1244 670 1284; x_wconf 86' lang='lat' dir='ltr'><strong>quamquam</strong></span> <span class='ocrx_word' id='word_1_148' title='bbox 694 1235 910 1284; x_wconf 85' lang='lat' dir='ltr'><strong>quatenus</strong></span> <span class='ocrx_word' id='word_1_149' title='bbox 929 1245 1028 1272; x_wconf 87' lang='lat' dir='ltr'><strong>cum</strong></span> <span class='ocrx_word' id='word_1_150' title='bbox 1060 1246 1119 1280; x_wconf 83' lang='grc' dir='ltr'><strong>τῳ</strong></span> <span class='ocrx_word' id='word_1_151' title='bbox 1146 1230 1392 1283; x_wconf 79' lang='grc' dir='ltr'>λογιστικῳ</span> 
     </span>
     <span class='ocr_line' id='line_1_21' title="bbox 34 1284 1391 1340; baseline -0.001 -11"><span class='ocrx_word' id='word_1_152' title='bbox 34 1287 92 1330; x_wconf 89' lang='lat' dir='ltr'><strong>sit</strong></span> <span class='ocrx_word' id='word_1_153' title='bbox 121 1287 375 1340; x_wconf 84' lang='lat' dir='ltr'><strong>coniuncta,</strong></span> <span class='ocrx_word' id='word_1_154' title='bbox 407 1302 496 1328; x_wconf 88' lang='lat' dir='ltr'><strong>non</strong></span> <span class='ocrx_word' id='word_1_155' title='bbox 527 1285 753 1339; x_wconf 84' lang='lat' dir='ltr'><strong>indicavit,</strong></span> <span class='ocrx_word' id='word_1_156' title='bbox 784 1292 905 1328; x_wconf 90' lang='lat' dir='ltr'><strong>ratus</strong></span> <span class='ocrx_word' id='word_1_157' title='bbox 937 1286 1143 1328; x_wconf 90' lang='lat' dir='ltr'><strong>nimirum</strong></span> <span class='ocrx_word' id='word_1_158' title='bbox 1177 1284 1223 1326; x_wconf 88' lang='lat' dir='ltr'><strong>id</strong></span> <span class='ocrx_word' id='word_1_159' title='bbox 1255 1300 1280 1326; x_wconf 89' lang='lat' dir='ltr'><strong>a</strong></span> <span class='ocrx_word' id='word_1_160' title='bbox 1311 1299 1391 1340; x_wconf 93' lang='lat' dir='ltr'><strong>po-</strong></span> 
     </span>
     <span class='ocr_line' id='line_1_22' title="bbox 33 1342 1393 1408; baseline -0.001 -23"><span class='ocrx_word' id='word_1_161' title='bbox 33 1343 176 1408; x_wconf 88' lang='lat' dir='ltr'><strong>pulari</strong></span> <span class='ocrx_word' id='word_1_162' title='bbox 213 1344 276 1385; x_wconf 92' lang='lat' dir='ltr'><strong>rei</strong></span> <span class='ocrx_word' id='word_1_163' title='bbox 314 1343 586 1399; x_wconf 84' lang='lat' dir='ltr'><strong>expositione</strong></span> <span class='ocrx_word' id='word_1_164' title='bbox 627 1343 816 1385; x_wconf 87' lang='lat' dir='ltr'><strong>alienum</strong></span> <span class='ocrx_word' id='word_1_165' title='bbox 858 1358 968 1387; x_wconf 89' lang='lat' dir='ltr'><strong>esse.</strong></span> <span class='ocrx_word' id='word_1_166' title='bbox 1040 1342 1244 1397; x_wconf 88' lang='lat' dir='ltr'><strong>Denique</strong></span> <span class='ocrx_word' id='word_1_167' title='bbox 1274 1342 1393 1383; x_wconf 87' lang='lat' dir='ltr'><strong>illam</strong></span> 
     </span>
     <span class='ocr_line' id='line_1_23' title="bbox 35 1398 1392 1465; baseline -0.003 -21"><span class='ocrx_word' id='word_1_168' title='bbox 35 1400 205 1454; x_wconf 82' lang='lat' dir='ltr'><strong>statuit,</strong></span> <span class='ocrx_word' id='word_1_169' title='bbox 227 1400 357 1443; x_wconf 81' lang='lat' dir='ltr'><strong>sicuti</strong></span> <span class='ocrx_word' id='word_1_170' title='bbox 377 1401 623 1464; x_wconf 84' lang='lat' dir='ltr'><strong>reperiatur</strong></span> <span class='ocrx_word' id='word_1_171' title='bbox 646 1401 690 1441; x_wconf 88' lang='lat' dir='ltr'><strong>in</strong></span> <span class='ocrx_word' id='word_1_172' title='bbox 710 1400 894 1465; x_wconf 84' lang='lat' dir='ltr'><strong>singulis</strong></span> <span class='ocrx_word' id='word_1_173' title='bbox 914 1400 1179 1453; x_wconf 81' lang='lat' dir='ltr'><strong>hominibus,</strong></span> <span class='ocrx_word' id='word_1_174' title='bbox 1214 1398 1392 1455; x_wconf 81' lang='lat' dir='ltr'><strong>quando</strong></span> 
     </span>
     <span class='ocr_line' id='line_1_24' title="bbox 37 1456 1394 1522; baseline -0.003 -21"><span class='ocrx_word' id='word_1_175' title='bbox 37 1472 156 1501; x_wconf 85' lang='lat' dir='ltr'><strong>mens</strong></span> <span class='ocrx_word' id='word_1_176' title='bbox 194 1463 327 1522; x_wconf 78' lang='lat' dir='ltr'><strong>atque</strong></span> <span class='ocrx_word' id='word_1_177' title='bbox 364 1458 476 1498; x_wconf 88' lang='lat' dir='ltr'><strong>ratio</strong></span> <span class='ocrx_word' id='word_1_178' title='bbox 516 1457 806 1512; x_wconf 89' lang='lat' dir='ltr'><strong>cupiditatum</strong></span> <span class='ocrx_word' id='word_1_179' title='bbox 849 1473 938 1499; x_wconf 79' lang='lat' dir='ltr'><strong>vim</strong></span> <span class='ocrx_word' id='word_1_180' title='bbox 978 1459 1210 1510; x_wconf 76' lang='lat' dir='ltr'><strong>coerceat,</strong></span> <span class='ocrx_word' id='word_1_181' title='bbox 1248 1457 1310 1497; x_wconf 86' lang='lat' dir='ltr'><strong>ita</strong></span> <span class='ocrx_word' id='word_1_182' title='bbox 1348 1456 1394 1497; x_wconf 90' lang='lat' dir='ltr'><strong>in</strong></span> 
     </span>
     <span class='ocr_line' id='line_1_25' title="bbox 38 1513 1394 1578; baseline -0.001 -22"><span class='ocrx_word' id='word_1_183' title='bbox 38 1529 141 1556; x_wconf 86' lang='lat' dir='ltr'><strong>vera</strong></span> <span class='ocrx_word' id='word_1_184' title='bbox 169 1514 344 1556; x_wconf 79' lang='lat' dir='ltr'><strong>civitate</strong></span> <span class='ocrx_word' id='word_1_185' title='bbox 375 1514 519 1556; x_wconf 89' lang='lat' dir='ltr'><strong>locum</strong></span> <span class='ocrx_word' id='word_1_186' title='bbox 559 1514 737 1578; x_wconf 79' lang='lat' dir='ltr'><strong>habere,</strong></span> <span class='ocrx_word' id='word_1_187' title='bbox 780 1515 922 1556; x_wconf 87' lang='lat' dir='ltr'><strong>sicubi</strong></span> <span class='ocrx_word' id='word_1_188' title='bbox 959 1514 1106 1571; x_wconf 79' lang='lat' dir='ltr'><strong>legum</strong></span> <span class='ocrx_word' id='word_1_189' title='bbox 1138 1522 1181 1555; x_wconf 85' lang='lat' dir='ltr'><strong>et</strong></span> <span class='ocrx_word' id='word_1_190' title='bbox 1211 1513 1394 1555; x_wconf 87' lang='lat' dir='ltr'><strong>idoneo·</strong></span> 
     </span>
     <span class='ocr_line' id='line_1_26' title="bbox 39 1570 1394 1636; baseline -0.001 -23"><span class='ocrx_word' id='word_1_191' title='bbox 39 1586 132 1613; x_wconf 90' lang='lat' dir='ltr'><strong>rum</strong></span> <span class='ocrx_word' id='word_1_192' title='bbox 173 1571 507 1636; x_wconf 83' lang='lat' dir='ltr'><strong>magistratuum</strong></span> <span class='ocrx_word' id='word_1_193' title='bbox 546 1571 784 1613; x_wconf 86' lang='lat' dir='ltr'><strong>auctoritas</strong></span> <span class='ocrx_word' id='word_1_194' title='bbox 827 1571 996 1622; x_wconf 79' lang='lat' dir='ltr'><strong>valeat3</strong></span> <span class='ocrx_word' id='word_1_195' title='bbox 1043 1570 1162 1626; x_wconf 86' lang='lat' dir='ltr'><strong>quod</strong></span> <span class='ocrx_word' id='word_1_196' title='bbox 1194 1570 1394 1626; x_wconf 70' lang='lat' dir='ltr'><strong>profecto</strong></span> 
     </span>
     <span class='ocr_line' id='line_1_27' title="bbox 38 1627 1396 1684; baseline -0.001 -14"><span class='ocrx_word' id='word_1_197' title='bbox 38 1627 215 1684; x_wconf 86' lang='lat' dir='ltr'><strong>egregie</strong></span> <span class='ocrx_word' id='word_1_198' title='bbox 255 1643 354 1670; x_wconf 87' lang='lat' dir='ltr'><strong>cum</strong></span> <span class='ocrx_word' id='word_1_199' title='bbox 404 1629 622 1670; x_wconf 83' lang='lat' dir='ltr'><strong>sententia</strong></span> <span class='ocrx_word' id='word_1_200' title='bbox 662 1628 738 1669; x_wconf 84' lang='lat' dir='ltr'><strong>illa</strong></span> <span class='ocrx_word' id='word_1_201' title='bbox 776 1628 822 1669; x_wconf 91' lang='lat' dir='ltr'><strong>in</strong></span> <span class='ocrx_word' id='word_1_202' title='bbox 871 1628 995 1671; x_wconf 88' lang='lat' dir='ltr'><strong>libris</strong></span> <span class='ocrx_word' id='word_1_203' title='bbox 1040 1629 1109 1669; x_wconf 86' lang='lat' dir='ltr'><strong>De</strong></span> <span class='ocrx_word' id='word_1_204' title='bbox 1151 1627 1396 1683; x_wconf 83' lang='lat' dir='ltr'><strong>Republica</strong></span> 
     </span>
     <span class='ocr_line' id='line_1_28' title="bbox 69 1683 1396 1741; baseline -0.002 -15"><span class='ocrx_word' id='word_1_205' title='bbox 69 1684 212 1727; x_wconf 81' lang='lat' dir='ltr'><strong>rodita</strong></span> <span class='ocrx_word' id='word_1_206' title='bbox 240 1684 493 1738; x_wconf 79' lang='lat' dir='ltr'><strong>concordat,</strong></span> <span class='ocrx_word' id='word_1_207' title='bbox 526 1699 612 1739; x_wconf 85' lang='lat' dir='ltr'><strong>qua</strong></span> <span class='ocrx_word' id='word_1_208' title='bbox 643 1685 795 1726; x_wconf 88' lang='lat' dir='ltr'><strong>eadem</strong></span> <span class='ocrx_word' id='word_1_209' title='bbox 824 1685 965 1727; x_wconf 82' lang='lat' dir='ltr'><strong>virtus</strong></span> <span class='ocrx_word' id='word_1_210' title='bbox 995 1685 1266 1741; x_wconf 85' lang='lat' dir='ltr'><strong>principibus</strong></span> <span class='ocrx_word' id='word_1_211' title='bbox 1299 1683 1396 1739; x_wconf 85' lang='lat' dir='ltr'><strong>phi-</strong></span> 
     </span>
     <span class='ocr_line' id='line_1_29' title="bbox 36 1701 1395 1797; baseline -0.001 -14"><span class='ocrx_word' id='word_1_212' title='bbox 36 1701 234 1796; x_wconf 67' lang='lat' dir='ltr'><strong>ibsophis</strong></span> <span class='ocrx_word' id='word_1_213' title='bbox 270 1741 520 1783; x_wconf 88' lang='lat' dir='ltr'><strong>vindicatur</strong></span> <span class='ocrx_word' id='word_1_214' title='bbox 561 1748 607 1784; x_wconf 88' lang='lat' dir='ltr'><strong>et</strong></span> <span class='ocrx_word' id='word_1_215' title='bbox 644 1748 865 1797; x_wconf 88' lang='lat' dir='ltr'><strong>tamquam</strong></span> <span class='ocrx_word' id='word_1_216' title='bbox 909 1743 1089 1797; x_wconf 88' lang='lat' dir='ltr'><strong>propria</strong></span> <span class='ocrx_word' id='word_1_217' title='bbox 1128 1741 1395 1783; x_wconf 85' lang='lat' dir='ltr'><strong>attribuitur.</strong></span> 
     </span>
     <span class='ocr_line' id='line_1_30' title="bbox 38 1797 1393 1851; baseline -0.001 -11"><span class='ocrx_word' id='word_1_218' title='bbox 38 1798 255 1841; x_wconf 89' lang='lat' dir='ltr'><strong>Nimirum</strong></span> <span class='ocrx_word' id='word_1_219' title='bbox 294 1798 379 1840; x_wconf 89' lang='lat' dir='ltr'><strong>hoc</strong></span> <span class='ocrx_word' id='word_1_220' title='bbox 423 1805 592 1840; x_wconf 77' lang='lat' dir='ltr'><strong>tantum</strong></span> <span class='ocrx_word' id='word_1_221' title='bbox 636 1799 680 1840; x_wconf 90' lang='lat' dir='ltr'><strong>in</strong></span> <span class='ocrx_word' id='word_1_222' title='bbox 719 1799 787 1841; x_wconf 90' lang='lat' dir='ltr'><strong>his</strong></span> <span class='ocrx_word' id='word_1_223' title='bbox 836 1798 1101 1841; x_wconf 83' lang='lat' dir='ltr'><strong>discriminis</strong></span> <span class='ocrx_word' id='word_1_224' title='bbox 1146 1797 1393 1851; x_wconf 80' lang='lat' dir='ltr'><strong>intercedit,</strong></span> 
     </span>
     <span class='ocr_line' id='line_1_31' title="bbox 39 1854 1396 1911; baseline -0.001 -15"><span class='ocrx_word' id='word_1_225' title='bbox 39 1854 157 1910; x_wconf 87' lang='lat' dir='ltr'><strong>quod</strong></span> <span class='ocrx_word' id='word_1_226' title='bbox 185 1855 247 1896; x_wconf 89' lang='lat' dir='ltr'><strong>ibi</strong></span> <span class='ocrx_word' id='word_1_227' title='bbox 278 1854 332 1896; x_wconf 91' lang='lat' dir='ltr'><strong>de</strong></span> <span class='ocrx_word' id='word_1_228' title='bbox 363 1855 523 1897; x_wconf 88' lang='lat' dir='ltr'><strong>virtute</strong></span> <span class='ocrx_word' id='word_1_229' title='bbox 554 1856 843 1911; x_wconf 73' lang='lat' dir='ltr'><strong>sapientium,</strong></span> <span class='ocrx_word' id='word_1_230' title='bbox 875 1855 946 1897; x_wconf 91' lang='lat' dir='ltr'><strong>hic</strong></span> <span class='ocrx_word' id='word_1_231' title='bbox 977 1864 1120 1898; x_wconf 85' lang='lat' dir='ltr'><strong>autem</strong></span> <span class='ocrx_word' id='word_1_232' title='bbox 1149 1856 1203 1896; x_wconf 90' lang='lat' dir='ltr'><strong>de</strong></span> <span class='ocrx_word' id='word_1_233' title='bbox 1236 1855 1396 1896; x_wconf 89' lang='lat' dir='ltr'><strong>virtute</strong></span> 
     </span>
     <span class='ocr_line' id='line_1_32' title="bbox 41 1910 1399 1968; baseline 0 -16"><span class='ocrx_word' id='word_1_234' title='bbox 41 1910 243 1967; x_wconf 86' lang='lat' dir='ltr'><strong>populari</strong></span> <span class='ocrx_word' id='word_1_235' title='bbox 281 1927 332 1954; x_wconf 87' lang='lat' dir='ltr'><strong>ac</strong></span> <span class='ocrx_word' id='word_1_236' title='bbox 372 1912 491 1953; x_wconf 86' lang='lat' dir='ltr'><strong>civili</strong></span> <span class='ocrx_word' id='word_1_237' title='bbox 543 1913 738 1968; x_wconf 81' lang='lat' dir='ltr'><strong>cogitare</strong></span> <span class='ocrx_word' id='word_1_238' title='bbox 777 1912 997 1955; x_wconf 84' lang='lat' dir='ltr'><strong>debemus.</strong></span> <span class='ocrx_word' id='word_1_239' title='bbox 1074 1913 1241 1954; x_wconf 80' lang='lat' dir='ltr'><strong>Verum</strong></span> <span class='ocrx_word' id='word_1_240' title='bbox 1291 1911 1399 1953; x_wconf 87' lang='lat' dir='ltr'><strong>satis</strong></span> 
     </span>
     <span class='ocr_line' id='line_1_33' title="bbox 40 1967 1399 2024; baseline 0 -15"><span class='ocrx_word' id='word_1_241' title='bbox 40 1968 148 2009; x_wconf 88' lang='lat' dir='ltr'><strong>haec</strong></span> <span class='ocrx_word' id='word_1_242' title='bbox 187 1967 242 2010; x_wconf 89' lang='lat' dir='ltr'><strong>de</strong></span> <span class='ocrx_word' id='word_1_243' title='bbox 286 1968 545 2024; x_wconf 64' lang='grc' dir='ltr'><em>φρονήσει,</em></span> <span class='ocrx_word' id='word_1_244' title='bbox 569 1984 699 2023; x_wconf 89' lang='lat' dir='ltr'><strong>quam</strong></span> <span class='ocrx_word' id='word_1_245' title='bbox 738 1968 1049 2024; x_wconf 87' lang='lat' dir='ltr'><strong>philosophum</strong></span> <span class='ocrx_word' id='word_1_246' title='bbox 1088 1969 1278 2010; x_wconf 87' lang='lat' dir='ltr'><strong>vidimus</strong></span> <span class='ocrx_word' id='word_1_247' title='bbox 1318 1982 1399 2024; x_wconf 90' lang='lat' dir='ltr'><strong>pro</strong></span> 
     </span>
     <span class='ocr_line' id='line_1_34' title="bbox 41 2024 1399 2090; baseline -0.001 -23"><span class='ocrx_word' id='word_1_248' title='bbox 41 2025 210 2067; x_wconf 88' lang='lat' dir='ltr'><strong>consilii</strong></span> <span class='ocrx_word' id='word_1_249' title='bbox 248 2025 316 2068; x_wconf 86' lang='lat' dir='ltr'><strong>sui</strong></span> <span class='ocrx_word' id='word_1_250' title='bbox 357 2026 525 2067; x_wconf 87' lang='lat' dir='ltr'><strong>ratione</strong></span> <span class='ocrx_word' id='word_1_251' title='bbox 555 2025 680 2066; x_wconf 85' lang='lat' dir='ltr'><strong>aliter</strong></span> <span class='ocrx_word' id='word_1_252' title='bbox 712 2025 889 2080; x_wconf 88' lang='lat' dir='ltr'><strong>quidem</strong></span> <span class='ocrx_word' id='word_1_253' title='bbox 919 2040 1049 2079; x_wconf 84' lang='lat' dir='ltr'><strong>quam</strong></span> <span class='ocrx_word' id='word_1_254' title='bbox 1079 2026 1124 2066; x_wconf 92' lang='lat' dir='ltr'><strong>in</strong></span> <span class='ocrx_word' id='word_1_255' title='bbox 1155 2024 1399 2090; x_wconf 83' lang='lat' dir='ltr'><strong>Republica</strong></span> 
     </span>
     <span class='ocr_line' id='line_1_35' title="bbox 40 2082 1398 2138; baseline 0.001 -15"><span class='ocrx_word' id='word_1_256' title='bbox 40 2082 323 2136; x_wconf 75' lang='lat' dir='ltr'><strong>informasse,</strong></span> <span class='ocrx_word' id='word_1_257' title='bbox 367 2096 449 2124; x_wconf 87' lang='lat' dir='ltr'><strong>nec</strong></span> <span class='ocrx_word' id='word_1_258' title='bbox 474 2089 620 2124; x_wconf 85' lang='lat' dir='ltr'><strong>tamen</strong></span> <span class='ocrx_word' id='word_1_259' title='bbox 651 2083 714 2123; x_wconf 88' lang='lat' dir='ltr'><strong>ita</strong></span> <span class='ocrx_word' id='word_1_260' title='bbox 745 2082 1057 2138; x_wconf 80' lang='lat' dir='ltr'><strong>descripsisse,</strong></span> <span class='ocrx_word' id='word_1_261' title='bbox 1089 2089 1138 2124; x_wconf 87' lang='lat' dir='ltr'><strong>ut</strong></span> <span class='ocrx_word' id='word_1_262' title='bbox 1169 2082 1398 2138; x_wconf 81' lang='lat' dir='ltr'><strong>pristinam</strong></span> 
     </span>
     <span class='ocr_line' id='line_1_36' title="bbox 44 2138 1397 2182; baseline 0.001 -2"><span class='ocrx_word' id='word_1_263' title='bbox 44 2138 98 2180; x_wconf 89' lang='lat' dir='ltr'><strong>de</strong></span> <span class='ocrx_word' id='word_1_264' title='bbox 129 2154 180 2182; x_wconf 88' lang='lat' dir='ltr'><strong>ea</strong></span> <span class='ocrx_word' id='word_1_265' title='bbox 208 2140 471 2182; x_wconf 88' lang='lat' dir='ltr'><strong>sententiam</strong></span> <span class='ocrx_word' id='word_1_266' title='bbox 513 2138 727 2181; x_wconf 87' lang='lat' dir='ltr'><strong>abiecisse</strong></span> <span class='ocrx_word' id='word_1_267' title='bbox 758 2145 833 2181; x_wconf 88' lang='lat' dir='ltr'><strong>aut</strong></span> <span class='ocrx_word' id='word_1_268' title='bbox 864 2139 1114 2182; x_wconf 89' lang='lat' dir='ltr'><strong>deseruisse</strong></span> <span class='ocrx_word' id='word_1_269' title='bbox 1146 2139 1397 2181; x_wconf 86' lang='lat' dir='ltr'><strong>existiman-</strong></span> 
     </span>
     <span class='ocr_line' id='line_1_37' title="bbox 43 2194 228 2239; baseline 0.006 -2"><span class='ocrx_word' id='word_1_270' title='bbox 43 2194 126 2238; x_wconf 85' lang='lat' dir='ltr'><strong>dus</strong></span> <span class='ocrx_word' id='word_1_271' title='bbox 156 2196 228 2239; x_wconf 87' lang='lat' dir='ltr'><strong>sit.</strong></span> 
     </span>
    </p>

    <p class='ocr_par' dir='ltr' id='par_1_3' title="bbox 43 2251 1402 2706">
     <span class='ocr_line' id='line_1_38' title="bbox 158 2251 1398 2309; baseline 0 -15"><span class='ocrx_word' id='word_1_272' title='bbox 158 2253 386 2308; x_wconf 85' lang='lat' dir='ltr'><strong>Pergimus</strong></span> <span class='ocrx_word' id='word_1_273' title='bbox 418 2251 474 2294; x_wconf 86' lang='lat' dir='ltr'><strong>ad</strong></span> <span class='ocrx_word' id='word_1_274' title='bbox 502 2252 811 2306; x_wconf 80' lang='lat' dir='ltr'><strong>iustitiam,</strong></span> <span class='ocrx_word' id='word_1_275' title='bbox 842 2268 972 2308; x_wconf 89' lang='lat' dir='ltr'><strong>quam</strong></span> <span class='ocrx_word' id='word_1_276' title='bbox 992 2253 1039 2295; x_wconf 89' lang='lat' dir='ltr'><strong>in</strong></span> <span class='ocrx_word' id='word_1_277' title='bbox 1065 2254 1233 2309; x_wconf 81' lang='lat' dir='ltr'><strong>Legum</strong></span> <span class='ocrx_word' id='word_1_278' title='bbox 1265 2267 1398 2308; x_wconf 89' lang='lat' dir='ltr'><strong>opere</strong></span> 
     </span>
     <span class='ocr_line' id='line_1_39' title="bbox 43 2309 1399 2365; baseline 0 -15"><span class='ocrx_word' id='word_1_279' title='bbox 43 2309 133 2351; x_wconf 82' lang='lat' dir='ltr'><strong>fere</strong></span> <span class='ocrx_word' id='word_1_280' title='bbox 160 2309 511 2365; x_wconf 81' lang='lat' dir='ltr'><strong>praetermissam</strong></span> <span class='ocrx_word' id='word_1_281' title='bbox 536 2324 632 2352; x_wconf 89' lang='lat' dir='ltr'><strong>esse</strong></span> <span class='ocrx_word' id='word_1_282' title='bbox 650 2317 991 2364; x_wconf 88' lang='lat' dir='ltr'><strong>conqueruntur</strong></span> <span class='ocrx_word' id='word_1_283' title='bbox 1040 2310 1149 2352; x_wconf 84' lang='lat' dir='ltr'><strong>Eam</strong></span> <span class='ocrx_word' id='word_1_284' title='bbox 1171 2325 1274 2352; x_wconf 90' lang='lat' dir='ltr'><strong>vero</strong></span> <span class='ocrx_word' id='word_1_285' title='bbox 1295 2325 1399 2352; x_wconf 87' lang='lat' dir='ltr'><strong>con-</strong></span> 
     </span>
     <span class='ocr_line' id='line_1_40' title="bbox 45 2366 1399 2432; baseline 0.001 -25"><span class='ocrx_word' id='word_1_286' title='bbox 45 2372 134 2407; x_wconf 82' lang='lat' dir='ltr'><strong>stat</strong></span> <span class='ocrx_word' id='word_1_287' title='bbox 180 2366 224 2407; x_wconf 88' lang='lat' dir='ltr'><strong>in</strong></span> <span class='ocrx_word' id='word_1_288' title='bbox 271 2366 515 2430; x_wconf 84' lang='lat' dir='ltr'><strong>Republica</strong></span> <span class='ocrx_word' id='word_1_289' title='bbox 568 2367 629 2408; x_wconf 88' lang='lat' dir='ltr'><strong>ita</strong></span> <span class='ocrx_word' id='word_1_290' title='bbox 670 2366 869 2432; x_wconf 77' lang='lat' dir='ltr'><strong>definiri,</strong></span> <span class='ocrx_word' id='word_1_291' title='bbox 910 2373 961 2409; x_wconf 92' lang='lat' dir='ltr'><strong>ut</strong></span> <span class='ocrx_word' id='word_1_292' title='bbox 1002 2366 1174 2409; x_wconf 86' lang='lat' dir='ltr'><strong>dicatur</strong></span> <span class='ocrx_word' id='word_1_293' title='bbox 1205 2366 1325 2409; x_wconf 85' lang='lat' dir='ltr'><strong>cerni</strong></span> <span class='ocrx_word' id='word_1_294' title='bbox 1354 2366 1399 2408; x_wconf 88' lang='lat' dir='ltr'><strong>in</strong></span> 
     </span>
     <span class='ocr_line' id='line_1_41' title="bbox 45 2422 1401 2480; baseline 0.001 -17"><span class='ocrx_word' id='word_1_295' title='bbox 45 2423 239 2477; x_wconf 85' lang='lat' dir='ltr'><strong>perfecta</strong></span> <span class='ocrx_word' id='word_1_296' title='bbox 268 2422 537 2480; x_wconf 86' lang='lat' dir='ltr'><strong>singularum</strong></span> <span class='ocrx_word' id='word_1_297' title='bbox 568 2424 699 2465; x_wconf 85' lang='lat' dir='ltr'><strong>animi</strong></span> <span class='ocrx_word' id='word_1_298' title='bbox 730 2424 917 2479; x_wconf 85' lang='lat' dir='ltr'><strong>partium</strong></span> <span class='ocrx_word' id='word_1_299' title='bbox 951 2424 1279 2476; x_wconf 80' lang='lat' dir='ltr'><strong>convenientia,</strong></span> <span class='ocrx_word' id='word_1_300' title='bbox 1314 2437 1401 2477; x_wconf 87' lang='lat' dir='ltr'><strong>qua</strong></span> 
     </span>
     <span class='ocr_line' id='line_1_42' title="bbox 46 2482 1400 2536; baseline 0.001 -17"><span class='ocrx_word' id='word_1_301' title='bbox 46 2492 334 2534; x_wconf 80' lang='lat' dir='ltr'><strong>unaquaeque</strong></span> <span class='ocrx_word' id='word_1_302' title='bbox 373 2494 452 2522; x_wconf 82' lang='lat' dir='ltr'><strong>suo</strong></span> <span class='ocrx_word' id='word_1_303' title='bbox 505 2495 555 2521; x_wconf 87' lang='lat' dir='ltr'><strong>ac</strong></span> <span class='ocrx_word' id='word_1_304' title='bbox 594 2482 770 2536; x_wconf 79' lang='lat' dir='ltr'><strong>pioprio</strong></span> <span class='ocrx_word' id='word_1_305' title='bbox 813 2496 989 2523; x_wconf 89' lang='lat' dir='ltr'><strong>munere</strong></span> <span class='ocrx_word' id='word_1_306' title='bbox 1045 2482 1268 2536; x_wconf 74' lang='lat' dir='ltr'><strong>fungatur,</strong></span> <span class='ocrx_word' id='word_1_307' title='bbox 1313 2495 1400 2533; x_wconf 91' lang='lat' dir='ltr'><strong>quo</strong></span> 
     </span>
     <span class='ocr_line' id='line_1_43' title="bbox 48 2535 1395 2592; baseline 0.002 -16"><span class='ocrx_word' id='word_1_308' title='bbox 48 2535 237 2589; x_wconf 87' lang='lat' dir='ltr'><strong>denique</strong></span> <span class='ocrx_word' id='word_1_309' title='bbox 267 2545 564 2583; x_wconf 85' lang='lat' dir='ltr'><strong>consummata</strong></span> <span class='ocrx_word' id='word_1_310' title='bbox 593 2538 753 2579; x_wconf 81' lang='lat' dir='ltr'><strong>existat</strong></span> <span class='ocrx_word' id='word_1_311' title='bbox 802 2538 953 2586; x_wconf 74' lang='lat' dir='ltr'><strong>virtus,</strong></span> <span class='ocrx_word' id='word_1_312' title='bbox 985 2537 1201 2592; x_wconf 87' lang='lat' dir='ltr'><strong>siquidem</strong></span> <span class='ocrx_word' id='word_1_313' title='bbox 1233 2538 1295 2579; x_wconf 86' lang='lat' dir='ltr'><strong>ita</strong></span> <span class='ocrx_word' id='word_1_314' title='bbox 1325 2537 1395 2579; x_wconf 89' lang='lat' dir='ltr'><strong>de-</strong></span> 
     </span>
     <span class='ocr_line' id='line_1_44' title="bbox 47 2592 1402 2650; baseline 0.002 -18"><span class='ocrx_word' id='word_1_315' title='bbox 47 2607 161 2633; x_wconf 87' lang='lat' dir='ltr'><strong>mum</strong></span> <span class='ocrx_word' id='word_1_316' title='bbox 194 2592 384 2648; x_wconf 82' lang='lat' dir='ltr'><strong>reliquae</strong></span> <span class='ocrx_word' id='word_1_317' title='bbox 422 2594 609 2636; x_wconf 85' lang='lat' dir='ltr'><strong>virtutes</strong></span> <span class='ocrx_word' id='word_1_318' title='bbox 649 2594 738 2635; x_wconf 82' lang='lat' dir='ltr'><strong>vim</strong></span> <span class='ocrx_word' id='word_1_319' title='bbox 775 2595 902 2648; x_wconf 85' lang='lat' dir='ltr'><strong>quasi</strong></span> <span class='ocrx_word' id='word_1_320' title='bbox 941 2610 1063 2637; x_wconf 86' lang='lat' dir='ltr'><strong>suam</strong></span> <span class='ocrx_word' id='word_1_321' title='bbox 1105 2600 1238 2650; x_wconf 86' lang='lat' dir='ltr'><strong>atque</strong></span> <span class='ocrx_word' id='word_1_322' title='bbox 1269 2594 1402 2636; x_wconf 89' lang='lat' dir='ltr'><strong>robur</strong></span> 
     </span>
     <span class='ocr_line' id='line_1_45' title="bbox 49 2648 1403 2706; baseline 0.001 -18"><span class='ocrx_word' id='word_1_323' title='bbox 49 2648 264 2704; x_wconf 72' lang='lat' dir='ltr'><strong>accipiant</strong></span> <span class='ocrx_word' id='word_1_324' title='bbox 325 2649 583 2706; x_wconf 86' lang='lat' dir='ltr'><strong>possintque</strong></span> <span class='ocrx_word' id='word_1_325' title='bbox 645 2651 829 2693; x_wconf 79' lang='lat' dir='ltr'><strong>existere</strong></span> <span class='ocrx_word' id='word_1_326' title='bbox 882 2668 979 2694; x_wconf 80' lang='lat' dir='ltr'><strong>vere</strong></span> <span class='ocrx_word' id='word_1_327' title='bbox 1020 2651 1223 2694; x_wconf 77' lang='lat' dir='ltr'><strong>efficaces</strong></span> <span class='ocrx_word' id='word_1_328' title='bbox 1271 2656 1403 2703; x_wconf 83' lang='lat' dir='ltr'><strong>atque</strong></span> 
     </span>
    </p>
   </div>
  </div>
 </body>
</html>
