1612 2872
222 39 303 100 DE
338 57 610 103 issemus
641 58 761 101 mn.
793 57 875 99 ιν.
911 59 958 99 p,
992 59 1088 101 712.
1116 56 1181 100 st.

165 177 270 220 ΚΛ.
327 174 494 220 ’Ἐλθοι
529 175 615 231 γὰρ
654 168 748 219 οὖν,

1340 59 1416 99 411

162 243 262 286 ΑΘ.
331 242 464 286 Ἀλλὰ
491 246 589 286 τίνα
619 242 784 296 δήποτε
820 243 1049 287 πολιτείαν
1084 245 1237 297 ἔχομεν
1273 244 1321 283 ἑν
1359 242 1421 295 νῷ

62 310 112 369 τῇ
148 308 272 353 πόλει
305 326 416 367 προς
423 308 595 354 τάττειν
607 330 619 362 ,-

165 378 266 420 KA.

59 449 329 502 σαφέστερον
342 458 351 469 ·

340 376 448 421 Oion
493 377 546 430 δή
595 393 635 420 τι
679 378 815 431 λέγεις
859 377 1127 431 βουληθεὶςς
1169 372 1305 435 φράζ’
1358 379 1422 418 ἔτι

399 442 498 487 οἷον
540 446 845 500 δημοκρατίαν
889 440 988 485 τινὰ
1039 440 1357 498 ἢόλιγαρχίαν
1395 441 1421 494 ἢ

57 508 406 566 ἀριστοκρατίαν
441 510 468 563 ἢ
506 510 753 567 βασιλικήν.
793 508 847 554 οὐ
884 507 970 565 γὰρ
1007 507 1060 562 δὴ
1099 512 1343 565 τυραννίδα
1377 515 1424 564 γεῖ

58 592 147 620 που
181 581 322 633 λέγοις
356 577 428 628 ἄν,
467 577 527 629 ὥς
561 577 602 634 γ’
646 576 769 632 ἡμεῖς
804 575 864 620 ἂν
902 572 1180 630 οἰηθείημεν.

159 646 259 688 ΑΘ.
333 647 445 702 Φέρε
483 645 536 698 δὴ
578 650 750 697 τοίνυν,
791 643 979 698 πότερος
1014 643 1138 698 ὑμῶν
1175 642 1421 700 ἀποκρίνα-

55 711 171 755 σθαι
207 710 424 770 πρότερος
460 710 520 756 ἂν
556 714 711 756 ἐθέλοι
749 709 833 765 τὴν
869 712 986 755 οἴκοι
1021 713 1250 754 πολιτείαν
1274 709 1419 761 εἰπών,

55 779 122 828 τίς
158 779 329 823 τούτων
365 782 456 823 ἐστι’
467 796 479 836 3

162 848 269 889 ME.
339 849 456 890 Μῶν
489 840 571 892 οὖν
608 844 688 890 τὸν
724 843 1022 902 πρεσβύτερον
1050 846 1122 900 ἐμὲ
1142 843 1421 899 δικαιότερον

55 916 192 956 εἰπεῖν
228 911 446 969 πρότερον
460 930 469 956 2

56 1051 98 1095 δὴ
131 1054 161 1086 tl
190 1053 300 1097 λέγειν
330 1055 525 1097 βουληθεὶς
555 1052 663 1097 φράζ’
694 1055 741 1087 ἔτι
774 1055 1007 1096 σαφέστερον·
1035 1051 1114 1086 οἷον
1137 1065 1168 1089 κ.
1198 1065 1222 1085 τ.
1249 1054 1276 1085 ι’..
1326 1053 1416 1085 Dedi

55 1099 162 1142 λέγεις
185 1111 228 1133 ex
255 1103 300 1134 A.

54 1147 291 1201 punctionem.
317 1159 350 1179 v.
329 1101 473 1179 Binfra
497 1149 675 1189 explicatt.

401 1099 439 1133 9.
468 1101 506 1135 Ξ.
532 1113 566 1134 v.
591 1102 616 1134 f.
642 1103 676 1134 h.
708 1112 737 1133 r.
768 1112 800 1134 a.
833 1112 861 1134 c.
896 1100 924 1133 δ.
958 1113 988 1134 ο.
1024 1108 1059 1134 et
1090 1100 1274 1133 emendavi
1305 1100 1416 1132 inter—

148 1188 276 1235 ἡμεῖς
301 1205 352 1225 αν
377 1193 655 1236 οἰηθείημεν]
681 1190 740 1231 ἂν,
766 1194 862 1236 quod
886 1193 994 1233 vulgo
1019 1194 1153 1233 deerat,
1177 1192 1416 1233 praebuerunt

55 1238 101 1270 A.
126 1238 168 1270 B.
199 1237 238 1271 9.
266 1240 307 1274 Ξ.
332 1250 366 1271 x.
392 1245 428 1272 et
458 1241 585 1281 reliqui
617 1250 750 1273 omues.

801 1240 990 1272 Praeterea
1024 1237 1061 1270 9.
1094 1249 1137 1271 ex
1171 1248 1262 1270 corr.
1293 1247 1413 1279 super-

54 1285 221 1326 neriptum
247 1285 354 1318 habet
378 1285 565 1327 οιήθέιμεν,
590 1288 684 1328 qnod
711 1287 844 1329 recepit
868 1286 1063 1318 Bekkerns.

146 1341 170 1362 π
178 1343 198 1373 ρ
207 1330 227 1363 ό
236 1343 250 1363 ι
258 1343 275 1363 ε
284 1343 303 1372 ρ
312 1343 332 1363 ο
343 1341 360 1364 s
384 1330 431 1364 ἂν
458 1331 475 1364 ἑ
484 1331 533 1364 θέ
541 1333 558 1364 λ
568 1344 586 1364 ο
598 1332 632 1376 ι]
661 1334 849 1375 Perperam
871 1332 975 1373 vulgo
993 1329 1108 1371 ἐθέλῃ,
1123 1329 1414 1364 dissentientibus

6 1390 9 1392 >
54 1377 156 1409 codd.
182 1379 355 1411 omnibus.

57 1502 195 1543 liquido
227 1503 459 1545 perscriptum
494 1507 605 1536 extat:
631 1514 695 1543 ‘ua-

53 1546 171 1590 θάπερ
203 1547 322 1580 παῖδες
364 1548 566 1590 πρεσβῦται.
619 1550 698 1581 Hoc

51 1594 160 1635 igitur
185 1595 223 1626 in
243 1595 504 1627 Tauchnitiana
523 1595 697 1628 edidimus

51 1640 288 1682 miramurque
318 1641 559 1673 Hermannum
593 1642 695 1674 nobis

51 1687 242 1719 etiamnum
272 1687 426 1719 tribuere
461 1686 574 1724 παῖδα,
599 1689 695 1729 quod

50 1732 181 1764 dudum
211 1733 396 1765 reiecimus
426 1734 576 1774 publice.
623 1733 693 1767 Sed

51 1777 118 1810 hoc
141 1780 179 1810 in
203 1785 420 1812 transcursu.
471 1780 600 1811 Verum
626 1781 694 1821 igi-

50 1829 107 1855 tur
139 1829 303 1865 putamus
337 1823 464 1864 παῖδες.
520 1824 694 1858 Nimirum

52 1867 204 1901 πλάττειν
229 1871 275 1913 τῷ
301 1868 392 1913 λόγῳ
418 1881 446 1901 τι
468 1872 611 1912 proprie
642 1873 694 1909 tli-

52 1921 195 1956 cuntur,
245 1917 304 1958 qui
350 1917 484 1958 aliquid
532 1927 693 1950 sermone

50 1962 187 2003 fingunt
218 1967 254 1994 et
284 1964 612 2001 comminiscuntur,
646 1965 694 1996 si·

50 2009 121 2040 euti
151 2010 249 2050 pueri
283 2009 437 2049 faciunt,
464 2010 518 2041 vel
553 2010 693 2042 fabellis

50 2063 128 2086 sese
173 2056 325 2087 invicem
363 2055 597 2095 oblectantes,
637 2057 690 2088 vel

49 2100 130 2133 lusu
158 2101 332 2142 fingentes
358 2101 541 2142 imagines.
589 2101 693 2141 Quod

50 2146 165 2189 lepide
189 2153 224 2179 et
247 2148 381 2180 urbane
413 2148 624 2180 transfertur
648 2149 693 2181 ad

49 2192 176 2236 legum,
194 2204 282 2234 quas
298 2195 366 2226 iam
384 2195 580 2235 exposituri
599 2199 692 2235 sunt,

49 2240 323 2272 enarrationem.
378 2240 453 2272 Has
485 2241 578 2272 enim
609 2241 694 2283 quia

49 2282 233 2316 πλάττουσι
271 2297 314 2327 ιῳ
354 2282 461 2328 λόγῳ,
499 2288 568 2328 ipsi
605 2297 691 2329 quo-

52 2330 242 2363 dammodo
258 2336 340 2363 sunt
354 2330 472 2364 παῖδες
487 2333 690 2374 πρεσβῦται.

50 2376 160 2408 Aliud
211 2378 296 2418 quid
343 2383 512 2419 sequutus
551 2380 692 2411 videtur

50 2421 250 2462 Fieinus,
274 2423 334 2465 qui
355 2423 469 2456 locum
501 2426 552 2457 sic
582 2426 690 2457 inter-

50 2472 224 2508 pretatun
257 2467 339 2501 Sed
370 2479 579 2503 conemur
608 2472 691 2504 iam

51 2514 231 2546 civitati
258 2520 377 2555 tuae,
400 2519 606 2558 tanquam
630 2527 690 2550 se-

49 2569 128 2591 nes
151 2559 322 2603 pueris,
340 2561 458 2602 leges
485 2564 690 2596 oratione

0 2615 2 2618 ’
50 2605 320 2647 confingere.
368 2607 554 2649 Expressit
581 2610 690 2651 igitur

50 2649 206 2685 dntivum
228 2655 333 2685 παισί.
372 2654 489 2695 Atque
514 2656 606 2688 hune
632 2661 691 2689 aut

770 1499 867 1533 παιδί
878 1512 990 1544 nuper
1002 1501 1256 1534 restituendum
1276 1501 1412 1533 censuit

768 1546 1064 1581 Schrammius
1099 1547 1334 1586 Quaestionn.
1368 1547 1412 1580 de

764 1594 854 1626 loeis
908 1595 1086 1627 nonnullis
1133 1594 1270 1635 Legum
1318 1593 1410 1625 Plat.

763 1642 886 1681 partic.
915 1641 954 1674 ll.
979 1651 1013 1682 p.
1039 1640 1061 1675 8
1097 1650 1149 1682 sq.
1174 1640 1242 1672 loci
1269 1630 1410 1672 senten-

762 1687 847 1719 tiam
872 1688 987 1719 minus
1011 1691 1105 1719 recte
1129 1686 1323 1727 explicans.

809 1728 1408 1774 Cap.V.B.eedv32¹qnpds-u)r

763 1779 838 1820 τῆς
862 1776 1028 1810 πόλεως
1053 1778 1109 1821 —]
1141 1777 1405 1820 Saepenumero

762 1825 857 1866 apud
870 1824 1069 1865 Platonem,
1083 1825 1143 1855 ubi
1158 1834 1274 1856 rerum
1288 1826 1408 1865 gravi-

762 1880 819 1902 um
832 1881 873 1902 ac
881 1870 1077 1902 difficilium
1085 1870 1277 1911 suscipitur
1285 1871 1404 1912 dispu—

761 1917 867 1955 tatio,
890 1916 940 1947 dii
970 1917 1200 1956 invocantur,
1224 1920 1332 1958 atque
1361 1917 1405 1949 ad

763 1972 824 1994 eos
848 1972 971 2004 preces
1000 1962 1107 2003 fiunt,
1133 1967 1171 1994 ut
1188 1962 1406 2004 ‘disputanti-

761 2008 826 2040 bus
861 2009 1003 2041 numine
1035 2019 1100 2040 suo
1130 2009 1255 2040 adesse
1282 2009 1403 2041 velint.

762 2053 872 2086 Cuius
903 2055 954 2086 rei
985 2065 1144 2087 caussam
1174 2059 1208 2087 et
1232 2055 1405 2088 rationem

761 2101 964 2141 aperuimus
1002 2111 1084 2133 ann.
1120 2101 1167 2133 ad
1197 2101 1334 2134 Phileb.
1368 2112 1403 2144 p.

759 2146 815 2181 25.
847 2147 888 2178 B.
919 2148 979 2178 ubi
1006 2148 1112 2180 etiam
1142 2148 1218 2180 eius
1243 2148 1405 2189 exempla

760 2194 1012 2235 congessimus.

807 2239 846 2271 C.
879 2236 984 2272 Οἶον
1010 2237 1061 2281 δή
1086 2251 1121 2271 τι
1141 2248 1280 2282 λεγεις
1297 2239 1401 2281 βου

760 2285 946 2328 λνᾊθειε]
989 2286 1126 2327 Vulgo.
1172 2282 1257 2318 Οἷον
1292 2284 1334 2329 δὴ
1373 2289 1407 2318 τί

759 2332 868 2373 λέγειν
896 2331 1089 2374 βουληθεὶς
1125 2329 1230 2375 φράζ’
1262 2332 1310 2364 ἔτι
1342 2342 1400 2364 σα·

759 2377 943 2420 φὲσιερον.
997 2379 1057 2411 Ad
1095 2388 1186 2420 quae
1218 2378 1399 2420 Stepha-

758 2435 854 2457 nus:
885 2424 1157 2466 „Soribendum
1180 2425 1332 2458 fortasse
1373 2427 1404 2456 τί

757 2471 864 2513 λέγειν
885 2468 1088 2514 ἐβουλήθης
1100 2472 1156 2504 vel
1175 2467 1400 2514 ἠβουλήθηςς

757 2517 827 2549 nisi
861 2527 904 2549 ex
935 2518 1089 2560 quodam
1129 2518 1222 2550 libro
1263 2519 1403 2559 legatur

757 2562 873 2606 λέγεις,
898 2568 937 2596 ut
959 2564 1181 2606 intelligatur
1206 2562 1400 2617 βουληθειε

757 2610 888 2664 dictum
913 2620 994 2652 pro,
1019 2608 1078 2642 ἐὰν
1111 2610 1316 2651 βουληθῇς,
1341 2606 1402 2639 ἐὰι

757 2650 778 2698 ᾖ
811 2665 865 2688 σοι
895 2655 1110 2699 βουλομέιῳ.
1114 2661 1134 2674 ‘¹
1169 2656 1400 2689 Restitnimus
