1612 2872
130 543 206 582 709

226 101 318 141 396

710 97 1081 139 PIJATONIS

339 212 448 272 Cap.
483 210 566 255 IV.
613 214 707 255 ΑΘ.
740 206 799 254 Ὠ
833 213 985 265 γαθέ,
1023 216 1140 254 ἔοικα
1178 215 1270 267 περὶ
1310 213 1568 266 νομοθετῶν

234 280 423 324 ἐπανιών
458 280 530 320 καὶ
567 280 742 327 σκοπῶν
775 275 869 332 ἅμα
907 284 1016 332 ἐρεῖν
1052 293 1093 320 τι
1126 280 1198 320 καὶ
1234 279 1432 336 φαῦλον·
1469 277 1559 319 ἀλλ’

235 347 310 390 ἐὰν
347 344 454 398 πρὸς
486 342 638 398 καιρόν
662 360 760 386 τινα
792 346 991 397 λέγωμεν,
1028 342 1184 399 πρᾶγμ’
1226 342 1352 386 οὐδὲν
1389 343 1560 397 γίγνοιτ’

235 411 292 453 ἂν
328 414 409 453 ἔτι.
456 412 596 451 καίτοι
634 414 674 452 τί
709 425 812 452 ποτε
858 412 1140 463 δυςχεραίνως
1184 406 1335 462 σχεδὸν
1378 407 1463 464 γάρ
1501 426 1568 452 τοι

237 476 384 518 πάντα
420 472 558 523 οὕτως
591 474 688 517 ἔοικ’
731 479 840 530 ἔχειν
875 475 929 516 τὰ
967 474 1253 528 ἀνθρώπινα.

338 542 436 582 ΚΛ.
474 542 561 582 Τοῦ
598 539 650 591 δὴ
688 545 778 594 πέρι
816 543 969 594 λέγειςς

341 608 434 648 116).
457 603 665 660 ’Έμελλον
702 609 855 657 λέὶειν,
900 625 957 656 ως
998 603 1137 654 οὐδείς
1173 621 1276 646 ποτε
1311 603 1568 660 ἀνθρώπων

238 673 365 715 οὐδὲν
414 675 674 726 νομοθετεῖ,
723 688 849 727 τυχαι
893 675 937 714 δὲ
983 689 1055 714 και
1100 672 1321 728 ξυμφοραὶ
1361 679 1569 712 παντοῖαι

237 742 474 780 πίπτουσαι
509 742 725 788 παντοίως
761 740 1055 791 νομοθετοῦσι
1103 753 1157 778 τα
1194 736 1341 778 πάντα
1377 734 1492 790 ἡμῖν.
1543 734 1569 787 ἢ

328 825 411 865 Cap·
437 822 498 856 IV.
548 822 587 854 E.
617 821 803 854 ἐπανιὼν
834 824 903 854 καὶ
927 822 1116 864 σκοπῶν]
1169 822 1226 854 Sic
1256 823 1333 854 Par.
1362 823 1398 855 A.
1425 826 1458 853 et
1482 831 1569 853 corr.

237 870 284 900 Ω.
309 879 384 900 cum
416 869 516 899 Voss.
546 877 578 899 x.
609 867 804 909 Legebatur
829 868 907 900 olim
933 869 1088 901 ἐπαινῶν.

329 913 483 953 σχεδὸν
507 911 588 954 γάρ
614 924 686 943 τοι
711 912 872 953 πάντα]
898 913 1094 944 Bekkerus:
1133 912 1224 949 ‚lino
1249 909 1314 953 γάρ
1339 924 1383 941 ιι.
1393 910 1418 927 ‘
1444 908 1512 941 Sed
1543 919 1568 939 ν.

238 968 312 990 ann.
339 958 380 991 ad
407 957 589 998 Protagor.
616 968 646 1000 p.
664 957 743 991 346.
759 957 796 988 C.
824 958 906 989 Dein
933 954 1008 988 ἔοικ’
1033 967 1093 999 pro
1120 956 1222 986 ἔοικεν
1247 956 1323 988 Par.
1351 958 1389 987 A.
1416 959 1450 986 et
1464 964 1568 995 marg

238 1004 286 1035 Ω.
333 1003 435 1036 iidem
463 1003 536 1037 libri
563 1013 624 1044 pro
649 1001 872 1045 τάνθρώπινα
895 1002 1019 1035 habent
1050 1002 1087 1034 τὰ
1117 998 1335 1043 ἅνθρώηιιῃα
1385 1000 1571 1040 Utrumque

238 1049 390 1090 restitui,
417 1057 622 1090 quamquam
652 1048 826 1080 Bekkerus
852 1048 895 1080 de
920 1048 1112 1089 posteriore
1137 1048 1303 1088 scriptura
1329 1045 1405 1077 nihil
1428 1045 1568 1077 monuit.

238 1126 325 1157 quae
350 1115 402 1147 liic
426 1115 658 1155 disseruntur,
687 1117 788 1157 longe
812 1115 872 1147 ali-

237 1166 290 1194 ter
319 1166 422 1202 atque
453 1161 519 1192 illic
558 1165 754 1203 comparata
794 1161 871 1199 sint,

238 1211 309 1238 tum
335 1216 377 1238 ne
402 1209 562 1247 tyrannus
577 1205 712 1247 quidem
734 1205 777 1238 ad
791 1215 871 1247 per.—

237 1251 321 1283 fecti
346 1251 512 1292 sapientis
542 1250 795 1283 similitudinem
820 1250 870 1282 in-

238 1296 414 1329 formatur.
465 1295 601 1328 Etenim
643 1295 694 1328 hic
735 1295 869 1337 quidem

239 1341 342 1373 Plato
370 1341 452 1372 nihil
478 1342 569 1373 aliud
593 1341 655 1372 sibi
679 1342 872 1382 proposuit,

239 1386 300 1418 nisi
335 1385 414 1423 hoc,
451 1390 489 1417 ut
523 1386 630 1427 qualis
663 1387 872 1428 reipublicae

236 1432 346 1464 forma
386 1436 420 1463 et
449 1431 557 1471 qualis
589 1432 719 1472 tyranni
753 1435 872 1463 natura

235 1480 337 1517 atque
365 1475 497 1507 indoles
526 1477 745 1515 legumlatori
775 1478 872 1518 leges

236 1531 316 1552 suas
340 1521 370 1552 in
397 1531 508 1553 veram
531 1522 676 1561 aliquam
695 1522 868 1554 civitatem

236 1566 470 1598 introductus-0
487 1567 632 1598 maxime
648 1567 808 1608 optabilis
826 1567 871 1598 vi-

237 1611 311 1643 deri
337 1610 496 1650 deberet,
532 1612 647 1652 paucis
674 1616 870 1652 exponeret.

238 1657 321 1687 Vult
346 1656 446 1696 igitur
478 1665 554 1687 eum
586 1666 663 1687 esse
688 1657 794 1688 virum
823 1656 872 1687 iu·

238 1700 339 1742 genio
387 1701 577 1740 valentem,
622 1704 871 1742 temperantem

238 1750 342 1785 atque
367 1744 505 1784 fortem,
531 1745 743 1787 eundemque
769 1748 873 1778 etiam

239 1790 312 1822 eius
327 1790 516 1831 sapientiae
531 1800 690 1831 capacem
711 1795 745 1822 et
759 1801 874 1823 aman-

239 1839 322 1874 tem,
348 1845 447 1876 quam
475 1836 568 1876 leges
593 1836 763 1876 sapienter
783 1836 872 1868 scri-

239 1884 317 1921 ptae
342 1880 512 1922 propriam
539 1880 603 1911 sibi
617 1880 771 1914 habeant.
800 1880 870 1912 Sed

238 1925 347 1957 multo
378 1930 492 1957 tamen
533 1925 693 1957 maiorem
727 1936 768 1958 ac
806 1927 876 1958 lau-

240 1970 440 2002 dabiliorem
468 1979 543 2002 eum
567 1969 640 2002 fore
660 1972 721 2011 ait,
748 1971 775 2003 si
802 1971 877 2012 ipse

241 2016 435 2056 ea‘polleat
459 2015 635 2056 sapientia,
661 2026 760 2056 quam
779 2016 878 2048 aliter

240 2071 260 2092 a
288 2061 513 2101 legunilalore
545 2064 700 2100 tanquam
728 2066 875 2094 mutuam

240 2105 365 2137 civitati
391 2115 570 2137 assumere
590 2105 725 2137 debeat.
754 2107 876 2147 Itaque

242 2150 352 2182 omnia
393 2150 490 2182 vides
529 2150 687 2191 prudenti
734 2152 875 2184 consilio

241 2196 285 2226 ita
311 2205 389 2226 esse
413 2195 604 2237 disputata,
630 2201 667 2227 ut
692 2197 807 2237 operis
832 2196 875 2228 de

241 2240 391 2281 Legibus
421 2241 540 2281 scripti
570 2242 719 2272 consiliis
754 2246 788 2273 et
819 2252 872 2273 ra-

240 2284 390 2317 tionibus
415 2286 553 2326 egregie
578 2287 789 2318 conveniant.

283 2329 643 2371 περὶνομοθετῶν
664 2329 871 2370 ἐπανιὼν]

239 2373 297 2405 sic
322 2373 421 2408 codd.
454 2385 533 2407 mss.
569 2375 720 2416 plerique
754 2386 873 2407 omnes

239 2428 301 2461 pro
333 2421 470 2460 vulgato
504 2421 657 2452 ἐπαινῶν.
708 2424 752 2452 At
776 2421 872 2452 nimi-

240 2473 314 2495 rum
340 2468 564 2505 posteaquam
591 2464 634 2497 de
648 2466 721 2503 aljis
736 2466 872 2506 quibus-

243 2507 319 2540 dum
346 2508 448 2540 rebus
479 2510 670 2564 expos'itum
705 2515 777 2548 est,
807 2512 872 2544 iam

234 2550 318 2585 'inde
340 2563 360 2586 a
383 2553 493 2586 verbis
516 2550 589 2585 ἀλλ’
610 2553 705 2597 ὅμως
726 2555 800 2589 ἐστὶ
821 2568 875 2587 νο·

241 2599 440 2652 μοθεσία-
458 2597 667 2631 τελεώτατον
690 2598 781 2642 πρός
799 2600 875 2644 α’ρε-

242 2641 302 2683 τὴν
326 2639 455 2688 ἀνδρῶν
480 2645 664 2677 revertitur
681 2645 722 2677 ad
748 2647 876 2687 legum-

942 1114 1162 1153 lationem3id
1176 1113 1268 1155 quod
1284 1111 1447 1144 indicatur
1466 1111 1569 1143 verbo

941 1158 1094 1192 ἐπανιών.
1133 1159 1200 1193 Qui
1225 1160 1366 1190 ἐπαινῶν
1391 1157 1570 1198 scripsere,

940 1207 960 1238 ii
987 1206 1141 1238 videntur
1166 1205 1311 1236 moleste
1337 1204 1456 1234 tulisse
1480 1201 1570 1234 istud

939 1251 1016 1292 περὶ
1043 1250 1241 1291 νομοθετῶν
1274 1246 1438 1285 ἐπαιιών,
1474 1246 1569 1278 ideo—

938 1306 1004 1337 que
1028 1296 1197 1336 respectis
1214 1294 1324 1325 verbis
1345 1291 1570 1334 antegressis.

939 1338 1146 1372 τελεώτατον
1182 1338 1265 1381 πρὸς
1294 1336 1435 1379 ἀρετήν,
1470 1346 1570 1378 repo-

939 1386 1047 1418 suisse
1075 1385 1230 1416 suanam.
1285 1387 1328 1416 At
1359 1381 1433 1424 περὶ
1465 1392 1570 1422 νομο-

940 1431 1071 1469 θετῶν,
1101 1434 1137 1461 ut
1161 1430 1269 1461 minus
1293 1427 1474 1461 commode
1498 1427 1571 1458 iun-

938 1481 1038 1516 gatur
1070 1484 1145 1506 curn
1171 1472 1328 1512 ἐπανιών,
1360 1478 1472 1504 tamen
1497 1481 1572 1503 cum

938 1522 1066 1552 σκοπῶν
1090 1520 1138 1551 ita
1162 1519 1316 1550 connecti
1333 1518 1424 1557 licet,
1438 1521 1474 1549 ut
1490 1517 1570 1547 ἐνια-

936 1563 1011 1596 νιών
1031 1561 1175 1606 'putetur
1206 1562 1260 1594 διά
1294 1566 1399 1605 μέσου
1423 1563 1572 1603 positum

940 1620 1025 1642 esse.
1064 1609 1167 1640 Cuius
1202 1613 1394 1640 structurae
1418 1608 1574 1647 exempla

940 1654 1141 1695 collegimus
1172 1653 1216 1685 ad
1241 1652 1414 1684 Phaedon.
1453 1663 1483 1692 p.
1516 1650 1570 1685 94.

941 1700 980 1732 Ι).
1021 1700 1232 1739 collegerunt
1275 1699 1374 1730 etiam
1418 1695 1574 1727 Lobec-

940 1745 1036 1776 kius
1065 1743 1110 1774 ad
1134 1743 1296 1785 Sopliocl.
1318 1743 1419 1774 Aiac.
1445 1751 1475 1772 v,
1491 1740 1570 1775 475.

940 1787 1275 1821 etMattliiaeGr.
1290 1788 1383 1828 Gr§.
1395 1786 1474 1821 428.
1483 1785 1515 1819 2.
1529 1803 1571 1811 -·-

940 1833 1008 1865 καὶ
1036 1834 1214 1875 φαῦλον,
1247 1833 1465 1865 admodum
1491 1831 1572 1862 vul-

939 1889 1041 1920 gare
1072 1878 1284 1933 quiddam.
1321 1896 1363 1901 —
1395 1880 1574 1920 πρᾶγμα

943 1923 1069 1956 οὐδὲν
1093 1919 1278 1965 γίγνοιτ’
1308 1919 1357 1953 ἂν
1381 1922 1574 1963 ἔτι,11υ[-

944 1970 985 2002 la
1014 1968 1108 2003 inde
1149 1968 1411 2000 redundabit
1445 1967 1573 1999 mole—

944 2015 1040 2051 stia,
1066 2014 1132 2052 vel,
1156 2014 1260 2045 nihil
1287 2013 1456 2049 reseret
1488 2010 1573 2043 For-

945 2060 1082 2097 mulum,
1107 2056 1204 2089 οὐδὲν
1229 2056 1369 2101 πρᾶγμά
1393 2058 1500 2096 ἐστιν,
1533 2056 1574 2087 il-

943 2103 1160 2136 lustravimus
1190 2104 1232 2136 ad
1263 2101 1446 2144 Eutlryplir.
1481 2112 1512 2143 p.
1542 2100 1576 2134 3.

943 2149 982 2181 C.
1013 2154 1047 2180 et
1073 2148 1211 2180 laclnet.
1241 2159 1273 2201 p.
1316 2148 1394 2182 200.
1423 2149 1469 2179 A
1499 2147 1573 2178 illu—

942 2195 1062 2226 stravit
1080 2193 1198 2226 itemH
1212 2192 1390 2236 eindJorf.
1412 2192 1572 2232 adHipp.

942 2240 1020 2271 mai.
1041 2249 1071 2279 p.
1088 2238 1165 2274 291.
1189 2242 1225 2272 A.
1246 2237 1353 2281 Gorg.
1380 2250 1411 2280 p.
1431 2237 1510 2272 447.
1531 2237 1572 2269 B.

986 2285 1130 2314 καίτοι
1161 2284 1204 2314 τί
1225 2296 1326 2316 ποτε
1355 2285 1572 2326 &vegeval-

940 2329 1032 2370 νως]
1069 2339 1318 2369 quamquam
1357 2330 1455 2371 quid
1488 2336 1574 2363 tan-

941 2373 1030 2406 dem
1065 2374 1115 2413 (in
1140 2374 1215 2406 lnac
1241 2374 1301 2416 re)
1328 2385 1454 2417 aegre
1469 2375 1573 2415 fero,

943 2424 984 2451 ut
1020 2418 1126 2451 adeo
1170 2419 1316 2451 videar
1354 2422 1439 2454 vile
1470 2421 1570 2462 quid

945 2465 1139 2496 dicturus
1167 2474 1276 2502 esse,
1309 2465 1454 2499 sieam
1481 2476 1571 2508 pro-

945 2508 1096 2542 feram?
1337 2542 1344 2547 .

990 2553 1029 2586 P.
1053 2554 1128 2588 709.
1157 2552 1365 2598 ἀνέτρεψε
1390 2555 1573 2586 πολιτεί-

946 2598 1003 2641 ας]
1031 2599 1081 2631 De
1105 2609 1167 2631 usu
1191 2600 1307 2632 aoristi
1332 2610 1362 2631 v.
1388 2600 1432 2632 ad
1456 2600 1574 2643 Symp.

948 2655 978 2686 p.
1004 2643 1082 2679 188.
1112 2644 1151 2676 B.
1180 2646 1222 2677 al.
1271 2645 1354 2677 Mox
1378 2646 1479 2678 verba
1504 2647 1573 2678 λοι-
