1612 2872
318 832 1076 912 ARGUMENTUM

480 974 660 1010 {annu
697 973 903 1009 Palm.

25 1147 306 1224 lnducuntur
348 1181 394 1223 in
432 1180 500 1223 his
531 1179 652 1223 libris
686 1195 710 1222 a
742 1180 925 1222 Platone
954 1184 1045 1220 tres
1075 1191 1201 1219 senes
1229 1175 1285 1217 de
1317 1177 1379 1218 ci-

25 1239 235 1281 vitatibus
277 1237 536 1295 legibusque
584 1237 881 1294 disputantes.
932 1235 1099 1278 Clinias
1139 1232 1380 1288 Cretensis,

23 1295 235 1353 Megillus
259 1295 635 1337 Lacedaemonius
659 1301 702 1336 et
718 1295 874 1337 tertius
896 1292 1180 1335 Atheniensis
1200 1291 1380 1347 hospes,

25 1353 150 1395 cuius
182 1352 262 1395 sub
292 1367 481 1409 persona
499 1351 541 1452 *Β
587 1353 714 1394 Plato
746 1367 870 1395 suam
890 1352 984 1408 ipse
1003 1349 1178 1392 videtur
1207 1355 1382 1391 senten-

25 1410 130 1453 tiam
153 1408 455 1452 declaravisse.
533 1409 575 1451 {i
610 1410 655 1451 in
685 1409 817 1452 Creta
844 1409 987 1451 insula
1015 1405 1208 1464 pedestri
1226 1406 1381 1448 itinere

25 1482 51 1509 a
88 1465 242 1510 Gnoso
282 1466 388 1509 urbe
431 1465 486 1508 ad
527 1473 698 1508 antrum
742 1466 1040 1522 templumque
1080 1463 1199 1507 Iovis
1246 1463 1382 1520 profi-

25 1524 262 1578 ciscuntur,
295 1524 535 1580 crebroque
555 1524 671 1567 inter
689 1524 803 1566 viam
825 1523 1131 1577 consistentes,
1161 1520 1382 1563 interdum

26 1581 155 1624 etiam
179 1582 505 1637 requiescentes
536 1581 580 1623 in
612 1581 926 1624 amoenissimis
964 1580 1100 1638 pratis
1130 1584 1174 1621 et
1204 1593 1383 1634 cupres-

27 1638 156 1693 setis,
198 1639 343 1681 varios
385 1639 569 1681 miscent
608 1654 830 1681 sermones
871 1654 922 1681 ac
960 1652 1079 1680 more
1111 1636 1238 1679 senili
1267 1636 1382 1678 inter

27 1710 72 1737 se
113 1695 166 1738 de
213 1695 385 1752 optimis
434 1695 473 1737 le
508 1695 606 1738 ibus
655 1695 978 1752 colloquuntur.
1060 1692 1229 1738 Clinias
1263 1693 1382 1735 enim

28 1750 252 1798 Cretensis
280 1767 412 1808 quum
495 1754 730 1810 agnesiam,
762 1754 816 1796 ab
856 1752 1010 1796 incolis
1042 1751 1133 1794 suis
1164 1751 1377 1805 relictam,

27 1807 294 1851 deducturus
333 1817 451 1851 esset
494 1810 732 1864 coloniam,
784 1824 1034 1866 novamque
1082 1809 1144 1852 ibi
1192 1807 1381 1850 condere

27 1864 159 1905 vellet
188 1865 407 1906 civitatem
436 1866 513 1920 **),
545 1866 654 1908 nihil
683 1868 880 1923 profecto
910 1866 1051 1924 magis
1081 1865 1221 1908 videri
1251 1865 1382 1908 debet

27 1920 224 1976 potuisse
265 1927 417 1976 optare
456 1921 539 1964 hoc
577 1928 794 1979 tempore,
846 1939 978 1979 quam
1016 1928 1067 1964 ut
1110 1921 1277 1976 aliquid
1327 1921 1381 1964 de

29 1977 346 2021 constituendis
375 1978 505 2021 rebus
544 1979 730 2036 publicis
762 1986 891 2035 atque
940 1980 982 2022 le
1016 1979 1113 2022 ibus
1151 1979 1381 2021 civitatum

28 2033 222 2090 audiret,
260 2044 310 2077 ut
348 2035 502 2077 mirum
533 2051 623 2079 non
654 2037 725 2091 sit,
757 2037 887 2079 etiam
917 2037 964 2078 in
1024 2051 1077 2078 oc
1107 2036 1261 2078 itinere
1291 2050 1383 2079 ser-

28 2106 198 2135 monem
237 2091 292 2134 ad
329 2092 408 2134 has
438 2093 714 2149 potissimum
752 2109 822 2136 res
853 2093 1042 2136 delatum
1073 2107 1181 2136 esse.
1240 2093 1382 2136 Duci-

27 2153 100 2190 tur
128 2155 270 2191 autem
299 2149 562 2206 colloquium
595 2164 620 2192 a
643 2149 916 2194 Cretensium
947 2157 989 2193 et
1008 2149 1382 2194 Lacedaemonio-

29 2220 124 2270 rum
154 2205 345 2264 legibus,
387 2207 546 2264 quibus
577 2208 854 2266 gymnastica
884 2214 928 2250 et
955 2208 1059 2250 belli
1089 2207 1282 2251 studium
1311 2209 1379 2251 in-

29 2263 178 2319 primis
207 2263 611 2317 commendabatur3
646 2265 762 2307 unde
803 2271 948 2308 tamen
978 2281 1080 2308 mox
1109 2265 1162 2307 ab
1193 2265 1379 2308 Atheni-

32 2333 133 2362 ense
174 2319 231 2362 ad
267 2320 378 2375 festa
402 2327 458 2364 'et
499 2321 705 2378 choreas,
736 2322 793 2365 ad
822 2323 1069 2378 Bacchum,
1109 2322 1293 2378 Musas,
1334 2330 1379 2366 et

32 2376 298 2432 Apollinem,
329 2378 609 2422 convertitur.

99 2546 137 2589 ²⁸¹)
165 2557 218 2626 svi-
239 2547 426 2593 Diogen.
460 2551 600 2587 Laert.
633 2551 694 2586 ΙΙΙ.
727 2551 783 2588 33.
815 2559 849 2586 et
880 2561 969 2596 quae
1005 2554 1042 2585 in
1074 2552 1243 2595 Prolegg.
1268 2561 1378 2595 expo·

209 2605 310 2630 imus.

73 2661 130 2703 ³⁸⁸)
161 2673 193 2699 v,
218 2663 315 2697 mbr.
343 2664 399 2699 ιιι.
422 2675 455 2708 p.
481 2665 559 2702 702.
585 2667 626 2700 Β.
650 2685 695 2692 -
719 2666 763 2699 1⁴2.

1035 2727 1053 2765 l
1088 2726 1111 2750 a
