1612 2872
527 95 698 140 LIBRI
729 94 955 138 TERTH.
1330 97 1415 140 243

57 212 187 256 etiam
216 210 433 254 universis
473 210 725 253 civitatibus
765 220 866 251 ante
906 207 1052 251 omnia
1088 206 1136 250 id
1173 212 1244 250 est
1278 221 1412 264 agen-

56 269 178 324 dum,
209 274 258 311 ut
277 267 622 324 sapientiam
651 267 963 309 nanciscantur
985 266 1049 322 (p.
1078 265 1174 307 687.
1203 265 1257 308 Ε.
1290 269 1411 315 ὅπως

57 328 166 369 νοῦν
205 325 322 379 ἕξει).
389 323 466 367 Ad
504 324 634 367 huius
674 324 812 380 igitur
852 338 1046 366 normam
1086 327 1222 377 atque
1268 322 1412 380 legem

91 382 251 425 rudens
294 381 441 439 legum
482 381 685 424 conditor
731 386 857 438 reget
894 386 940 422 et
977 385 1210 445 componet
1254 381 1412 422 omnia.

58 399 142 483 {ast
182 440 296 481 enim
343 454 395 480 ea
433 453 522 481 una
558 439 603 480 in
651 439 770 480 omni
808 437 953 494 legum
1002 437 1238 492 scriptione
1275 437 1414 480 virtus

58 497 188 554 longe
228 496 414 538 maxima
455 502 498 538 et
527 501 770 538 ceterarum
811 494 938 549 quasi
969 493 1060 534 dux
1096 500 1140 535 et
1168 494 1320 550 regina
1348 494 1414 550 (p.

60 555 159 596 688.
202 555 310 595 A—
322 551 411 607 C..)
484 553 640 607 Itaque
681 566 838 595 caussa
866 551 1068 593 interitus
1099 565 1334 616 regnorum
1365 551 1416 593 il-

58 611 198 653 lorum
221 625 307 652 non
337 609 419 651 fuit
448 608 624 674 ignavia
653 615 730 651 aut
760 624 902 650 rerum
934 608 1187 650 bellicarum
1218 608 1416 660 inscitia3

59 668 145 710 imo
183 665 422 722 repetenda
462 672 530 731 est
572 666 785 730 imprimis
816 681 842 706 a
871 664 1113 730 sapientiae
1143 665 1418 731 neglectique

60 730 106 767 et
141 738 285 766 rerum
324 723 676 788 gravissimarum
715 722 1004 788 ignoratione.
1067 719 1274 764 Cernitur
1303 724 1418 765 enim

59 781 248 824 maxima
286 780 462 823 inscitia
500 786 545 822 et
584 776 846 837 gravissima
884 778 1136 843 ignorantia
1174 779 1219 820 in
1264 794 1337 834 eo,
1369 787 1420 822 ut

61 839 159 894 quis
200 833 319 893 quod
358 836 590 879 honestum
641 837 892 891 bonumque
932 850 1030 878 esse
1076 834 1222 890 videt,
1270 842 1419 879 tamen

60 910 151 937 non
190 899 390 951 expetat,
433 893 511 936 sed
550 894 698 949 potius
730 903 977 946 aversetur,
1020 899 1064 934 et
1093 898 1266 947 contra,
1299 894 1421 949 quod

60 958 187 1008 turpe
227 957 296 994 est
333 957 377 993 et
413 950 717 1005 inhonestum,
758 950 806 992 id
845 956 1006 992 temere
1036 949 1326 1015 amplectatur
1356 959 1420 994 at—

65 1023 151 1064 que
190 1013 396 1051 sectetur.
457 1006 598 1051 Cuius
637 1008 701 1049 rei
745 1021 901 1050 caussa
937 1007 1052 1049 inest
1089 1006 1133 1048 in
1163 1007 1346 1050 rationis
1377 1016 1422 1051 et

63 1064 318 1122 cupiditatis
358 1064 592 1109 discordia.
659 1065 817 1120 Itaque
873 1063 1025 1105 ultima
1083 1070 1216 1128 atque
1253 1079 1422 1107 summa

63 1123 240 1165 inscitia
276 1128 370 1164 tum
399 1122 638 1176 reperitur,
682 1137 815 1177 quum
845 1121 1014 1163 animus
1044 1121 1174 1163 rectis
1204 1122 1421 1178 opinioni-

66 1180 166 1234 bus,
198 1179 314 1221 veris
343 1178 539 1233 iudiciis,
574 1178 762 1233 denique
793 1179 926 1220 menti
958 1183 1003 1219 et
1032 1177 1212 1231 rationi,
1253 1179 1323 1221 cui
1354 1186 1422 1221 to-

65 1237 156 1278 tius
194 1235 380 1279 hominis
419 1242 641 1291 tamquam
670 1235 898 1291 imperium
929 1234 1134 1288 debetur,
1176 1234 1238 1276 ita
1267 1235 1423 1278 adver·-

60 1300 203 1347 satur,
238 1299 287 1334 ut
315 1292 400 1349 ipsi
430 1308 518 1334 non
548 1308 616 1346 eo,
647 1307 734 1348 quo
766 1291 893 1334 decet
922 1291 1068 1346 modo,
1091 1291 1271 1334 obedire
1301 1293 1422 1335 velit

68 1352 218 1406 Atque
257 1349 342 1392 hoc
378 1350 525 1406 ipsum
564 1349 694 1392 etiam
739 1349 793 1391 de
824 1348 1000 1391 civitate
1038 1349 1102 1390 ita
1131 1348 1316 1392 iudicari
1347 1349 1424 1392 de-

67 1408 156 1450 bet.
223 1406 277 1448 In
319 1421 408 1461 qua
450 1422 583 1473 quum
620 1421 781 1463 magna
821 1406 973 1462 populi
1010 1405 1246 1448 multitudo
1285 1407 1426 1450 instar

68 1465 126 1507 sit
169 1463 262 1505 eius
302 1463 431 1505 animi
453 1465 622 1520 partis,
657 1478 767 1519 quae
797 1463 931 1506 habet
961 1478 1135 1506 sensum
1165 1463 1330 1506 doloris
1361 1471 1426 1509 at-

70 1536 156 1577 que
194 1520 456 1576 voluptatis,
508 1535 783 1586 consequens
823 1526 919 1574 est,
959 1520 1146 1562 maxima
1183 1521 1323 1576 ipsam
1364 1522 1426 1563 la-

69 1579 322 1621 boraturam
352 1592 446 1620 esse
476 1578 679 1632 inscitia,
711 1577 851 1620 sicubi
881 1592 1041 1633 magna
1070 1577 1306 1620 multitudo
1337 1593 1427 1620 ma-

70 1634 327 1692 gistratibus
365 1642 498 1689 atque
539 1634 709 1691 legibus
751 1634 937 1699 publicis
979 1649 1068 1676 non
1108 1639 1234 1690 paret
1274 1641 1319 1676 et
1349 1636 1427 1678 ob-

71 1697 299 1747 temperat.
367 1692 453 1734 Est
491 1707 596 1734 vero
641 1691 749 1733 haec
777 1691 954 1734 inscitia
984 1697 1028 1733 et
1057 1691 1310 1748 ignorantia
1338 1699 1429 1734 tam

72 1748 325 1791 civitatibus
357 1764 487 1803 quam
517 1749 701 1806 singulis
732 1748 980 1791 hominibus
1010 1748 1141 1806 longe
1172 1749 1430 1804 turpissima

75 1804 288 1859 affertque
326 1804 379 1847 iis
419 1805 555 1847 multo
594 1806 694 1860 plus
725 1804 977 1859 dedecoris,
1009 1820 1139 1860 quam
1170 1806 1207 1848 si
1236 1807 1280 1847 in
1312 1821 1430 1849 com-

75 1861 278 1903 munibus
309 1861 423 1902 vitae
441 1862 630 1918 negotiis
650 1869 694 1902 et
723 1862 888 1904 artibus
906 1862 1164 1927 vulgaribus
1183 1863 1428 1905 tractandis

77 1917 278 1974 imperite
317 1925 561 1960 versantur.
630 1917 715 1959 Cui
746 1919 820 1972 qui
849 1924 952 1960 sunt
985 1918 1123 1959 dediti
1152 1919 1266 1959 inter
1296 1920 1430 1974 cives,

77 1975 132 2017 iis
162 1981 278 2017 certe
309 1974 432 2028 nihil,
465 1973 585 2030 quod
614 1973 671 2016 ad
700 1974 1014 2039 rempublicam
1043 1975 1281 2039 pertineat,
1315 1989 1432 2018 com-

79 2030 338 2073 mittendum
379 2045 570 2086 unquam
610 2037 699 2085 est,
747 2031 1025 2084 quantumvis
1052 2031 1098 2072 in
1129 2032 1434 2088 computandis

79 2088 268 2131 numeris
304 2088 634 2153 tractandisque
677 2087 889 2130 similibus
919 2088 1109 2144 negotiis
1138 2088 1270 2146 longe
1300 2090 1435 2131 maxi-

81 2161 150 2187 me
196 2145 284 2187 sint
325 2145 565 2188 exercitati
626 2144 802 2200 Quippe
833 2145 919 2186 illis
949 2145 1047 2187 unis
1077 2145 1259 2187 salutem
1289 2147 1434 2201 publi-

82 2216 177 2244 cam
219 2202 430 2244 committi
471 2208 815 2244 consentaneum
854 2200 1050 2255 videtur,
1094 2202 1170 2256 qui
1208 2202 1275 2258 1(1,
1315 2203 1434 2258 quod

84 2258 244 2300 bonum
273 2264 355 2313 est,
386 2266 430 2301 et
458 2265 578 2301 recte
609 2259 811 2300 noverint
839 2266 883 2300 et
911 2265 1163 2301 constanter
1180 2234 1434 2315 seqiiantur,

83 2314 255 2357 etiamsi
286 2316 562 2371 ceteroquin,
604 2315 734 2358 sicuti
771 2316 816 2356 in
846 2315 1091 2371 proverbio.
1109 2322 1196 2370 est,
1236 2332 1318 2359 nec
1347 2317 1435 2359 ele-

85 2381 232 2414 menta
270 2371 511 2415 litterarum
541 2373 686 2430 legere
717 2387 799 2414 nec
828 2378 978 2414 natare
1009 2348 1256 2417 didicerint
1316 2374 1434 2416 Nam

86 2428 230 2470 animo
271 2443 416 2471 secum
455 2429 552 2485 ipso
594 2428 863 2471 discordanti
905 2444 959 2470 ne
999 2429 1217 2475 tantillum
1257 2430 1437 2485 quidem

85 2484 324 2540 sapientiae
354 2487 577 2550 proprium
608 2500 703 2528 esse
734 2491 902 2551 potest,
945 2485 1298 2553 quandoquidem
1328 2488 1437 2529 haec

85 2541 459 2606 praestantissima
495 2543 636 2586 virtus
678 2558 767 2585 non
805 2542 851 2584 in
888 2542 973 2585 alia
999 2558 1046 2586 re
1075 2544 1162 2586 nisi
1190 2545 1237 2586 in
1267 2544 1438 2610 pulcerw

85 2598 195 2640 rima
233 2598 362 2640 animi
414 2599 649 2642 concordia
698 2599 954 2643 continetur.
1021 2599 1167 2654 Quam
1205 2602 1281 2666 qui
1318 2601 1438 2643 intus

87 2655 133 2697 in
189 2669 236 2698 se
283 2656 420 2711 gerit,
473 2656 601 2701 etiam
642 2656 801 2699 rationi
841 2658 1154 2700 convenienter
1191 2658 1322 2706 vivit3
1364 2657 1436 2712 qui

1073 2737 1174 2778 16*
