1612 2872
228 108 408 152 LXXII
654 102 1132 169 PROLEGOMENA

233 218 404 273 quidem
442 217 660 259 hominum
699 216 902 257 societate
940 214 985 256 id
1026 229 1112 256 non
1151 212 1284 255 videri
1329 227 1456 268 posse
1487 229 1556 256 ac-

233 274 392 327 cidere,
427 273 511 314 nisi
541 270 748 326 singulari
779 269 966 324 quodam
992 268 1138 311 divino
1159 283 1330 311 munere
1361 283 1411 311 ac
1427 270 1556 312 bene-

232 329 354 382 ficio,
404 329 486 369 hoc
516 333 582 367 est
611 332 686 367 aut
714 326 927 367 rarissime
958 331 1033 366 aut
1062 325 1152 366 fere
1182 339 1411 379 nunquam.
1471 325 1557 367 Cu-

233 386 299 426 ius
338 384 399 425 rei
449 396 662 424 caussam*
693 382 736 422 in
785 395 835 422 eo
879 381 1063 436 positam
1100 394 1194 422 esse
1233 389 1401 432 censet,
1443 381 1558 435 quod

233 439 493 494 reipublicae
535 436 898 478 administrandae
941 437 1049 477 ratio
1092 441 1132 477 et
1171 434 1443 490 philosophia
1471 437 1558 477 fere

235 510 259 536 a
289 509 334 536 se
352 493 534 534 invicem
555 491 701 534 divelli
721 506 772 533 ac
802 492 928 547 plane
958 492 1125 546 seiungi
1155 491 1336 543 soleant,
1357 491 1559 545 quodque

235 550 287 601 ii,
314 549 388 602 qui
427 547 571 589 indole
611 547 664 589 ad
689 547 1005 602 philosophiam
1037 547 1211 603 egregia
1246 547 1334 587 sint
1362 546 1560 601 praediti,

234 604 486 660 plerumque
525 618 551 644 a
578 610 696 644 recto
725 604 932 658 sapientis
951 603 1064 644 vitae
1094 602 1263 643 tramite
1282 601 1559 643 abducantur.

235 661 302 701 De
342 673 428 713 qua
465 658 679 700 sententia
718 675 757 700 v.
789 659 912 714 Reip.
945 658 1066 700 Libr.
1096 658 1151 699 V.
1183 673 1224 712 p.
1255 659 1350 698 471.
1383 656 1433 699 C.
1465 673 1560 712 sqq.

235 731 277 770 p.
306 715 402 756 472.
435 715 490 757 D.
521 714 572 754 E.
604 714 684 755 VI.
716 729 755 769 p.
786 716 882 756 489.
913 714 969 757 D.
1001 728 1094 768 sqq.
1126 715 1220 756 496.
1260 715 1316 753 A.
1341 728 1435 767 sqq.
1466 715 1561 754 497.

236 771 290 812 A.
332 784 427 824 sqq.
458 775 503 811 et
532 785 573 824 p.
605 771 701 812 501.
733 770 783 813 E.
814 783 908 824 sqq.
951 769 1025 810 ubi
1055 768 1170 810 hunc
1199 768 1287 809 fere
1315 769 1359 808 in
1389 769 1562 810 modum

235 825 458 869 concludit
498 824 854 880 disputationem:
915 824 1089 877 „Haud
1130 838 1232 866 sane
1263 830 1352 876 est,
1407 824 1561 879 inquit,

236 895 311 922 cur
340 881 434 922 fieri
474 895 604 935 posse
654 895 873 936 negemus,
915 886 964 922 ut
1004 894 1152 934 regum
1192 878 1269 920 filii
1317 878 1564 934 philosophi

237 936 431 978 existant.
501 935 613 976 Nam
651 935 754 977 licet
790 935 835 976 id
875 936 1089 977 rarissime
1132 935 1321 976 futurum
1361 936 1453 976 esse
1482 935 1564 975 lar-

236 992 426 1048 giamur,
477 996 619 1035 tamen
669 991 866 1032 accidere
913 989 1142 1044 aliquando
1192 996 1355 1045 potest3
1407 997 1450 1030 et
1496 991 1564 1031 vel

237 1061 364 1099 unus,
393 1046 430 1087 si
462 1045 632 1100 quando
667 1047 878 1098 extiterit,
923 1046 967 1087 id
998 1046 1154 1100 poterit
1183 1045 1376 1097 efficere,
1420 1054 1469 1086 ut
1506 1047 1565 1087 ci-

236 1103 436 1154 vitatem,
478 1102 646 1155 qualem
687 1117 765 1143 nos
805 1107 1029 1155 optamus,
1066 1102 1109 1142 in
1159 1101 1297 1155 ipsam
1346 1101 1564 1142 hominum

237 1157 368 1199 vitam
413 1156 673 1198 introducat.
751 1157 968 1210 Quocirca
1014 1157 1141 1198 etiam
1180 1155 1287 1197 illud
1334 1171 1447 1198 nunc
1493 1156 1566 1197 de-

238 1218 521 1255 monstratum
561 1218 653 1265 est,
706 1212 823 1266 quod
860 1218 981 1253 antea
1027 1212 1327 1264 dubitabatur,
1383 1212 1566 1253 existere

238 1282 367 1324 posse
406 1268 450 1308 in
490 1267 587 1322 ipsa
616 1267 835 1309 hominum
865 1269 952 1310 vita
982 1282 1076 1309 eam
1107 1282 1233 1321 quam
1264 1267 1567 1323 descripsimus

237 1323 558 1379 rempublicam,
589 1323 768 1366 sublatis
798 1324 867 1376 iis,
901 1338 1010 1378 quae
1038 1323 1123 1377 ipsi
1153 1323 1349 1374 obstant,
1389 1322 1568 1378 impedi-

238 1380 441 1420 mentis“·.
501 1378 622 1420 Haec
663 1380 675 1420 i
711 1379 797 1420 itur
834 1379 1134 1434 philosophus,
1195 1377 1318 1430 Quae
1357 1379 1453 1432 quis
1483 1393 1568 1419 non

238 1434 357 1476 videt
372 1439 533 1488 quanta
554 1449 650 1476 cum
679 1395 946 1476 dubitatione
970 1449 1020 1475 ac
1039 1448 1173 1489 prope
1193 1434 1255 1474 rei
1272 1433 1569 1487 desperatione

241 1489 462 1544 disputata
492 1489 607 1530 sint?
666 1490 767 1531 Non
810 1491 950 1531 minus
982 1496 1123 1530 autem
1153 1488 1403 1530 dubitanter
1431 1489 1569 1543 loqui-

240 1551 310 1586 tur
349 1545 470 1586 initio
509 1545 634 1586 istius
675 1545 1009 1600 disputationis,
1054 1545 1174 1586 Libr.
1218 1544 1273 1586 V.
1337 1575 1345 1583 .
1389 1546 1485 1586 471.
1516 1543 1567 1587 C.

240 1601 313 1642 ubi
343 1600 545 1643 Socrates
577 1615 602 1640 a
632 1599 857 1642 Glaucone
887 1601 1097 1652 monitus,
1139 1607 1188 1641 ut
1216 1605 1290 1640 tan
1323 1615 1388 1641 em
1418 1599 1571 1640 doceat

240 1656 368 1696 talem
402 1655 708 1710 rempublicam
738 1671 888 1697 revera
915 1670 1044 1711 posse
1075 1655 1305 1708 constitui,
1338 1654 1571 1710 respondet

240 1717 471 1766 protenus,
515 1710 617 1751 licet
655 1711 736 1753 hoc
766 1712 858 1752 fieri
887 1717 1097 1765 nequeat,
1138 1718 1279 1752 tam'en
1309 1710 1570 1765 praeclaram

242 1766 333 1808 fore
375 1781 467 1806 eam
507 1767 751 1820 civitatem,
796 1781 905 1821 quae
944 1767 997 1808 ad
1039 1767 1225 1821 speciem
1263 1766 1402 1819 illam,
1443 1780 1570 1819 quam

241 1822 334 1876 ipse
378 1820 673 1876 descrIpserit,
714 1823 908 1876 proxime
946 1822 1136 1863 accedat.
1206 1822 1417 1862 Nimirum
1446 1821 1570 1862 Plato

242 1877 458 1931 perfectae
502 1878 690 1930 speciem
733 1878 918 1920 civitatis
949 1893 1025 1933 per
1054 1892 1098 1920 se
1129 1877 1302 1931 quidem
1333 1883 1570 1931 spectatam

243 1947 330 1972 non
363 1932 536 1972 omnino
567 1933 694 1973 talem
727 1947 821 1974 esse
855 1932 1092 1986 iudicavit,
1126 1947 1234 1987 quae
1265 1933 1411 1988 perfici
1454 1932 1570 1974 nullo

242 2002 429 2041 unquam
467 1994 659 2042 tempore
689 1995 863 2043 posset,
896 2003 1153 2043 quamquam
1182 2003 1269 2029 rem
1299 1989 1427 2043 longe
1458 1987 1570 2029 diffi-

243 2042 441 2084 cillimam
490 2048 619 2096 atque
665 2043 926 2086 rarissimam
972 2045 1065 2085 fore
1114 2043 1332 2085 divinavit.
1410 2043 1572 2084 Habita

245 2103 385 2139 autem
424 2097 538 2139 vitae
579 2098 814 2152 humanae,
864 2100 1003 2153 qualis
1050 2114 1198 2140 revera
1238 2105 1365 2151 esset,
1406 2099 1569 2140 ratione

244 2152 478 2204 civitatem,
512 2167 638 2207 quam
670 2153 854 2196 finxerat
874 2155 1070 2196 omnibus
1099 2154 1284 2196 numeris
1315 2154 1569 2207 absolutam,

244 2208 286 2248 in
324 2207 390 2248 his
428 2208 554 2250 terris
603 2224 790 2263 unquam
842 2211 1071 2252 extituram
1124 2224 1219 2251 esse
1258 2209 1568 2265 propemodum

245 2262 503 2316 desperavit.
572 2263 625 2308 Id
683 2265 798 2319 quod
855 2265 1100 2308 clarissimis
1160 2265 1301 2307 verbis
1356 2265 1571 2321 significat

245 2319 384 2373 Legg.
427 2317 509 2358 IX.
541 2333 583 2372 p.
626 2321 720 2362 875.
752 2322 829 2362 A.:
886 2324 975 2363 ἐπεὶ
1005 2322 1141 2362 ταῦτα
1172 2319 1245 2374 (τὰ
1288 2323 1571 2376 ξυμφέροντα

245 2371 508 2438 ἀν’ὕρώπθις
553 2379 615 2438 flg-
675 2377 916 2430 πολιτείαν)
960 2376 998 2418 εἴ
1051 2380 1155 2418 ποτέ
1210 2393 1276 2425 τις
1315 2375 1570 2433 ἀνθρώπων

247 2443 378 2484 φυσει
435 2430 609 2482 ἱκανος,
676 2434 810 2485 θείᾳ
879 2435 1047 2486 μοίρᾳ
1112 2434 1366 2485 γεννηθείς,
1433 2448 1570 2487 παρα-

245 2484 393 2536 λαβεῖν
452 2484 640 2532 δυνατὸς
688 2486 774 2539 εἴη,
822 2485 969 2542 νόμων
1020 2487 1147 2528 οὐδὲν
1194 2483 1249 2528 ἂν
1296 2489 1438 2529 δέοιτο
1484 2489 1571 2529 τῶν

246 2535 468 2605 ἀρξόντων
505 2541 680 2581 ἑαυτοῦ·
729 2543 968 2597 ἐπιστήμης
1017 2541 1099 2596 γὰρ
1149 2539 1246 2584 οὔτε
1286 2542 1425 2597 νόμος
1471 2541 1569 2585 οὔτε

248 2594 367 2647 ταξις
406 2592 583 2648 οὐδεμία
619 2598 843 2651 κρείττων,
895 2598 994 2641 οὐδὲ
1025 2599 1160 2652 θέμις
1199 2601 1288 2640 ἐστὶ
1340 2599 1448 2641 νοῦν
1497 2598 1569 2640 οὖ-
