1612 2872
490 71 580 114 DE
605 69 884 114 LEGIBUS
915 75 997 112 ete.
1229 67 1409 110 LXXV

50 186 138 229 rari
182 192 369 242 queaut3
423 200 505 227 nec
542 192 687 227 tamen
716 183 1004 242 philosophus
1042 180 1141 223 ideo
1173 181 1410 223 arbitratur

50 243 239 286 civitatis
281 241 536 284 condendae
565 241 796 285 consilium
826 241 918 283 fore
949 253 1107 281 vanum
1148 243 1282 293 atque
1312 238 1408 280 irri-

50 307 155 343 tum.
225 299 382 354 ltaque
422 305 578 355 sponte
619 304 824 355 apparet,
865 297 1038 353 Legum
1078 300 1301 337 auctorem
1335 310 1406 337 ne-

49 371 268 411 quaquam
300 355 354 397 de
386 356 559 398 consilii
589 357 655 398 sui
694 355 881 397 feliciter
909 351 1165 410 perficiendi
1196 352 1405 394 facultate

49 413 231 456 dubium
264 412 484 467 haesisse,
527 413 657 455 sicuti
689 411 948 454 Zellerus
980 409 1128 452 nescio
1156 423 1243 463 quo
1274 409 1404 452 modo

49 477 93 512 et
123 471 206 513 sibi
237 470 456 525 persuasit
484 475 529 511 et
555 469 652 512 aliis
682 466 945 525 persuadere
976 472 1159 510 conatus
1191 473 1272 509 est.

161 585 309 638 Atque
346 584 454 625 haec
493 581 668 638 quidem
700 581 806 624 satis
844 587 978 623 sunto
1011 579 1066 622 de
1099 580 1407 622 convenientia

47 638 219 696 Legum
249 640 335 683 scri
370 640 502 682 tionis
535 654 633 681 oum
662 638 905 680 rationibus
934 636 1233 693 Reipublicae.
1299 638 1406 680 Pro-

47 695 270 753 gredimur
298 656 366 738 adJ
387 697 570 739 alterum
600 694 873 750 illud,'unde
907 708 1040 750 supra
1069 693 1261 736 diximus
1282 709 1406 736 caus-

47 767 117 796 sas
157 752 214 795 de
259 754 428 810 Legum
465 752 553 794 fide
592 758 638 794 et
686 752 947 794 auctoritate
989 749 1221 793 dubitandi
1269 766 1408 815 nuper

47 824 143 852 esse
182 811 403 866 repetitas.
484 810 718 866 Negarunt
766 809 880 851 enim
928 807 1009 849 viri
1062 806 1183 850 docti
1229 822 1406 849 omnmo

47 881 144 909 cum
183 865 382 910 Platonis
412 881 656 924 congruere
704 874 876 920 natura,
917 863 960 906 in
999 865 1099 906 enio
1147 871 1191 906 et
1221 864 1405 916 ratione,

47 922 166 978 quod
197 924 508 980 amplissimum
538 922 710 980 Legum
741 937 851 979 opus
882 881 1161 965 seriffiendum
1200 936 1406 976 suscepe-

45 980 123 1034 rit,
165 987 316 1037 utpote
347 981 524 1036 plenum
557 996 608 1022 ac
637 980 844 1022 refertum
875 979 1056 1022 minutis
1086 978 1406 1035 praeceptioni-

47 1037 128 1079 bus
159 1036 215 1078 ad
260 1038 457 1095 singulos
497 1037 614 1080 vitae
656 1036 896 1079 communis
953 1050 1080 1078 casus
1111 1035 1406 1091 comparatis;

46 1093 269 1136 habitasse
300 1097 415 1137 enim
445 1094 568 1136 illum
596 1100 737 1136 totum
768 1094 814 1135 in
843 1108 988 1135 rerum
1019 1092 1290 1146 divinarum,
1322 1091 1408 1134 hoc

47 1157 137 1204 est,
188 1150 410 1206 idearum,
457 1150 827 1206 contemplatione
879 1164 1020 1205 neque
1069 1164 1140 1191 res
1192 1148 1406 1191 humanas

45 1222 310 1264 magnopere
341 1208 575 1252 curavisse.
634 1208 687 1249 In
718 1223 848 1263 quam
869 1206 1132 1250 sententiam
1165 1205 1408 1261 disputavit

46 1264 257 1321 imprimis
297 1265 502 1308 Astius
553 1265 621 1307 De
666 1264 772 1307 Vita
811 1270 856 1307 et
897 1263 1083 1320 Scriptis
1122 1263 1320 1305 Platonis
1362 1279 1393 1318 p

46 1324 87 1363 4.
117 1336 214 1376 sqq.
245 1321 301 1376 ⁸).
360 1323 425 1364 At
454 1322 567 1364 enim
611 1335 730 1376 vero,
763 1321 959 1365 dieamus
990 1321 1103 1364 enim
1134 1320 1269 1363 libere
1301 1319 1407 1375 quid

46 1379 309 1432 sentiamus,
347 1378 466 1422 istud
508 1377 686 1433 quidem
728 1378 804 1433 qui
832 1379 917 1421 isto
949 1377 1078 1421 modo
1111 1377 1194 1420 sibi
1225 1392 1406 1432 persua-

46 1442 220 1489 serunt,
262 1435 292 1476 ii
331 1451 458 1478 suum
489 1436 574 1479 sibi
605 1436 692 1491 ipsi
727 1435 951 1478 finxerunt
982 1435 1236 1484 Platonem3
1276 1449 1406 1476 verus

46 1490 172 1534 Plato
202 1491 345 1546 qualis
376 1493 522 1547 fuerit,
556 1493 699 1535 minus
731 1492 902 1535 curiose
933 1492 1260 1547 quaesiverunt.
1318 1491 1406 1533 Hic

47 1548 160 1591 enim
196 1548 277 1591 etsi
301 1564 396 1605 ¹pro
438 1550 596 1592 mentis
626 1549 847 1605 animique
886 1551 955 1591 sui
986 1548 1133 1592 indole
1162 1563 1214 1590 ac
1244 1548 1406 1590 virtute

47 1620 144 1648 sese
185 1612 325 1647 totum
366 1607 455 1649 fere
494 1607 540 1648 in
589 1622 734 1649 rerum
780 1606 1027 1649 divinarum
1069 1605 1323 1661 cognitione
1363 1612 1408 1647 et

47 1662 230 1706 scientia
269 1662 502 1706 collocavit
541 1670 674 1718 atque
717 1663 929 1719 singulari
970 1661 1156 1719 quadam
1199 1662 1332 1704 animi
1362 1663 1406 1704 vi

48 1725 93 1761 et
129 1719 428 1775 magnitudine
466 1720 669 1763 coelestis
707 1721 950 1776 sapientiae
982 1721 1211 1763 thesauros
1243 1727 1406 1762 morta-

46 1773 161 1818 libus
190 1775 417 1819 recludere
447 1783 630 1819 conatus
652 1782 740 1826 est3
771 1783 915 1819 tamen
933 1777 1268 1833 intelligentiam
1303 1791 1406 1832 pru-

49 1831 325 1887 dentiamque
364 1849 487 1876 suam
528 1834 657 1876 etiam
701 1833 757 1876 ad
786 1833 1010 1876 hominum
1040 1834 1272 1877 utilitatem
1303 1848 1407 1875 con-

49 1887 171 1942 tulit,
213 1888 452 1946 solivagam
491 1896 612 1933 ratus
653 1897 697 1932 et
734 1891 922 1934 ieiunam
967 1906 1062 1934 esse
1093 1889 1405 1947 cognitionem,

50 1945 136 1987 nisi
166 1943 424 2001 adiungeret
465 1961 560 1988 eam
602 1948 830 2000 virtutem,
872 1963 984 2002 quae
1030 1952 1204 1990 constat
1244 1961 1298 1987 ex
1327 1945 1405 1988 ho-

49 2001 240 2044 minibus
270 2002 474 2045 iuvandis
503 2009 635 2058 atque
665 2003 856 2056 tuendis,
890 2004 975 2046 hoc
1006 2011 1088 2058 est,
1122 2018 1175 2045 ex
1194 2003 1405 2045 societate

49 2058 220 2114 generis
263 2057 452 2102 humani.
530 2059 910 2114 Quemadmodum
960 2061 1097 2118 igitur
1145 2059 1404 2116 sapientiam

118 2274 153 2312 *)
187 2274 256 2306 Hie
285 2279 400 2314 tamen
434 2276 696 2317 quodammodo
728 2278 804 2317 ipse
828 2286 945 2308 secum
975 2280 1108 2317 pugnat
1139 2285 1173 2316 p.
1211 2275 1291 2310 255.
1318 2276 1404 2307 haec

188 2320 363 2353 seribensz
422 2322 480 2354 Es
515 2323 576 2353 ist
615 2323 721 2354 kein
757 2323 937 2354 Zweifel
966 2322 1113 2363 iibrig,
1153 2322 1257 2353 dass
1304 2321 1405 2354 Pla-

188 2372 262 2398 ton
288 2367 412 2398 nieht
443 2368 580 2400 allein
616 2369 669 2399 im
695 2367 864 2400 Reiche
894 2369 968 2400 der
1000 2368 1171 2408 Ideale,
1205 2367 1403 2400 sondern

187 2413 298 2444 auch
343 2414 394 2444 im
425 2413 613 2446 Gebiete
649 2414 726 2445 der
761 2414 1075 2447 Wirklichkeit
1101 2414 1404 2446 einheimisch

191 2468 296 2498 war,
322 2459 410 2491 und
435 2461 511 2492 mit
535 2461 609 2492 der
634 2460 798 2491 hohern
823 2459 1114 2501 Speculation
1140 2461 1213 2492 die
1238 2458 1404 2492 scharf-

190 2508 258 2535 ste
286 2503 612 2547 Beobachtung
652 2507 726 2538 der
758 2505 1078 2539 Wirklichkeit
1113 2507 1313 2539 vei-band
1342 2518 1404 2539 —-;

191 2549 265 2581 der
304 2549 559 2593 Philosoph
605 2552 804 2585 bestrebt
835 2553 964 2594 .sioh,
1007 2554 1136 2586 seine
1179 2551 1315 2585 Ideen
1352 2553 1404 2583 im

190 2596 458 2629 wirklichen
502 2599 656 2631 Leben
697 2609 788 2632 zum
827 2599 957 2632 Heile
998 2600 1073 2632 der
1120 2598 1403 2632 Menschheit

190 2651 238 2672 zu
265 2642 530 2676 realisiren..
