1612 2872
471 83 553 126 DE
587 81 861 126 LEGIBUS
894 87 973 125 etc.
1330 80 1393 123 CI

52 200 186 254 didit,
226 214 279 241 ex
318 198 486 240 Dorum
527 203 568 239 et
598 196 1099 240 Atticorum·institutis
1136 210 1187 238 ac
1226 195 1396 252 legibus

52 256 309 314 composuit.
380 255 602 309 Quocirca
638 254 955 311 sapientissime
994 268 1097 296 sane
1136 252 1311 307 statuit,
1351 253 1396 294 in

52 315 183 357 variis
214 312 409 370 gentium
448 327 500 355 ac
537 312 799 369 populorum
830 309 1044 354 Graeciae
1083 309 1273 367 ingeniis
1313 310 1395 351 uti-

52 387 136 427 que
174 370 355 427 reperiri
395 369 560 412 semina
610 369 734 424 quasi
784 375 826 411 et
867 368 1076 410 elementa
1113 368 1303 424 optimae
1345 382 1396 409 ac

51 427 450 485 praestantissimae
490 426 673 468 alicuius
706 426 917 479 civitatis,
950 425 1184 468 dummodo
1224 440 1275 467 ea
1312 423 1394 466 rite

51 492 396 542 temperarentur
433 483 755 540 prudenterque
796 483 911 524 inter
953 483 1049 539 ipsa
1080 483 1394 539 coniungeren-

51 553 135 585 tur.
195 541 372 597 Quippe
403 540 622 597 gravitati,
655 540 925 582 constantiae
951 548 993 581 et
1017 539 1263 582 fortitudini
1288 555 1394 597 gen·

51 601 160 642 tium
190 600 474 650 Doricarum,
507 597 631 652 eique
663 597 944 639 intaminatae
975 612 1026 653 ac
1058 597 1275 651 sincerae,
1317 595 1393 638 ad·

49 656 277 698 iiciendam
309 662 354 697 et
383 653 718 697 consociandam
747 654 916 696 censuit
947 653 1219 710 prudentiam
1251 660 1294 696 et
1317 654 1394 695 hn-

49 714 301 756 manitatem
341 711 479 765 illam,
525 726 612 767 qua
649 718 801 768 gentes
844 711 993 753 Ioniae
1035 717 1080 752 et
1108 712 1283 754 Atticae
1322 726 1395 752 ex-

49 771 269 824 cellerent,
300 770 362 812 ita
392 768 583 824 quidem,
615 775 665 810 ut
682 767 859 825 propria
886 774 1171 823 utrarumque
1200 768 1393 825 gentium

49 829 186 871 virtus
227 828 271 869 in
310 843 442 868 unum
487 825 750 868 conflaretur
791 832 924 881 atque
968 841 991 867 a
1041 826 1159 868 vitiis
1209 831 1395 882 purgata

49 886 267 942 sapienter
305 890 629 940 temperaretur.
702 882 836 937 Quod
874 898 927 925 ne
968 883 1065 938 quis
1106 883 1329 926 existimet
1368 898 1394 923 a

48 943 171 985 nobis
201 943 263 984 ita
293 943 397 997 poni
425 948 593 983 tantum
625 947 758 996 atque
790 941 916 993 sumi,
948 955 1079 995 quum
1112 955 1180 983 res
1211 940 1394 982 certiore

47 999 245 1057 indigeat
275 993 666 1051 demonstratione,
699 998 844 1054 ipsum
875 997 1104 1040 Platonem
1137 997 1264 1040 huius
1294 1012 1392 1039 sen-

47 1058 208 1100 tentiae
252 1062 408 1098 testem
449 1055 655 1097 adhibere
694 1055 865 1109 licebit,
911 1055 985 1110 qui
1023 1070 1109 1096 non
1142 1054 1271 1098 modo
1300 1061 1394 1096 toto

49 1130 178 1171 opere
208 1129 287 1156 suo
319 1112 364 1154 id
393 1113 611 1155 luculente
658 1112 896 1155 declaravit
933 1127 983 1154 ac
1015 1126 1166 1168 reapse
1196 1112 1392 1169 perfecit,

48 1187 197 1213 verum
237 1171 364 1212 etiam
402 1169 515 1211 idem
566 1168 683 1212 haud
721 1169 904 1212 obscure
943 1170 988 1210 in
1036 1169 1156 1212 libris
1226 1170 1393 1226 Legum

48 1228 264 1285 prioribus
303 1227 516 1284 prodidit,
566 1234 614 1268 ut
660 1227 854 1282 profecto
906 1225 1146 1268 mirandum
1198 1227 1257 1269 sit
1304 1242 1393 1268 rem

50 1285 241 1328 nondum
273 1300 297 1326 a
336 1299 554 1339 quoquam
594 1284 824 1340 diligenter
862 1283 997 1326 fuisse
1036 1283 1393 1328 animadversam.

49 1341 118 1384 Ibi
149 1343 261 1384 enim
294 1340 412 1396 quod
430 1341 701 1384 Cretensium
733 1347 776 1383 et
805 1340 1254 1383 Lacedaemoniorum
1273 1341 1392 1398 leges

49 1407 94 1442 et
119 1399 320 1441 instituta
355 1414 504 1455 parum
543 1405 658 1441 recte
697 1397 903 1440 dicuntur
943 1397 999 1440 ad
1037 1414 1168 1440 unam
1207 1399 1392 1440 maxime

23 1467 25 1469 '
49 1464 247 1512 spectare
288 1456 584 1498 fortitudinem
603 1489 615 1510 ,
645 1456 786 1511 iisque
820 1456 1057 1512 opponitur
1084 1456 1390 1511 temperantia,

20 1546 25 1549 η
53 1529 163 1569 quae
183 1513 252 1555 vel
278 1529 331 1555 ex
349 1515 718 1570 compotationum
740 1528 838 1566 usu,
859 1513 1000 1568 qualis
1022 1513 1208 1555 Athenis
1226 1513 1390 1570 vigeat,

49 1571 292 1613 liberaliore
322 1569 553 1627 disciplina
582 1577 627 1613 et
655 1570 925 1613 institutione
957 1570 1241 1617 moderatrice
1271 1570 1390 1612 efflo-

48 1643 218 1670 rescere
246 1628 407 1684 possit3
446 1635 640 1684 apertum
670 1643 767 1671 esse
795 1627 1068 1680 arbitramur,
1096 1628 1259 1670 iustum
1289 1628 1393 1670 utri-

49 1700 186 1741 usque
224 1685 339 1728 illius
384 1686 557 1728 virtutis
596 1692 985 1742 temperamentum
1026 1685 1115 1728 illic
1154 1685 1390 1741 significari

48 1741 104 1786 ad
144 1749 306 1785 rectum
348 1743 538 1785 civitatis
579 1749 740 1786 statum
793 1742 1068 1785 efficiendum
1119 1744 1246 1786 unice
1295 1758 1392 1786 esse

49 1800 352 1842 necessarium.

163 1911 327 1954 Verum
359 1912 477 1954 istud
517 1914 691 1968 quidem
730 1915 936 1968 quoniam
975 1920 1128 1971 postea
1167 1914 1388 1969 explican-

54 1968 158 2010 dum
195 1969 282 2011 erit
311 1969 501 2023 uberius,
539 1970 583 2011 in
623 1971 841 2027 praesenti
872 1971 1107 2013 mittamus.
1179 1970 1390 2013 Videmur

51 2026 164 2068 enim
204 2026 272 2068 vel
312 2026 378 2068 his
421 2026 732 2069 animadversis
772 2027 1187 2081 satis-ostendisse,
1229 2034 1392 2083 quanta

51 2097 150 2125 cum
180 2083 378 2126 sollertia
407 2083 694 2139 philosophus
731 2084 1062 2141 investigaverit
1099 2091 1142 2127 et
1172 2085 1390 2142 conquisi-

61 2140 172 2182 verit
198 2140 411 2183 elementa
440 2141 532 2183 eius
561 2141 777 2195 civitatis,
817 2157 945 2197 quam
985 2142 1029 2184 in
1061 2142 1254 2199 Legibus
1283 2157 1389 2186 con·

53 2195 175 2239 didit.
243 2198 403 2240 Hausit
431 2198 543 2240 enim
582 2213 634 2240 ea
664 2214 718 2240 ex
755 2199 950 2254 ipsorum
990 2198 1255 2242 Graecorum
1284 2200 1388 2254 vita,

53 2269 140 2308 quo
169 2255 306 2312 magis
337 2255 410 2307 illa
440 2254 663 2298 videretur
692 2271 823 2312 posse
855 2256 1088 2314 aliquando
1119 2272 1269 2300 revera
1292 2257 1390 2299 fun-

56 2310 167 2365 dari,
197 2311 329 2366 idque
357 2318 480 2354 tanto
508 2312 768 2368 prudentius
799 2314 862 2355 ita
891 2315 1016 2368 fecit,
1057 2314 1174 2370 quod
1207 2313 1391 2358 Graecis

53 2368 142 2411 suis
164 2368 338 2425 scripsit
356 2369 596 2426 iisdemque
616 2377 777 2413 rectam
797 2386 936 2414 rerum
955 2371 1224 2428 publicarum
1246 2387 1389 2414 emen-

53 2423 290 2467 dandarum
337 2426 546 2469 rationem
600 2434 731 2484 atque
779 2428 891 2470 viam
947 2436 1186 2472 monstrare
1238 2429 1388 2472 voluit.

55 2479 187 2534 Quod
216 2482 388 2537 quidem
407 2484 470 2538 in.
493 2484 577 2527 hoc
607 2500 736 2542 opere
767 2485 829 2527 ita
856 2486 972 2542 fecit,
1003 2493 1051 2529 ut
1080 2487 1135 2530 iis
1167 2487 1390 2529 civitatem

53 2536 109 2579 de
138 2553 250 2581 novo
282 2540 497 2583 conditam
524 2548 568 2584 et
597 2543 642 2584 in
675 2557 761 2598 qua
790 2542 896 2585 nihil
935 2544 1270 2589 inveteratorum
1300 2559 1390 2586 ma—

53 2594 191 2638 lorum
221 2596 427 2641 resideret
456 2599 511 2642 ob
541 2600 693 2642 oculos
724 2602 1011 2656 proposuerit.
1080 2601 1200 2656 Quid
1229 2600 1390 2658 igitur?

53 2666 183 2707 quum
223 2653 265 2694 in
304 2653 383 2697 hac
425 2657 590 2713 Legum
632 2665 753 2713 parte
797 2665 919 2701 tanta
974 2659 1206 2714 prudentia
1258 2664 1389 2712 atque
