1612 2872
233 129 475 183 cxxxw
662 127 1141 171 PROLEGOMENA

238 255 424 294 munem,
448 241 607 295 quippe
629 245 763 291 ratus,
786 237 1052 279 subtiliorem
1072 237 1135 278 rei
1154 236 1490 292 disputationem
1520 243 1563 278 et

239 296 387 350 populi
417 302 589 349 captum
620 307 837 348 superare,
868 299 911 333 et
940 293 993 334 ab
1024 307 1074 333 eo
1105 307 1234 347 opere
1255 293 1433 334 alienam
1454 307 1563 346 esse,

238 352 280 391 in
321 365 406 404 quo
446 350 627 390 maxime
674 348 727 389 de
774 348 943 389 virtutis
996 348 1300 390 exercitatione
1349 349 1403 389 ad
1451 349 1565 390 vitae

238 405 473 446 communis
503 419 624 445 usum
658 410 700 444 et
739 402 1093 445 consuetudinem
1121 403 1386 445 traducenda
1415 418 1563 460 agere-

236 467 320 501 tur.
390 462 456 500 Ac
496 459 639 513 potuit
679 460 873 515 profecto
913 460 1004 500 iure
1035 459 1220 512 quodam
1250 473 1329 500 suo
1367 473 1563 514 superse-

238 515 338 556 dere
386 515 649 555 accuratiore
687 520 730 555 et
757 514 979 556 subtiliore
1010 514 1063 555 de
1093 521 1247 555 natura
1277 515 1449 556 virtutis
1479 514 1564 556 dis-

237 569 485 623 putatione,
528 584 658 623 quum
699 571 782 611 iam
816 585 867 610 ex
896 570 1015 611 libris
1050 570 1115 610 De
1145 569 1385 625 Republica
1415 575 1458 610 et
1486 570 1563 610 ali-

237 624 351 666 unde
383 628 600 667 constaret
630 625 682 666 de
713 625 848 680 ipsius
877 625 1102 667 sententia.
1172 625 1258 667 Sed
1286 625 1392 666 haec
1422 625 1564 666 omnia

238 694 322 733 quo
342 680 510 722 facilius
534 681 828 736 intelligantur
845 681 1056 736 planeque
1084 681 1383 736 perspiciatur,
1415 694 1561 735 quam-

237 735 379 777 obrem
417 735 700 791 philosophus
738 737 782 777 in
831 736 1012 791 singulis
1048 737 1284 778 virtutibus
1316 736 1561 778 describen-

237 789 304 832 dis
343 797 387 832 et
424 791 703 833 informandis
741 807 791 833 eo
833 791 960 833 modo
990 798 1185 834 versatus
1215 793 1287 844 sit,
1313 797 1361 832 ut
1390 807 1415 832 a
1442 791 1563 834 scitis

237 845 326 887 suis
356 861 407 888 ac
437 847 636 900 decretis,
666 848 709 888 in
738 848 1000 902 Republica,
1033 847 1232 900 Timaeo,
1266 846 1461 888 Phaedro
1491 862 1562 888 ex-

236 901 420 955 plicatis,
451 902 713 956 aliquantum
747 903 1019 956 discesserit,
1052 917 1131 958 age
1161 902 1266 958 quid
1297 902 1350 943 de
1381 903 1562 959 singulis

235 957 468 999 virtutibus
499 972 728 1011 earumque
756 958 900 1000 indole
930 965 973 1000 et
1001 964 1155 999 natura
1183 959 1226 999 in
1251 958 1446 1014 Legibus
1476 964 1563 999 tra-

236 1012 377 1065 datur,
408 1018 625 1068 tamquam
655 1014 697 1054 in
727 1013 847 1056 brevi
880 1019 1112 1069 conspectu
1143 1029 1366 1068 ponamus.

349 1111 498 1154 Ordiri
535 1120 674 1154 autem
716 1113 836 1154 iuvat
875 1114 929 1154 ab
972 1127 1021 1154 ea
1069 1113 1252 1166 virtute,
1303 1128 1429 1168 quam
1466 1114 1561 1169 ipse

233 1167 470 1223 principem
501 1175 544 1209 et
575 1169 696 1223 quasi
727 1169 918 1224 reginam
949 1174 1184 1210 ceterarum
1205 1170 1392 1210 omnium
1414 1177 1560 1223 meat,

234 1237 260 1263 a
298 1224 608 1279 sapientia,
658 1238 784 1277 quam
829 1225 949 1266 Libr.
1001 1223 1035 1264 I.
1076 1240 1116 1279 p.
1156 1226 1252 1266 631.
1292 1225 1342 1266 C.
1383 1239 1475 1279 sqq.
1519 1232 1563 1266 et

233 1278 353 1319 Libr.
397 1279 482 1320 III.
520 1295 561 1335 p.
601 1281 695 1322 687.
738 1280 787 1321 Ε.
819 1305 871 1310 —
904 1282 997 1321 (393.
1028 1278 1077 1321 C.
1115 1279 1346 1322 illustravit
1375 1281 1433 1334 ²¹⁶).
1502 1281 1562 1322 Et

232 1334 274 1374 in
305 1334 544 1390 Republica
574 1335 746 1389 quidem
778 1335 1139 1390 sapientiam,
1158 1350 1171 1359 ‘²
1191 1351 1316 1390 quam
1347 1336 1406 1377 ibi
1436 1341 1563 1378 vocat

233 1397 416 1445 σοφίαν,
448 1390 593 1431 sedem
625 1392 748 1444 quasi
778 1406 898 1432 suam
928 1397 1076 1432 censet
1105 1390 1261 1432 habere
1283 1391 1326 1432 in
1351 1407 1400 1432 ea
1431 1393 1560 1433 animi

233 1450 370 1499 parte,
403 1460 530 1500 quam
560 1446 608 1488 to
637 1448 888 1500 Λογιστικόν
906 1447 1108 1502 appellat,
1140 1446 1221 1488 hoe
1251 1447 1380 1488 estin
1403 1454 1560 1501 mente,

233 1507 384 1554 estque
422 1501 480 1542 ibi
521 1517 675 1544 munus
715 1502 807 1544 eius
836 1501 933 1555 hoc,
963 1509 1012 1543 ut
1040 1501 1138 1543 inde
1169 1508 1370 1557 tanquam
1403 1518 1454 1544 ex
1484 1503 1560 1544 ali-

234 1571 319 1610 qua
350 1571 446 1597 arce
477 1558 714 1611 prospiciat
742 1565 785 1599 et
816 1568 1075 1614 cognoscat,
1119 1558 1221 1612 quid
1257 1566 1352 1600 >tum
1378 1559 1560 1614 singulis

233 1612 360 1652 animi
390 1613 608 1666 partibus,
639 1619 729 1654 tum
761 1614 887 1654 etiam
918 1614 1118 1655 universo
1149 1614 1289 1655 animo
1334 1615 1560 1656 conveniat

233 1673 308 1706 aut
345 1667 504 1708 bonum
544 1668 858 1723 honestumque
892 1669 952 1719 'sit
982 1669 1125 1723 (liibr.
1164 1668 1246 1710 IV.
1278 1685 1318 1725 p.
1349 1672 1445 1712 442.
1475 1668 1559 1720 0.).

233 1720 511 1777 Quapropter
550 1738 664 1777 eam,
720 1724 845 1765 sicuti
884 1723 968 1765 iam
1000 1724 1083 1764 alio
1124 1724 1219 1766 loco
1258 1725 1469 1778 vidimus,
1514 1726 1557 1767 in

231 1777 404 1819 civitate
452 1779 649 1820 attribuit
698 1780 1016 1834 magistratibus
1055 1779 1351 1835 philosophis,
1400 1782 1558 1836 quippe

231 1833 387 1886 quibus
428 1848 532 1875 cura
569 1835 702 1876 totius
752 1835 940 1876 civitatis
1001 1836 1178 1889 eiusque
1242 1835 1557 1878 administratio

231 1889 458 1930 commissa
495 1896 561 1931 est
599 1891 742 1944 (Libr.
773 1890 854 1932 IV.
884 1906 926 1946 p.
956 1892 1051 1933 428.
1082 1891 1182 1944 Ε),
1225 1891 1286 1933 ita
1315 1898 1363 1933 ut
1393 1892 1558 1946 reliqua

231 1943 460 1986 multitudo
501 1960 646 1987 eorum
685 1947 864 2001 imperio
903 1961 1053 2000 parere
1094 1946 1262 1989 debeat.
1333 1947 1416 1988 Cui
1459 1963 1554 1989 sen-

229 1999 389 2040 tentiae
427 2015 659 2055 sanequam
699 2002 1051 2044 coniunctissima
1087 2009 1188 2044 sunt
1231 2002 1304 2043 illa
1331 2001 1452 2057 'quae
1483 2018 1555 2044 ex-

230 2054 447 2110 plicantur
484 2057 527 2098 in
572 2058 779 2113 Legibus.
857 2057 1127 2111 Quamquam
1167 2058 1237 2099 hic
1275 2061 1416 2099 onmia
1454 2074 1554 2114 pro-

230 2109 326 2163 pius
374 2111 428 2152 ad
478 2128 602 2164 usum
658 2114 771 2155 vitae
817 2115 1084 2166 referuntur,
1143 2114 1204 2153 ita
1252 2120 1300 2154 ut
1344 2115 1556 2168 sapientia

231 2180 284 2206 ne
325 2176 490 2222 σοφίας
531 2168 704 2222 quidem
753 2170 921 2210 nomine
967 2169 1249 2224 insigniatur,
1299 2184 1554 2224 semperque

229 2218 396 2262 dicatur
442 2224 686 2280 φρόνησις,
747 2224 864 2278 quod
910 2239 1064 2266 nomen
1103 2224 1301 2266 consulto
1341 2225 1552 2267 delectum

230 2275 419 2340 videtur,
469 2289 554 2333 quo
607 2279 876 2336 significetur
923 2279 1152 2336 prudentia
1212 2286 1254 2321 et
1310 2280 1552 2337 intelligen-

228 2337 312 2384 tia,
370 2339 581 2386 quatenus
631 2336 820 2377 cernitur
867 2336 910 2376 in
968 2336 1065 2391 ipso
1122 2336 1235 2377 vitae
1291 2351 1373 2378 usu
1424 2343 1552 2391 atque

228 2387 407 2430 actione.
468 2388 594 2432 Conf.
636 2391 763 2433 etiam
802 2392 920 2434 Libr.
953 2391 987 2433 Ι.
1018 2406 1060 2446 p.
1093 2392 1188 2433 632.
1220 2390 1269 2433 C.
1300 2393 1355 2434 V.
1387 2409 1428 2448 p.
1458 2395 1550 2435 710.

297 2588 332 2631 *)
361 2590 501 2621 Mireris
532 2600 614 2632 sane
648 2590 862 2624 Zellernm
896 2587 995 2624 stud.
1029 2591 1117 2623 Plat.
1153 2603 1183 2633 p
1215 2593 1268 2626 25.
1297 2597 1478 2633 negantem
1505 2593 1549 2624 ibi

361 2635 402 2667 de
428 2637 599 2676 sapientia
625 2635 803 2676 disputari.
