1612 2872
490 76 575 120 DE
607 76 891 122 LEGIBUS
921 85 1003 120 etc.
1252 78 1414 121 LXIII

56 193 246 235 Politico
290 191 467 247 quidem
514 207 558 248 p.
607 193 703 234 997
755 191 808 232 Β.
849 205 989 246 usque
1027 190 1085 233 ad
1134 206 1179 247 p.
1219 191 1318 236 303.
1361 192 1412 235 C.

54 250 178 304 gravi
218 249 486 306 copiosaque
517 248 815 304 disputatione
846 263 915 290 res
946 248 1008 290 ita
1025 247 1334 303 disceptatur,
1364 256 1414 291 ut

54 305 160 360 quid
201 306 254 348 de
302 321 352 348 ea
394 305 730 348 existimandum
769 305 851 358 sit,
902 305 1077 347 minime
1114 304 1294 347 dubium
1337 314 1413 348 aut

50 363 266 405 incertum
306 363 592 418 relinquatur.
665 362 1015 418 Distinguuntur
1059 362 1173 404 enim
1203 362 1263 404 ibi
1293 378 1320 404 a
1349 363 1411 405 ci-

20 420 186 461 ‘vitate
225 421 427 462 omnibus
467 418 659 462 numeris
697 419 916 483 perfecta,
955 420 1000 461 in
1052 434 1139 475 qua
1178 426 1299 461 recta
1340 435 1410 462 sa·

49 477 211 531 pientis
252 478 362 519 ratio
400 493 480 533 pro
510 476 728 518 communi
758 476 857 532 lege
887 476 1053 530 valeat,
1089 491 1165 518 eae
1195 477 1410 533 respubli-

48 547 154 587 cae,
196 534 355 588 quibus
385 533 518 590 vulgo
549 532 745 575 homines
775 539 976 587 utantur,
1018 548 1216 589 quasque
1246 541 1409 576 morta-

45 589 151 632 lium
181 589 426 646 indigentia
455 598 500 632 et
528 589 805 632 imbecillitas
837 590 1040 646 genuerit
1071 597 1116 632 et
1144 606 1407 647 procreave⁴

45 646 114 688 rit.
173 647 244 688 Ex
274 647 342 690 his
374 647 492 703 ipsis
534 661 652 700 vero,
685 647 965 701 quantumvis
997 662 1146 690 omnes
1177 648 1310 704 longo
1342 648 1408 690 in-

45 703 228 745 tervallo
269 704 322 746 ab
358 704 433 746 illa
463 703 624 747 distare
655 703 970 746 existimandae
1014 705 1128 758 sint,
1171 711 1319 747 tamen
1356 720 1408 747 ea

0 797 1 814 Ξ
49 760 274 803 iudicatur
300 761 432 818 longe
462 760 853 817 praestantissima,
885 775 997 815 quae
1028 762 1219 817 optimae
1249 762 1406 804 civita-

45 817 103 859 tis
133 818 348 860 institutis
383 819 602 874 susceptis
642 818 818 875 optimis
857 824 1007 859 utatur
1036 818 1208 875 legibus
1242 819 1404 884 easque

43 873 164 931 leges
207 875 412 932 religiose
452 875 583 928 colat,
616 881 806 928 tueatur,
838 853 1106 918 custodiat?
1137 875 1264 929 Quae
1303 876 1403 930 quis

45 938 115 973 est
153 933 260 988 quin
298 938 508 989 protenus
546 907 698 974 v'ideat
740 932 803 973 ita
832 931 1060 997 disputata
1089 947 1210 987 esse,
1242 938 1293 974 ut
1321 933 1403 975 du·-

45 987 146 1043 plex
182 989 280 1043 illa,
325 1004 454 1044 quam
487 989 695 1045 optimam
724 989 882 1031 statuit
910 989 1216 1050 philosophus,
1248 1005 1402 1047 respu-

47 1045 161 1087 blica
186 1047 294 1088 satis
313 1045 504 1088 dilucide
536 1045 839 1088 describatur?
899 1045 990 1089 Sed
1021 1061 1110 1088 non
1141 1047 1285 1089 minus
1314 1047 1402 1090 huc

43 1102 211 1144 faciunt
240 1118 352 1158 quae
383 1103 590 1160 leguntur
617 1103 760 1160 Legg
791 1103 914 1146 Libr.
953 1104 1008 1147 V.
1038 1118 1082 1177 p.
1117 1104 1212 1146 739.
1243 1104 1401 1147 A—E.

45 1158 121 1201 ubi
149 1159 266 1202 inter
294 1160 400 1201 alia:
433 1162 482 1203 τό
515 1161 549 1202 ὸ
582 1163 701 1203 ἔστιν
741 1159 982 1217 όρῦοτατα
1021 1167 1160 1203 ειπεῖν
1197 1164 1280 1214 μὲν
1317 1161 1400 1214 τὴν

42 1215 294 1282 ἀρίστην
332 1219 560 1260 πολιτείαν
599 1220 672 1260 καὶ
712 1219 990 1285 δευτέραν
1030 1220 1122 1260 καὶ
1163 1223 1399 1273 τρίτην,

46 1273 204 1315 δοῦναι
243 1276 291 1317 δὲ
329 1272 513 1317 εἰπόντα
543 1277 724 1342 αἵρεσιν
761 1272 932 1328 ἑκαστῳ
972 1291 1032 1328 τῳ
1074 1275 1153 1327 τῆς
1194 1274 1398 1328 συνοική·

42 1344 152 1380 σεως
190 1334 341 1388 κυρίῳ.
371 1356 427 1362 --
457 1328 608 1401 πρώτη
648 1333 730 1386 μὲν
769 1335 923 1374 τοίνυν
963 1317 1094 1381 πόλις
1121 1335 1169 1374 τέ
1198 1337 1291 1375 ἐστι
1321 1335 1397 1376 καὶ

41 1388 240 1430 πολιτεία
273 1390 347 1431 καὶ
375 1386 511 1456 νόμοι
540 1385 734 1457 ἄριστοι,
763 1388 877 1431 ὅπου
906 1387 959 1431 τὸ
991 1387 1129 1431 πάλαι
1156 1388 1399 1445 λεγόμενον

42 1440 99 1487 ἂν
126 1449 330 1514 γίγνηται
359 1443 471 1488 κατὰ
504 1447 654 1488 πᾶσαν
684 1443 766 1497 τὴν
794 1443 928 1488 πόλιν
959 1445 989 1489 o‘'
1013 1463 1058 1489 τι
1084 1444 1298 1504 μα’λιστα·
1327 1450 1398 1490 λέ-

39 1516 162 1555 γεται
190 1503 254 1557 δέ,
287 1519 346 1552 ως
368 1500 508 1552 ὅντως
525 1505 617 1545 ἐστὶ
648 1502 777 1544 κοινοὶ
796 1500 850 1545 τὰ
883 1505 1042 1560 φίλων,
1075 1521 1114 1547 κ.
1136 1520 1176 1546 τ.
1197 1505 1236 1546 λ.
1255 1529 1313 1536 -
1342 1503 1398 1557 ἢν

41 1559 99 1600 δὲ
119 1559 217 1601 νῦν
239 1557 403 1614 ἡμεῖς
420 1564 668 1627 ὲπικεχει
685 1558 948 1614 ρήκαμεν,
961 1561 1026 1613 εἴη
1047 1577 1094 1604 τε
1111 1557 1397 1616 ὰνγενομένη

41 1630 135 1665 πως
161 1614 423 1666 ἀθανασίας
444 1614 662 1672 ἐγγύτατα
693 1633 769 1659 και
786 1634 815 1669 η
836 1621 919 1671 μία
942 1618 1106 1660 δευτ’
1089 1635 1107 1660 ε
1123 1630 1248 1675 ρως·
1282 1622 1395 1673 τρί-

39 1687 138 1722 την
169 1673 216 1715 δὲ
245 1688 356 1726 μετα
383 1690 538 1728 ταυτα,
564 1674 641 1715 ἐὰν
666 1671 778 1724 θεὸς
807 1676 962 1732 ἐθέλῃ,
982 1673 1396 1730 διαπερανούμεθα

41 1726 142 1782 Quo
181 1729 280 1772 loco
322 1729 441 1785 quod
468 1730 554 1772 tria
583 1729 890 1773 discernuntur
919 1719 1187 1788 reipublicae
1220 1747 1395 1789 genera,

40 1785 84 1826 id
117 1799 323 1840 quorsum
353 1794 536 1843 spectet,
567 1788 759 1829 omnium
784 1788 947 1844 optime
977 1789 1223 1831 enucleavit
1252 1790 1395 1832 Boe-

41 1841 241 1884 ckhius
287 1843 332 1884 in
362 1843 474 1885 Min.
513 1850 557 1885 et
593 1844 694 1900 Leg
698 1860 737 1888 rr.
862 1846 931 1887 65.
989 1845 1106 1887 Nam
1145 1853 1394 1902 opportune

42 1898 115 1940 ille
146 1899 332 1940 contulit
359 1900 664 1943 Aristotel.
664 1860 839 1944 gPoiit.
877 1901 960 1945 IV
994 1906 1030 1945 1.
1059 1918 1101 1959 p.
1136 1904 1258 1945 1288.
1291 1903 1395 1947 Vol

43 1954 104 1996 11
145 1954 212 1997 ed.
244 1955 453 1998 Bekker:
494 1956 598 2006 ‹iim-e
637 1959 788 2012 ὸῆλον,
830 1958 901 2001 ὅτι
940 1962 1032 2001 καὶ
1081 1962 1395 2002 πολιτείαν

38 2014 118 2064 τῆς
146 2012 284 2065 αὐτῆς
311 2016 431 2056 ἐστὶν
460 2011 705 2069 ἐπιστήμης
734 2015 834 2066 την
862 2014 1104 2067 αρίστην
1142 2018 1392 2072 θεωρῆσαι,

41 2073 132 2119 τίς
161 2073 304 2120 ἐστι,
335 2074 423 2112 καὶ
455 2074 592 2113 ποία
632 2087 717 2121 τις
753 2067 818 2113 ἀν
858 2070 998 2116 οὖσα
1037 2071 1264 2142 μάλιστ’
1308 2073 1392 2126 εἴη

41 2125 159 2168 κατ’
201 2123 390 2195 ευχήυ,
427 2128 620 2181 μηδενὸς
661 2130 980 2184 ἐμποδίζοντος
1013 2131 1116 2172 τῶν
1152 2127 1279 2180 ἐκτὸς
1316 2133 1392 2174 καὶ

39 2185 127 2232 τίς
163 2186 317 2226 τίσιν
359 2182 757 2238 ἁρμόττουσα·
807 2189 989 2236 πολλοῖς
1035 2185 1118 2243 γὰρ
1167 2188 1246 2259 τῆς
1296 2186 1389 2246 ἀρί·

41 2254 149 2291 στης
178 2247 323 2295 τυχεῖν
353 2240 459 2291 ι’σως
495 2239 743 2288 ἀδύνατον
782 2241 888 2293 ὤςτε
934 2242 1032 2296 τὴν
1070 2247 1390 2311 κρατίστην

41 2293 234 2346 απλῶς
264 2298 338 2339 καὶ
367 2295 470 2347 τὴν
498 2303 556 2340 ὲκ
587 2300 694 2341 τῶν
724 2297 1117 2355 υποκειμένων
1145 2300 1389 2356 αρίστην

42 2352 157 2406 (eam
188 2367 300 2408 quae
331 2353 494 2411 opt-ima
523 2355 580 2397 sit
608 2355 857 2399 civitatibus
885 2373 966 2415 pro
995 2371 1076 2400 sua
1104 2357 1267 2427 cuique
1282 2372 1388 2400 con-

42 2407 229 2477 ditione)
261 2410 312 2453 οὐ
343 2414 410 2454 δεῖ
437 2414 681 2464 λεληθέναι
710 2412 789 2455 τὸν
817 2418 1076 2482 νομοθέτην
1115 2418 1188 2457 καὶ
1218 2413 1298 2457 τὸν
1325 2421 1385 2454 δω

38 2465 226 2518 ἀληθῶς
253 2466 505 2510 πολιτικόν·
541 2471 603 2511 ἔτι
633 2470 680 2511 δὲ
710 2473 909 2526 τρίτην
947 2469 1052 2524 τήν
1083 2472 1138 2524 ἐξ
1165 2470 1384 2514 υποθέε

40 2536 199 2572 σεως“
229 2523 296 2566 δεῖ
323 2523 405 2581 γὰρ
436 2527 510 2568 καὶ
540 2541 620 2578 την
650 2527 871 2570 δοθεῖσαν
901 2527 1133 2571 δύνασθαι
1177 2532 1383 2595 θεωρεῖν,

37 2579 84 2632 ἐξ
125 2578 261 2650 ἀρχῆς
296 2596 342 2623 τε
371 2582 463 2632 πῶς
492 2578 549 2625 ἀν
578 2586 771 2650 γένοιτο,
801 2587 876 2628 καὶ
903 2589 1120 2640 γενομένη
1147 2588 1251 2628 τίνα
1260 2584 1384 2658 τρό-

39 2650 125 2679 πον
152 2652 210 2678 αν
239 2634 422 2689 σώζοιτο
453 2641 660 2683 πλεῖστον
687 2638 866 2698 χρόνον
898 2644 1010 2698 λέγω
1031 2644 1079 2685 δὲ
1098 2641 1199 2685 οἷον
1227 2642 1267 2684 εἰ
1294 2656 1384 2685 τινι
