1612 2872
253 99 369 140 'LXI
381 99 413 138 V
688 94 1160 138 PROIAEGOMENA

262 208 385 251 πόλει
425 209 670 274 atjpessesz’ryue
709 222 817 260 μητε
857 204 933 257 τὴν
963 207 1170 275 ὀτοιίττην·ι
1172 207 1483 251 πολιτεύεσθαι
1511 224 1583 251 πο-

260 267 423 306 λιτείαν
451 261 725 318 ἀχορήγητόν
764 277 808 303 τε
850 262 960 304 εἶναι
1000 279 1072 304 και
1102 260 1188 304 τῶν
1215 262 1477 331 ἀναγκαίων,
1503 280 1585 318 μη-

262 337 306 362 rs
354 335 430 370 την
471 321 755 372 ὲνὸεχυμένην
794 322 839 358 ἐκ
878 319 963 359 τῶν
998 316 1306 372 ὑπαρχόντων,
1345 317 1457 360 ἀλλά
1486 335 1585 361 τινα

264 378 555 438 ‹seniore-nav.
607 373 780 414 Etenim
819 373 1119 427 reputantibus
1159 374 1284 416 nobis
1319 375 1586 424 coniunctio-

262 446 359 472 nem
398 429 513 470 illam
545 435 587 469 et
615 428 1001 482 necessitudinem,
1043 443 1152 482 quae
1193 430 1303 471 inter
1335 418 1442 471 duas
1472 431 1586 485 prio-

263 501 355 548 res,
395 485 447 525 de
488 484 643 537 quibus
673 484 913 538 loquimur,
945 485 1141 526 civitates
1182 484 1431 538 intercedit,
1470 493 1586 528 certe

262 541 471 582 coniicere
513 540 792 593 piobabiliter
827 540 998 593 licebit,
1037 539 1301 582 efformanda
1340 541 1466 582 tertia
1503 541 1589 583 ista

262 595 481 658 republica
502 595 724 636 Platonem
745 595 932 637 voluisse
955 595 1180 637 ostendere
1209 611 1259 637 ac
1290 595 1462 650 docere,
1484 596 1588 660 quid

263 652 306 692 in
336 651 507 692 civitate
538 650 701 691 dudum
732 651 860 692 solito
890 666 1006 692 more
1035 651 1228 704 fundata,
1260 651 1431 715 vigente
1462 653 1587 695 etiam

264 707 430 770 vulgari
459 706 601 759 aliquo
632 707 800 760 imperii
829 706 1131 760 modelamine,
1161 708 1205 748 vi
1234 708 1412 749 rationis
1442 722 1492 749 ac
1521 722 1588 749 sa-

262 762 449 826 pientiae
488 762 600 803 effici
637 768 798 817 posset.
870 761 1042 817 Quippe
1081 763 1125 803 in
1155 763 1395 826 Republica
1423 778 1589 804 omnem

262 819 435 859 omnino
466 818 714 859 societatem
747 817 915 859 civilem
956 818 1057 859 inde
1088 818 1142 859 ab
1172 818 1295 859 initio
1326 818 1380 859 ad
1409 818 1587 859 rationis

261 874 400 928 legem
431 879 560 927 atque
589 888 777 914 normam
809 872 937 914 condi
966 873 1115 923 iussit;
1147 874 1190 914 in
1213 874 1406 929 Legibus
1446 880 1589 916 autem

262 930 441 971 colonos
471 928 596 969 finxit
624 929 707 969 iam
728 929 866 970 civilis
896 929 1114 970 societatis
1144 930 1315 971 vinculo
1337 930 1589 971 coniunctos

264 999 426 1038 eosque
456 985 502 1025 in
541 999 696 1025 novam
727 984 944 1025 civitatem
973 984 1153 1026 deduxit
1184 985 1237 1026 ad
1267 985 1590 1026 similitudinem

263 1055 458 1081 verarum
478 1039 887 1095 rerumpublicarum
907 1039 1170 1081 efformatam
1193 1040 1381 1094 quidem,
1411 1040 1488 1082 sed
1517 1041 1591 1082 iis·

242 1089 363 1137 kdem
385 1095 624 1138 illismulto
647 1095 1004 1149 praestantiorem
1038 1103 1081 1137 et
1109 1111 1187 1150 pro
1218 1111 1357 1136 rerum
1387 1095 1591 1137 humana-

263 1167 356 1192 rum
380 1151 627 1192 conditione
647 1151 831 1214 optimae
862 1151 921 1191 illi
942 1152 1202 1205 proximam;
1230 1152 1374 1205 itaque
1396 1151 1439 1192 in
1462 1152 1591 1193 tertio

264 1221 392 1262 opeie
435 1213 670 1261 supererat,
711 1215 760 1247 ut
789 1207 939 1248 civitas
980 1207 1125 1260 aliqua
1153 1213 1357 1260 tanquam
1388 1221 1591 1262 praesens

262 1263 511 1317 fingeretur,
543 1268 672 1315 atque
701 1261 1023 1316 disquireretur,
1054 1262 1268 1316 quomodo
1300 1277 1408 1316 quae
1437 1278 1481 1303 ln
1510 1263 1593 1304 Re-

263 1297 437 1374 publica
474 1324 536 1358 et
551 1318 746 1373 Legibus
789 1325 837 1359 ut
867 1318 1028 1373 optima
1067 1325 1212 1359 essent
1252 1318 1498 1382 proposita,
1539 1318 1594 1360 ad

264 1374 445 1415 salutem
475 1373 568 1414 eius
597 1352 882 1428 reipublicae,
913 1388 1021 1427 quae
1050 1374 1208 1415 usitato
1239 1388 1354 1415 more
1387 1374 1440 1415 ab
1470 1373 1592 1415 initio

264 1429 500 1471 constituta
530 1434 572 1470 et
601 1435 809 1484 perpetuo
839 1428 1077 1492 gubernata
1100 1435 1234 1482 esset,
1265 1429 1426 1470 utilitei
1455 1435 1594 1471 trans-

263 1486 363 1526 ferri
393 1485 594 1538 vitaeque
624 1485 861 1526 communis
886 1484 1121 1526 rationibus
1148 1483 1464 1528 accommodari
1493 1499 1593 1540 pos-

265 1546 374 1582 sent.
407 1540 478 1581 De
508 1540 664 1594 quibus
694 1540 822 1582 rebus
851 1556 890 1581 v.
909 1540 1048 1581 etiam
1079 1541 1247 1595 Legum
1272 1540 1390 1581 Libr.
1423 1540 1527 1582 VII.
1551 1556 1592 1596 p.

265 1597 361 1637 805.
392 1596 444 1636 B.
476 1595 557 1637 IX.
587 1612 628 1651 p.
661 1597 755 1638 858.
786 1596 837 1638 Β.
867 1595 1010 1651 IX.p
982 1611 1024 1651 p.
1068 1597 1162 1637 876.
1201 1597 1308 1636 A—
1321 1595 1373 1638 E.
1433 1594 1595 1648 Quam-

267 1666 396 1705 quam
427 1651 576 1692 merito
596 1650 785 1692 dubitari
806 1651 982 1710 poterit,
1006 1666 1108 1692 num
1132 1650 1300 1705 philoso
1335 1651 1416 1692 hus
1445 1666 1595 1693 revera

265 1706 525 1762 promiserit,
557 1706 665 1748 velle
696 1715 828 1748 semet
858 1706 1000 1761 ipsum
1030 1705 1265 1760 aliquando
1317 1721 1455 1760 ocere,
1489 1722 1595 1761 quo-

266 1761 395 1804 modo
432 1776 559 1803 verae
604 1762 801 1804 civitates
838 1762 881 1803 in
890 1761 1073 1872 pmelius
1112 1764 1267 1803 mutari
1313 1769 1511 1816 possent3
1551 1762 1597 1803 id

267 1816 385 1872 quod
423 1816 713 1859 Boeckhio
749 1817 778 1858 l.
814 1831 850 1858 c
971 1817 1037 1859 67.
1069 1832 1161 1881 sqq.
1202 1818 1365 1859 Astio
1395 1818 1463 1859 De
1492 1818 1598 1859 Vita

268 1880 311 1915 et
326 1873 510 1937 scriptis
551 1873 662 1914 Plat.
701 1889 742 1928 p.
775 1874 868 1916 392
890 1833 1081 1926 aliisque
1108 1874 1168 1914 ita
1196 1873 1335 1914 visum
1365 1879 1441 1914 est.
1500 1873 1596 1915 Nos

267 1929 382 1970 enim
410 1929 447 1970 si
487 1926 591 1983 quid
628 1928 818 1970 iudicare
848 1943 1103 1984 possumus,
1133 1928 1239 1969 nihil
1269 1927 1386 1969 aliud
1414 1929 1486 1970 ille
1515 1929 1599 1971 nisi

267 1985 351 2026 hoc
390 1983 676 2039 significavit,
716 1999 809 2026 esse
851 1999 943 2025 eam
980 1999 1070 2026 rem
1108 1984 1257 2038 utique
1297 1983 1449 2038 talem,
1489 1999 1597 2039 quae

269 2039 407 2095 possit
435 2039 640 2094 peculiari
663 2016 961 2103 'disputatione
992 2039 1234 2081 accuratius
1263 2039 1482 2093 illustrari,
1515 2054 1599 2093 qua

267 2101 411 2136 tamen
430 2110 545 2150 nunc
566 2095 867 2137 abstinendum
890 2095 960 2136 sit.
990 2094 1044 2135 Id
1062 2093 1177 2148 quod
1199 2093 1447 2148 prudenter,
1469 2096 1599 2137 sicuti

270 2149 432 2213 dialogi
456 2144 564 2192 ratio
594 2151 773 2204 terebat,
806 2150 1114 2192 Atheniensem
1142 2150 1267 2191 iussit
1294 2150 1353 2190 ita
1382 2151 1596 2206 proloqui,

269 2211 317 2247 ut
353 2205 389 2246 is
430 2220 518 2246 rem
556 2205 611 2246 ad
654 2207 864 2248 incertum
915 2211 1082 2260 tempus
1116 2205 1297 2247 reiiciat.
1368 2207 1598 2249 Enimvero

270 2260 499 2315 quominus
538 2261 844 2318 philosophus,
875 2276 1007 2315 quum
1037 2261 1121 2302 ista
1151 2261 1370 2315 scriberet,
1399 2261 1453 2304 de
1483 2277 1598 2304 com-

270 2315 473 2371 ponendo
516 2321 660 2358 tantae
699 2316 993 2372 amplitudinis
1032 2330 1159 2371 opere
1199 2316 1430 2379 cogitaret,
1479 2317 1597 2372 ipsae

272 2370 380 2413 adeo
410 2371 563 2412 aetatis
593 2372 784 2414 rationes
813 2371 1013 2414 videntur
1040 2370 1327 2426 prohibuisse,
1360 2372 1412 2414 de
1443 2374 1597 2427 quibus

270 2427 383 2468 infra
411 2441 490 2468 suo
519 2426 615 2468 loco
644 2429 929 2483 explicabitur
959 2428 1014 2482 *).
1073 2425 1163 2470 Sed
1192 2426 1273 2468 hoc
1304 2427 1475 2480 quidem
1504 2435 1600 2471 utut

338 2561 371 2602 ²⁸)
406 2560 576 2592 Similiter
600 2564 702 2602 atque
726 2571 747 2594 n
754 2571 792 2592 os
816 2562 936 2593 statuit
960 2561 1063 2593 etiam
1089 2558 1116 2590 C
1125 2567 1180 2593 ar.
1201 2559 1230 2590 F
1238 2569 1254 2590 r
1263 2560 1274 2590 i
1283 2560 1316 2591 d.
1330 2560 1362 2591 H
1372 2570 1390 2592 e
1397 2570 1414 2591 r
1422 2571 1454 2592 m
1462 2570 1484 2592 a
1492 2570 1514 2591 n
1523 2570 1545 2591 n
1553 2570 1574 2591 u
1583 2571 1598 2592 s

407 2605 635 2639 Commentat.
676 2605 726 2638 De
757 2607 912 2646 vestigiis
944 2606 1132 2638 institutor.
1165 2608 1319 2637 veterum
1349 2615 1412 2646 per
1444 2605 1598 2638 Platonis
