1612 2872
230 116 357 157 CXL
652 111 1128 155 PROLEGOMENA

231 225 531 279 magistratus,
566 223 639 276 qui
668 237 782 263 nuuc
813 223 911 275 sint,
943 222 986 262 id
1014 221 1186 263 studere
1219 229 1415 276 oportere
1444 220 1555 277 iudi-¹

232 286 375 332 catur,
413 285 463 318 ut
505 278 619 319 omni
658 292 739 332 ope
770 277 901 318 vitam
930 278 1067 330 illam,
1099 291 1208 330 quae
1237 277 1337 318 olim
1367 276 1555 319 Saturno

233 343 438 390 regnante
476 333 608 374 inisse
636 332 933 387 perhibeatur,
976 333 1020 373 in
1049 331 1341 388 gubernandis
1370 331 1556 373 civitati-

233 391 312 430 bus
354 389 442 430 suis
472 389 714 440 imitentur,
746 387 930 442 ideoque
959 387 1027 440 id,
1069 387 1187 442 quod
1227 388 1270 428 in
1300 387 1424 428 nobis
1453 387 1558 428 insit

234 443 493 495 immortale,
527 442 676 484 sedulo
715 450 960 498 respectent
1005 449 1049 484 et
1098 453 1356 497 sequantur,
1400 442 1556 497 leges

233 499 438 554 (νόμους)
478 513 572 540 esse
603 504 802 554 putantes
833 514 981 540 revera
1011 501 1089 539 νοῦ
1119 500 1349 553 διανομήν,
1380 497 1461 538 hoc
1491 503 1559 538 est

234 554 386 595 mentis
426 560 470 594 et
514 555 691 596 rationis
741 555 863 609 quasi
922 553 1137 608 quandam
1200 553 1556 598 distributionem.

233 610 332 661 Quo
373 608 545 662 quidem
583 610 679 652 loco
716 609 841 651 facile
869 616 936 652 est
962 609 1323 663 animadvertere,
1353 607 1558 663 quidnam

231 663 338 705 illud
366 665 437 717 sit,
468 665 511 706 in
543 680 628 719 quo
657 666 981 721 magistratuum
1012 666 1177 707 iustitia
1203 675 1401 720 ponatur.
1454 662 1559 705 Cer-

233 720 349 763 nitur
386 721 498 762 enim
534 723 577 762 in
609 735 675 774 eo,
706 728 754 763 ut
782 722 1043 776 imperantes
1072 720 1330 776 cupiditates
1361 734 1460 762 suas
1491 734 1557 760 ra-

232 776 360 821 tionis
399 782 530 830 atque
568 776 709 832 legum
752 777 930 833 imperio
968 783 1218 829 coerceant,
1257 776 1460 832 legesque
1490 789 1557 815 sa·

232 832 401 887 pienter
430 833 612 887 scriptas
642 841 858 887 tamquam
889 833 1069 874 rationis
1110 832 1227 873 iussa
1258 831 1456 886 religiose
1486 845 1558 872 co-

233 887 324 928 lant
365 902 415 928 ac
453 894 670 941 tueantur,
718 903 804 942 quo
833 898 947 930 recte
990 903 1068 930 suo
1107 902 1281 929 munere
1328 888 1557 942 fungentes

234 943 423 985 civitatis
462 950 506 984 et
543 943 795 985 felicitatem
833 951 876 985 et
912 944 1240 999 perpetuitatem
1271 943 1477 984 adiuvent
1508 956 1558 983 ac

233 1004 487 1041 sustentent.
546 999 598 1039 In
629 1013 714 1052 quo
742 997 914 1053 quidem
951 1000 1123 1055 negotio
1155 1014 1232 1040 suo
1263 998 1379 1052 quod
1407 997 1559 1039 iuben-

234 1061 304 1095 tur
341 1054 385 1095 in
425 1053 669 1099 Saturniam
706 1054 822 1101 illam
864 1054 1080 1097 civitatem
1116 1060 1332 1108 tamquam
1367 1053 1559 1094 divinum

236 1109 452 1164 quoddam
491 1125 616 1151 verae
657 1110 847 1152 civitatis
887 1110 1103 1166 exemplar
1131 1110 1312 1161 intueri,
1352 1108 1407 1150 ad
1437 1108 1558 1150 cuius

234 1165 555 1208 similitudinem
595 1180 691 1218 eas,
731 1166 887 1220 quibus
924 1167 1008 1222 ipsi
1047 1167 1262 1220 praesint,
1293 1164 1558 1218 respublicas

234 1235 382 1277 regere
421 1227 465 1262 et
503 1236 760 1276 componere
790 1221 1060 1265 conducibile
1091 1222 1168 1275 sit,
1198 1228 1263 1263 est
1293 1221 1484 1276 profecto
1513 1219 1559 1260 id

233 1277 374 1332 ipsum
417 1291 591 1331 quoque
629 1277 728 1331 tale,
767 1284 815 1319 ut
842 1278 887 1319 in
925 1294 975 1319 eo
1006 1293 1156 1332 opere,
1195 1277 1238 1318 in
1276 1292 1361 1331 quo
1391 1291 1476 1317 non
1507 1274 1560 1316 de

234 1333 448 1388 perfectae
489 1333 674 1374 civitatis
714 1334 856 1388 specie
896 1342 940 1375 et
977 1333 1186 1388 imagine,
1229 1347 1314 1386 qua
1342 1331 1559 1372 meliorem

235 1389 379 1429 animo
420 1388 527 1443 fingi
564 1395 609 1429 et
645 1389 825 1445 cogitari
855 1404 942 1430 non
978 1389 1126 1442 liceat,
1168 1388 1323 1444 agitur,
1365 1386 1442 1429 sed
1472 1385 1560 1428 dis-

236 1449 412 1499 putatur
452 1444 504 1485 de
544 1445 765 1499 republica
807 1444 861 1486 ad
892 1444 1006 1487 illius
1037 1444 1209 1498 quidem
1241 1442 1559 1485 similitudinem

235 1505 497 1554 comparata,
528 1507 807 1548 veruntamen
835 1501 948 1542 vitae
977 1500 1219 1541 mortalium
1249 1498 1459 1540 communi
1491 1512 1560 1539 ac-

236 1555 530 1607 commodata,
581 1556 688 1596 scite
741 1571 791 1597 ac
837 1556 1073 1611 prudenter
1118 1556 1302 1611 positum
1349 1553 1558 1595 videatur.

236 1611 347 1652 Nam
379 1618 584 1664 quantum
614 1612 883 1654 auctoritatis
923 1613 966 1653 in
996 1613 1158 1667 optima
1193 1611 1364 1652 civitate
1401 1609 1564 1650 habent

236 1667 450 1720 sapientes
489 1667 703 1721 principes
744 1674 788 1708 et
826 1668 1126 1722 magistratuS,
1166 1667 1238 1720 qui
1278 1666 1399 1707 vivae
1437 1665 1559 1719 quasi

234 1722 471 1777 sapientiae
510 1722 646 1763 instar
685 1735 785 1764 sunt
820 1723 1004 1777 ideoque
1042 1723 1175 1764 nullis
1205 1723 1346 1778 legum
1379 1720 1560 1762 vinculis

235 1777 561 1833 constringendi
599 1777 866 1831 iudicantur,
916 1785 1081 1820 tantum
1126 1779 1168 1818 in
1206 1776 1561 1833 veralrepublica

234 1833 439 1874 tribuitur
474 1833 664 1888 legibus,
703 1840 854 1888 utpote
893 1849 945 1875 ex
985 1836 1199 1890 perfecta-e
1238 1833 1414 1874 rationis
1444 1831 1561 1872 fonte

237 1889 379 1930 ductis
409 1895 539 1942 atque
570 1888 787 1932 derivatis.
846 1890 905 1930 Et
935 1891 1063 1932 sicuti
1092 1890 1270 1945 perfecti
1302 1888 1361 1929 illi
1391 1888 1561 1942 sapien-

236 1952 302 1986 tes
340 1945 543 1986 iubentur
579 1944 796 1987 indefesso
844 1945 988 1987 studio
1038 1945 1314 2000 contemplari
1364 1950 1559 1984 aeternas

237 2000 496 2055 sapientiae,
537 2001 740 2043 bonitatis
771 2008 814 2043 et
854 2002 1043 2043 iustitiae
1090 2001 1256 2056 species
1307 2014 1358 2040 ac
1403 1999 1561 2056 formas

238 2056 506 2110 maximeque
536 2057 638 2098 boni
657 2056 813 2110 ideam,
845 2073 930 2112 quo
953 2058 1123 2113 possint
1152 2072 1282 2110 quum
1312 2069 1414 2096 suas
1444 2054 1561 2109 ipso-

239 2128 331 2153 rum
362 2118 524 2154 mentes
556 2117 598 2153 et
627 2113 806 2163 animos,
837 2119 926 2154 tum
956 2113 1110 2155 civium
1141 2112 1399 2165 reliquorum
1430 2111 1562 2151 vitam

238 2166 294 2208 ad
336 2182 480 2208 earum
514 2168 725 2211 rationem
765 2169 1031 2210 conformare
1071 2182 1208 2221 eoque
1247 2173 1380 2209 totam
1411 2166 1560 2208 civita-

237 2231 339 2275 tem,
371 2238 496 2276 quam
527 2225 781 2279 gubernent,
812 2225 958 2267 facere
983 2235 1026 2264 et
1053 2238 1221 2265 servare
1253 2238 1379 2276 quam
1404 2222 1561 2264 beatis·

238 2279 387 2320 simam
419 2278 493 2331 (de
526 2294 609 2333 qua
638 2295 684 2321 re
714 2297 754 2321 v,
784 2280 906 2336 Re‘ip.
938 2280 1018 2322 VI.
1049 2295 1089 2334 p.
1113 2280 1207 2322 500.
1237 2279 1293 2320 D.
1329 2279 1469 2332 sqq.);
1500 2278 1561 2319 ita

240 2334 310 2375 hic
330 2334 374 2386 ii,
408 2334 840 2389 quigtgubernaculum
859 2335 1123 2390 reipublicae
1152 2341 1314 2386 tenent,
1333 2339 1560 2381 monentur

240 2395 284 2432 et
321 2389 441 2445 gravi
479 2389 774 2433 cohortatione
794 2392 1066 2446 jncitantur,
1104 2397 1152 2432 ut
1181 2391 1223 2431 in
1255 2391 1424 2432 beatum
1454 2389 1559 2431 illud

239 2447 562 2500 perfectumque
592 2446 766 2488 Saturni
797 2463 976 2501 regnum
1005 2454 1220 2500 tamquam
1249 2447 1464 2501 perfectae
1494 2460 1559 2486 re-

239 2501 601 2555 rumpublicarum
648 2500 993 2558 gubernationis
1019 2503 1258 2557 exemplum
1298 2502 1559 2553 intueantur,

241 2557 593 2610 meminerintque
632 2573 821 2612 semper,
863 2560 979 2615 leges
1019 2557 1123 2612 quid
1162 2558 1247 2599 sint
1284 2563 1326 2598 et
1350 2571 1559 2611 ‘quorsum

240 2611 430 2655 tendant.
504 2613 733 2655 Enimvero
773 2614 1044 2667 quantumvis
1085 2614 1259 2655 alterius
1303 2613 1426 2654 huius
1457 2612 1560 2654 civi-
