1612 2872
248 99 328 139 258
727 97 910 138 P-LAT
924 97 963 138 O
980 98 1015 138 N
1036 98 1048 138 l
1066 98 1096 140 S

247 229 378 268 μυρια
414 215 486 263 ἔτη
523 211 812 254 διελανθανεν
846 210 936 267 ἄρα
973 229 1073 261 τους
1108 217 1226 257 τοτὲ·
1259 217 1375 268 χίλια
1412 215 1452 257 δ’
1494 216 1567 271 ἀφ

335 284 405 332 γέ)
409 294 507 320 ονεν
538 275 562 329 ὴ
600 280 665 326 ὄις
705 280 896 320 τοσαῦτα
915 283 987 329 έτη
1016 276 1069 319 τὰ
1107 281 1185 332 μὲν
1208 281 1405 333 Δαιδάλῳ
1440 286 1573 323 κατἀ-

249 346 368 401 φανῆ
405 347 568 397 γέγονε,
607 343 659 384 τα
698 345 742 385 δὲ
773 342 931 401 Ορφεῖ,
968 343 1021 386 τὰ
1057 345 1100 386 δὲ
1132 345 1403 401 Παλαμήδει,
1439 364 1492 389 τα
1530 351 1573 390 ὸὲ

250 412 345 462 περὶ
387 407 597 462 μουσικὴν
634 410 827 465 Μαρσύᾳ
873 413 942 452 καὶ
977 409 1195 464 Ὀλύμπῳ,
1223 415 1318 466 περὶ
1361 412 1496 466 λύραν
1531 416 1574 455 δὲ

247 475 464 530 Ἀμφίονι,
501 474 555 517 τὰ
593 475 635 517 δ’
676 474 788 518 ἄλλα
825 475 974 525 ἄλλοις
1010 475 1262 537 πάμπολλα,
1298 477 1353 528 ὡς
1387 483 1491 528 ἔπος
1521 484 1575 521 εὶ-

252 550 357 590 πεῖν,
388 543 502 595 χθὲς
536 543 607 583 καὶ
645 542 796 596 πρώην
831 544 1051 594 γεγονότα.

350 608 444 650 ΑΘ.
501 600 595 663 'Ap
632 607 774 658 οἶσθ’,
811 601 840 648 ὦ
883 611 1072 658 Κλεινία,
1110 607 1187 651 τὸν
1221 613 1351 666 φίλων
1388 609 1455 652 ὅτι
1494 627 1576 652 πα-

251 675 426 726 ρέλιπες,
462 670 540 715 τὸν
574 671 763 728 ἀτεχνῶς
793 676 905 728 χθὲς
939 674 1196 728 γενόμενον;

351 739 454 780 ΚΛ.
523 741 636 782 Μῶν
671 740 846 793 φράζεις
875 739 1170 794 ’.Επιμενίόηνς

344 806 448 846 Ἀθ.
519 806 608 846 Ναὶ
652 808 808 848 τοῦτον
819 820 828 828 ·

867 806 976 848 πολὺ
1022 805 1105 859 γάρ
1148 804 1250 860 ὑμῖν
1286 804 1577 859 ὑπερεπήδησε

252 870 312 923 τῷ
343 870 626 925 μηχανήματι
663 869 763 920 τοὺς
797 871 1063 925 ξύμπαντας,
1093 866 1123 912 ὦ
1161 874 1282 929 φίλν

1317 869 1339 913 ὃ
1364 873 1475 925 λόγῳ
1500 875 1578 926 μὲν

338 995 414 1043 Ἆρ’
449 995 566 1032 οἶσθ’
595 994 622 1031 ὦ
653 998 743 1043 Κλ]
779 998 846 1032 I'ur’
879 1002 922 1032 A.
959 1000 995 1031 R.
1033 998 1070 1035 Ω.
1108 1001 1131 1032 f.
1163 1001 1195 1034 h.
1231 1011 1260 1031 r.
1291 998 1400 1041 ἄριστ’
1426 996 1452 1032 εὖ
1479 1001 1575 1034 Voss.

252 1045 373 1078 Edidit
397 1043 463 1078 ἴστ’
487 1046 709 1079 Schneider.=
736 1056 858 1078 vereor
881 1051 919 1078 ut
940 1050 1043 1078 recte.

256 1159 478 1198 gerichtet
518 1159 597 1198 ist,
646 1159 755 1190 auch
809 1167 884 1189 nur

255 1204 408 1243 irgeud
437 1203 884 1236 etwasneuesiemals

256 1249 477 1280 erfunden
501 1250 671 1280 werden
688 1248 883 1281 konnen?

257 1294 360 1326 Dass
394 1304 435 1326 es
466 1295 675 1326 demnach
713 1294 784 1325 fiir
817 1295 886 1325 die

256 1340 507 1380 damaligen
523 1340 756 1371 Menschen
777 1339 887 1371 viele

254 1384 583 1417 Jahrtausende
637 1386 888 1425 verborgen

258 1430 376 1462 blieb
417 1448 455 1453 —-—
495 1449 540 1454 —
578 1434 614 1453 “-
661 1431 787 1472 (intell.
827 1431 886 1461 ist

259 1476 405 1506 nicht
428 1475 802 1515 befremdlich,
826 1476 887 1506 ist

259 1521 371 1552 wohl
401 1521 656 1563 offenbar)‘;
691 1522 887 1562 dagegen

259 1567 358 1597 sind
381 1575 424 1597 es
450 1573 541 1598 erst
574 1568 757 1598 tausend
782 1566 888 1598 oder

259 1612 559 1642 zweitau·send
591 1611 742 1650 Janre,
788 1612 887 1642 seit-

257 1657 364 1687 dem
387 1657 605 1697 Einiges
636 1655 888 1688 entdeekt

259 1702 434 1733 worden
458 1703 523 1732 ist
555 1711 647 1732 vom
670 1700 885 1740 Dadalus,

258 1746 456 1778 Andores
485 1750 548 1778 etc.
581 1751 643 1778 ete.
705 1749 730 1777 A
767 1749 887 1791 nostra.

257 1792 430 1823 sententia
485 1792 643 1823 codicum
696 1792 887 1832 scripturae

256 1837 456 1878 planissime
507 1841 733 1877 attemperata
783 1837 887 1876 longe

257 1881 888 1923 discrepantAstius‚Boeeskhiu&

256 1927 298 1958 C.
346 1927 411 1959 Fr.
467 1927 756 1967 Her-mannus,
814 1927 885 1958 alii.

257 1972 349 2004 Nam
387 1973 540 2004 Aetius
585 1973 723 2014 quidem
764 1972 886 2004 verba:

260 2015 311 2048 ὅτι
344 2014 399 2060 (ὅ,
433 2017 475 2058 τι)
505 2017 565 2057 μὲν
595 2015 659 2059 γὰρ
693 2022 726 2048 et
750 2016 889 2059 γέγονεν

257 2066 338 2104 post
367 2063 544 2105 καταφανῆ
577 2067 742 2104 tanquam
771 2063 890 2104 spuria

258 2109 444 2142 damnavit.
497 2108 756 2140 Boeekhius
804 2117 887 2140 vero

258 2155 371 2185 locum
395 2154 632 2195 supplemento
656 2158 793 2185 auctum
813 2163 888 2185 esse

262 2200 373 2230 voluit
414 2200 505 2231 huno
545 2200 617 2231 fere
655 2200 691 2230 in
731 2194 889 2230 modum:

257 2241 326 2275 Ὅτι
349 2243 409 2283 μὲν
438 2243 502 2286 γὰρ
533 2242 687 2299 μυριάκις
710 2242 812 2285 μύρια
835 2244 890 2284 ἔτη

263 2287 475 2329 διελήλυθεν,
508 2288 546 2330 ἐξ
577 2284 620 2321 οὗ
651 2289 689 2321 τὰ
718 2287 802 2320 αὐτὰ
827 2287 890 2330 ἤδη

262 2334 344 2365 ποτὲ
373 2331 607 2377 ἅνευρήκεσαν
638 2335 674 2366 οἱ
694 2333 888 2377 ἅνθρωποι,

261 2377 526 2411 ὃιελάνθανεν”
504 2392 569 2422 αρα
585 2378 667 2412 τοὺς
683 2378 765 2417 τότε,
778 2391 806 2411 κ.
822 2392 848 2412 τ.
865 2380 891 2410 λ.

265 2425 376 2457 Porro
400 2425 439 2458 C.
464 2425 527 2456 Fr.
551 2427 818 2458 Hermannus
848 2434 892 2456 ex

260 2471 340 2502 eod.
366 2469 445 2502 Par.
462 2471 521 2503 Ἀἱ
546 2472 671 2504 edidit:
697 2472 815 2502 τοῦτο·
842 2467 892 2502 ὅτι

264 2513 325 2554 μὲν
372 2512 452 2557 γὰρ,
489 2515 540 2546 ita
586 2517 740 2557 quidem,
776 2521 814 2547 ut
833 2522 836 2530 ¹
857 2516 891 2547 in

264 2561 334 2592 isto
375 2558 428 2592 ὅτι·
465 2560 574 2592 latere
619 2563 813 2602 suspicatus
848 2562 894 2592 sit

266 2606 330 2637 οἴει
359 2610 393 2637 et
420 2606 515 2646 prius
548 2606 688 2647 γέγονεν
732 2612 894 2648 tanquam

263 2651 452 2684 insiticium
466 2652 564 2684 uncis
577 2653 893 2694 circumscripserit,

950 1158 1079 1189 caussis
1112 1160 1287 1197 permotus
1317 1158 1429 1189 minus
1453 1159 1579 1199 proba-

950 1203 1087 1235 bilibus,
1127 1201 1422 1235 Schneiderus
1456 1209 1579 1240 autem,

950 1248 1128 1279 vocabulis
1155 1258 1214 1278 του
1239 1252 1273 1280 et
1296 1245 1358 1289 γὰρ
1384 1249 1520 1281 omissis
1545 1254 1579 1281 et

951 1294 1028 1325 colo
1053 1298 1133 1334 post
1157 1291 1231 1324 τότε
1261 1294 1442 1325 interiecto
1467 1296 1578 1326 locum

950 1341 1000 1371 ita
1037 1339 1282 1380 interpretatus
1321 1343 1389 1371 est:
1430 1340 1578 1372 multis

953 1384 1126 1426 quidem
1150 1384 1344 1416 millibus
1374 1395 1579 1418 annorum

952 1433 1052 1462 ante
1083 1429 1225 1461 fuisse
1255 1429 1371 1468 haee,
1396 1431 1438 1462 id
1461 1431 1579 1462 scili-

953 1479 1021 1507 eet
1047 1475 1244 1515 fugiebat
1269 1485 1360 1515 eos,
1386 1476 1454 1516 qui
1484 1476 1579 1507 illis

952 1521 1217 1560 temporibus
1272 1525 1413 1559 erant3
1451 1521 1580 1564 'mille

953 1575 1055 1597 vero
1090 1570 1160 1597 aut
1203 1566 1267 1596 bis
1313 1566 1434 1597 mille
1478 1567 1579 1597 anni

954 1614 1070 1649 sunt,
1109 1614 1338 1650 postquam
1386 1611 1473 1642 alia
1519 1612 1580 1642 in·

954 1659 1083 1687 venta
1114 1657 1209 1686 sunt
1240 1665 1261 1686 a
1292 1655 1483 1687 Daedalo
1514 1661 1578 1689 ete.

953 1700 1049 1738 Quae
1079 1701 1319 1740 interpretatio
1353 1701 1468 1732 verbis
1500 1701 1581 1741 Pla-

951 1747 1044 1777 tonis
1061 1746 1132 1775 vim
1155 1745 1259 1776 infert
1271 1749 1305 1776 et
1328 1745 1477 1777 alienam
1501 1747 1580 1778 sub-

950 1792 1026 1822 iicit
1055 1790 1259 1821 sententiam
1294 1791 1458 1822 universo
1501 1792 1580 1822 loeo

952 1845 1074 1878 parum
1105 1836 1375 1867 convenientem.
1423 1835 1583 1878 Denique

954 1882 1161 1913 Baiterus
1194 1881 1236 1912 de
1268 1881 1380 1912 Astii
1415 1885 1448 1912 et
1477 1881 1579 1914 Bad-

951 1927 1066 1958 hami
1097 1927 1270 1958 sententia
1305 1923 1350 1957 01'5
1380 1937 1408 1956 τι
1436 1937 1497 1967 pro
1532 1924 1582 1958 ὅτι

953 1972 1092 2012 scripsit
1140 1972 1330 2012 iisdemque
1383 1973 1582 2004 auctoribus

954 2017 1074 2059 γέγονε
1105 2021 1184 2057 post
1223 2017 1400 2057 καταφανῆ
1419 2018 1581 2058 ⁴sustulit,

954 2063 1043 2094 hane
1075 2066 1170 2093 ratus
1200 2062 1381 2093 verborum
1405 2071 1480 2094 esse
1504 2072 1579 2094 sen-

953 2108 1170 2139 tententiam:
1201 2105 1284 2147 „Si
1309 2110 1448 2147 artes,
1474 2117 1582 2148 quas

954 2163 1065 2184 nunc
1094 2152 1319 2194 habemus,
1355 2152 1474 2184 intra
1509 2152 1579 2186 bis

953 2198 1071 2230 mille
1115 2197 1166 2228 ad
1208 2207 1409 2229 summum
1452 2194 1581 2238 anno-

954 2253 1045 2275 rnm
1070 2243 1257 2283 spatium
1282 2252 1422 2275 omnes
1436 2253 1581 2275 inven

956 2293 1022 2320 tae
1059 2291 1175 2329 sunt,
1213 2289 1482 2325 incredibile
1517 2294 1582 2321 est

956 2344 1029 2375 per
1052 2334 1300 2364 immensam
1318 2334 1581 2374 praeceden-

956 2380 1061 2410 tium
1109 2378 1381 2410 saeculorum
1427 2379 1582 2411 seriem

957 2424 1063 2456 nihil
1098 2433 1305 2464 ,unquam
1361 2425 1507 2456 simile
1560 2435 1582 2457 a

957 2478 1167 2510 quoquam
1212 2472 1427 2510 repertum
1475 2478 1580 2502 esse.

959 2514 1033 2546 Sin
1057 2518 1272 2555 repertum
1294 2514 1464 2555 aliquid
1488 2523 1578 2546 con-

959 2560 1295 2598 eedimus,idem
1317 2564 1416 2591 ante
1438 2569 1579 2591 eorum

957 2607 1209 2646 temporum,
1233 2604 1353 2645 quia
1376 2604 1499 2636 nobis
1524 2605 1580 2636 in-

965 2654 1178 2683 ventores
1219 2649 1447 2689 habentur,
1476 2649 1580 2683 Dae-
