1612 2872
254 116 305 156 (58
729 111 1093 155 PLATONIS

173 229 210 270 Β
251 231 391 283 θαίνει
437 233 495 281 71'7
511 230 670 270 νεσθαι
719 229 777 281 τῷ
827 245 886 282 μη
920 226 1084 285 φθόνῳ
1121 225 1175 269 τὰ
1215 226 1458 281 λεὶόμενα
1473 224 1576 270 ἀλλ’

253 295 402 348 εὐνοιᾳ
437 298 660 347 ὸεχοιιὲνῳ.
1154 320 1157 329 -.
1542 317 1545 325 =
1569 321 1573 328 -

352 357 460 417 Cap.
510 355 634 400 Vlll.
702 360 801 400 ΑΘ.
868 359 1041 407 Καλῶς.
1090 357 1142 401 ου
1177 356 1264 412 μὴν
1296 360 1505 413 ἐπιτιμῶν
1537 374 1584 410 γε

253 427 333 481 ἐρῶ
371 432 461 473 τοῖς
496 425 648 479 νόμοις
683 441 783 474 πως,
820 440 922 479 πριν
955 425 1141 478 βεβαιως
1174 429 1232 476 εὶς
1267 423 1453 479 δύναμιν
1490 426 1583 467 δια-

254 495 534 565 σκέψασθαι,
584 492 752 545 μᾶλλον
800 492 843 532 δὲ
879 491 1075 544 ἀπορῶν.
1124 487 1227 546 ὑμῖν
1254 488 1348 568 φὰς)
1384 489 1407 533 ὁ
1443 507 1585 551 νομο-

255 561 392 607 θετης
424 554 579 610 μόνοις
607 555 823 608 Ελλήνων
862 559 932 598 καὶ
953 553 1204 613 βαρβαρων,
1240 550 1301 599 ὧν
1323 555 1444 611 ἡμεῖς
1480 572 1584 598 πυν·

255 619 526 677 θανόμεθα,
570 624 655 664 τῶν
687 639 779 677 με>ι
785 638 870 670 ςων
906 620 1075 673 ἡδονῶν
1109 631 1179 664 και
1214 624 1401 665 παιὺιῶν
1435 627 1583 665 ἑπέτα-

254 689 323 740 ξεν
350 687 599 743 ἀπέχεσθαι
643 692 714 731 καὶ
749 686 808 743 μὴ
843 686 1077 742 γεύεσθαι,
1119 687 1169 730 τὸ
1215 690 1258 730 δὲ
1305 690 1393 730 τῶν
1434 689 1583 731 λυπῶν

254 758 325 797 καὶ
360 754 533 810 φόβων,
570 752 677 808 ὅπερ
712 752 814 810 ἄρτι
849 754 1191 808 διεληλύθαμεν.
1220 751 1415 808 ἡγήσατο
1451 754 1488 797 εἴ
1519 771 1584 804 τις

189 819 225 861 C
255 826 299 863 ἐκ
342 822 509 863 παίδων
554 822 769 879 φευξεῖται
807 817 885 862 διὰ
916 821 1085 870 τέλους,
1140 818 1312 862 ὁπόταν
1346 824 1404 870 εἰς
1444 819 1581 874 ἀναγ-

254 890 404 936 καίους
446 888 560 946 ἔλθῃ
593 885 756 936 πόνους
789 887 861 928 καὶ
895 885 1063 944 φόβους
1096 888 1168 960 καὶ
1212 885 1372 938 λύπας,
1417 886 1581 945 φευξεῖὲ

347 1015 384 1048 Ρ.
408 1014 486 1049 635.
534 1014 618 1068 Cap.
644 1013 736 1046 vni.
783 1012 825 1044 B.
874 1023 923 1068 ου
946 1010 1023 1054 μὴν
1048 1010 1266 1052 ἐπιτιμῶν
1273 1023 1316 1056 γε
1339 1012 1440 1055 ἐρῶ]
1467 1013 1577 1055 Vulgo

254 1061 484 1093 scribebatur.
522 1055 564 1090 οὐ
592 1056 657 1099 μήν
688 1069 725 1101 )ε
754 1057 871 1097 ἑπιιιμ.
902 1056 979 1100 ἐρῶ.
1027 1055 1098 1089 Sed
1129 1062 1221 1089 recte
1246 1059 1283 1091 Α.
1307 1058 1348 1090 B.
1382 1055 1418 1089 Ω.
1443 1068 1473 1091 v
1498 1058 1522 1090 f.
1546 1058 1575 1090 h.

255 1117 281 1138 r.
309 1115 339 1138 a.
366 1114 398 1137 0.
424 1103 454 1136 δ.
480 1114 512 1136 x.
538 1115 569 1136 z.
597 1115 634 1146 γε
661 1108 740 1145 post
767 1102 924 1142 ἐπιτιμῶι
953 1105 1092 1144 ponunt.
1141 1101 1224 1135 Dein
1253 1112 1295 1135 ex
1327 1095 1417 1136 Vind
1442 1113 1474 1135 Ζ.
1507 1109 1579 1134 nm

255 1161 318 1194 pro
342 1161 395 1182 πω
421 1149 519 1191 dedi,
543 1149 632 1191 qnod
659 1149 765 1183 edidit
788 1150 890 1182 etiam
916 1147 1113 1186 Schneider.

302 1262 385 1300 Cap.
414 1261 514 1292 VIII.
551 1259 588 1291 B.
631 1256 680 1290 οὐ
705 1258 784 1300 μὴν
809 1261 889 1292 ἑπι-

257 1308 358 1346 τιμώ
378 1318 453 1338 ν-
471 1303 629 1344 νόμοις
653 1306 752 1347 πως]
777 1307 893 1347 Vuigo

256 1364 319 1391 mu,
372 1351 474 1385 Quod
508 1349 756 1383 subabsurdum
794 1357 892 1406 puta-

257 1409 344 1431 mus.
394 1398 479 1430 Nam
507 1393 551 1427 οὔ
574 1406 626 1426 πω
647 1395 765 1428 dic-ens
789 1397 891 1438 signi-

256 1445 391 1481 ficaret,
427 1452 466 1474 se
493 1443 589 1482 leges
614 1440 829 1475 Cretensium
857 1446 893 1475 et

257 1466 502 1531 Spartanorum
530 1486 711 1526 anquando
737 1498 814 1520 esse
835 1498 890 1520 re-

257 1533 513 1577 prehensurum.
562 1532 673 1563 Multo
699 1533 889 1565 modestius

256 1580 359 1621 igitur
389 1578 554 1619 loquitur,
595 1577 624 1608 si
655 1572 697 1607 οὐ
730 1596 773 1602 -
807 1587 888 1616 πως,

256 1634 338 1657 ιιοιι
384 1624 532 1664 aliquo
587 1621 736 1662 modo,
795 1623 889 1661 dicit,

256 1668 347 1710 quod
379 1669 540 1709 scriptum
575 1670 668 1699 extat
704 1667 737 1699 in
769 1669 889 1701 codice

256 1712 523 1747 vindobonensi.

302 1780 342 1813 C.
400 1777 670 1820 φευξεῖσθαι
709 1777 815 1812 τοὺς
847 1779 889 1812 ἐν

258 1824 334 1869 ἑκ.]
373 1825 505 1858 Mutata
541 1828 595 1856 est
638 1824 769 1866 periodi
807 1836 888 1858 con-

257 1871 414 1903 structio.
463 1869 680 1909 Expectabas
707 1870 794 1902 enim
809 1875 889 1912 post

259 1917 295 1948 sl'
313 1924 360 1947 τις
392 1916 583 1948 subiectum
617 1915 658 1947 iri
684 1915 887 1955 φευξεῖσθαι

261 1958 386 1999 αυτόν;
427 1959 489 1993 sed
521 1969 584 2002 pro
614 1970 656 1992 eo
694 1960 816 1993 fortius
853 1966 889 1994 et

259 1985 488 2050 ponderosius
537 2006 676 2046 ponitur
721 2004 803 2038 ιοὺε
852 2006 889 2038 ἐν

260 2051 404 2084 ἐκεινοις
448 2049 755 2106 γεγυμνασμένους.
805 2052 887 2084 Dein

260 2108 324 2141 pro
359 2098 413 2129 καὶ
451 2092 801 2129 δουλεύσεινιαυτοῖε
829 2098 888 2130 aii·

260 2144 336 2183 quis
372 2145 472 2184 putet
518 2140 752 2196 reponendum
791 2153 888 2175 esse·

262 2189 315 2219 καὶ
339 2186 389 2229 μὴ
415 2184 612 2219 δουλεύσειν
642 2183 768 2220 αυτοῖς.
818 2187 888 2221 Sed

260 2233 339 2266 nihii
371 2232 621 2265 sonicitaudum
653 2243 730 2265 esse
765 2232 891 2266 docent

259 2287 348 2319 quae
362 2287 441 2310 mox
454 2277 662 2309 inferuntur·
681 2275 887 2310 aavaev‘oov-

262 2333 295 2355 σι
318 2322 447 2365 τρόπον
466 2321 582 2364 ἕτερον
604 2322 658 2354 καὶ
685 2319 734 2354 ἔτ’
759 2323 887 2365 αἰσχιᾝω

260 2369 383 2410 Itaque
429 2366 603 2399 δουλεύειν
645 2364 762 2400 amois
798 2379 888 2402 nunc

261 2418 331 2446 est·
361 2413 413 2446 iis
443 2413 682 2452 inservire,
719 2413 749 2446 h.
776 2425 806 2447 e
831 2418 887 2447 to-

259 2459 409 2491 leranter
433 2458 583 2500 perpeti,
614 2459 782 2499 patienter
805 2470 888 2494 con—

261 2504 386 2538 cedere
408 2503 614 2536 necessitati.

305 2570 481 2613 λέγοντα
503 2566 635 2602 αὐτὸν
659 2568 766 2612 πρὸς
794 2571 885 2603 ἑαυ-

260 2613 352 2658 τὸν]
385 2616 447 2648 ita
478 2625 621 2648 secum
652 2615 792 2649 animo
820 2627 885 2650 eo-

256 2662 482 2704 gitantem:
515 2661 586 2701 „si
621 2660 748 2694 uobis
781 2660 883 2696 inde

959 1271 978 1292 a
1019 1258 1166 1301 pneris
1213 1257 1406 1299 imperiti
1456 1259 1583 1288 erunt

960 1304 1236 1338 maximarum
1263 1313 1281 1334 v
1300 1303 1378 1334 oiu
1396 1304 1582 1343 ptatum

957 1351 1075 1383 cives
1115 1348 1255 1380 nostri
1289 1357 1425 1388 neque
1455 1355 1583 1379 exer·

958 1394 1090 1428 citati
1137 1394 1188 1426 ad
1239 1392 1583 1425 constantiam

957 1439 1249 1481 (temperantiam)
1278 1438 1315 1470 in
1346 1437 1582 1479 voluptati—

959 1486 1036 1518 bus
1085 1482 1382 1526 percipiendis
1421 1487 1493 1515 aut
1530 1481 1582 1513 ad

957 1530 1177 1562 vitandam
1210 1529 1397 1570 turpiter
1430 1526 1580 1569 agendi

955 1576 1348 1614 necessitatem,
1407 1576 1583 1615 propter

956 1621 1122 1653 mollem
1172 1622 1450 1660 teneramque
1497 1617 1583 1651 ani-

956 1674 1118 1698 morum
1159 1663 1208 1695 ad
1241 1664 1493 1704 voluptates
1522 1663 1583 1695 in·

955 1710 1232 1743 clinationem
1258 1708 1365 1741 idem
1390 1709 1457 1740 iis
1468 1707 1582 1740 acci-

956 1755 1041 1796 det,
1066 1754 1174 1796 quod
1202 1754 1273 1794 eis,
1299 1754 1368 1795 qui
1393 1762 1580 1786 succum-

955 1801 1060 1834 bunt
1089 1799 1336 1832 timoribus.
1367 1817 1411 1822 -—
1443 1795 1581 1840 γιγνό-

956 1857 1032 1886 μεν
1043 1856 1080 1877 οι
1105 1843 1166 1876 ἐν
1174 1847 1265 1876 ταῖς
1299 1841 1477 1886 ἡδοναῖς
1501 1853 1581 1885 pro-

954 1892 1028 1934 prie
1051 1894 1119 1923 est·
1156 1889 1249 1921 dum
1281 1894 1520 1922 versantur
1541 1887 1582 1919 in

954 1935 1282 1977 voluptatibu83
1311 1935 1360 1967 sic
1383 1935 1470 1967 enim
1496 1929 1582 1965 εἶναι

955 1987 990 2015 et
1014 1980 1192 2024 γιγνεσθαι
1216 1981 1252 2012 ἒν
1267 1991 1329 2011 τινι
1352 1979 1509 2021 usurpari
1524 1989 1580 2010 so-

955 2029 1022 2067 let,
1046 2026 1078 2059 id
1102 2025 1193 2068 quod
1220 2029 1355 2067 praeter
1380 2025 1510 2058 Antium
1537 2022 1580 2055 ad

955 2071 985 2105 h.
1003 2073 1032 2105 -Ι,
1060 2071 1252 2104 docuerunt
1280 2070 1492 2102 Abresch.
1521 2068 1580 2099 Di-

955 2116 1059 2149 incid.
1102 2114 1266 2157 Thucyds
1294 2119 1393 2147 Auct.
1430 2125 1463 2157 p.
1484 2113 1579 2147 405,

956 2162 1187 2194 viiioison.
1220 2159 1263 2191 ad
1298 2160 1406 2201 Long.
1444 2170 1476 2201 p.
1499 2158 1579 2193 242.

955 2206 1151 2240 Erfurdt,
1172 2205 1227 2238 ·ad
1258 2205 1345 2237 Oed.
1376 2205 1418 2237 Τ.
1445 2215 1475 2236 ν.
1499 2204 1579 2239 561.

955 2250 1184 2286 Heindorf.
1211 2250 1253 2282 nd
1282 2251 1369 2283 Piat.
1394 2250 1578 2291 Protagor.

955 2308 987 2339 p.
1013 2297 1093 2331 317.
1120 2297 1166 2328 C.
1194 2295 1368 2328 Phaedon.
1401 2307 1432 2336 p.
1457 2295 1512 2330 50.
1539 2296 1578 2327 A.

953 2340 1166 2375 Matthiae
1196 2341 1258 2373 Gr.
1290 2340 1349 2373 Gr.
1383 2340 1413 2381 ξ.
1438 2340 1515 2375 577.
1545 2350 1578 2381 p.

952 2387 1052 2422 1342.
1084 2387 1136 2418 ed.
1168 2386 1200 2419 3.
1226 2405 1268 2411 —
1318 2386 1447 2426 Verba,
1483 2384 1580 2417 ἕνεκα

955 2434 1014 2475 τῆς
1036 2432 1272 2474 γλυκυθυμίας
1291 2449 1336 2457 ·-
1361 2428 1419 2464 τὰς
1442 2427 1578 2472 ἡδονάς,

953 2479 1067 2520 inepte
1106 2479 1206 2519 vulgo
1253 2486 1327 2509 cum
1369 2476 1578 2518 antegressis

952 2520 1200 2566 ἀναγκάζεσθαι
1233 2525 1342 2554 ποιεῖν
1366 2522 1577 2563 coniungun-

952 2574 1024 2609 tur,
1046 2573 1218 2601 commate
1237 2573 1316 2608 post
1341 2570 1448 2598 ποιεῖν
1468 2566 1582 2598 οιιιὶε--

951 2619 1056 2648 εοέῑ
1088 2617 1169 2654 post
1201 2609 1328 2655 ἡδονὰς·
1350 2611 1573 2653 interpositu

949 2669 1050 2703 quam
1076 2659 1243 2692 rationem
1277 2658 1442 2692 mira-ur
1468 2657 1573 2690 etiam
