1612 2872
235 108 314 148 :330

718 109 1088 152 I’LATONIS

161 233 199 272 Ι)
229 238 336 275 μους
380 222 497 273 ἠξίου
543 227 729 275 θέμενος
775 232 906 268 οἰκεῖν
943 225 1123 276 ἰσότητά
1160 243 1258 268 τινα
1295 227 1443 278 κοινὴν
1477 232 1553 276 εὶς-

233 295 386 345 φέρων,
422 290 494 329 καὶ
532 288 607 330 τὸν
643 291 720 330 τοῦ
752 291 904 346 Κύρου
941 292 1109 344 δασμὸν
1136 291 1187 334 ὃν
1208 291 1412 348 ὑπέσχετο
1442 297 1554 347 lle-y·

234 371 330 402 σαις
373 358 431 401 εὶς
476 351 555 394 τὸν
595 355 731 407 νόμον
765 363 917 408 ἐνέδει,
953 360 1104 416 φιλίαν
1140 361 1324 412 πορίζων
1359 363 1428 401 καὶ
1467 377 1553 401 κοι-

238 422 394 460 νωνίαν
451 420 557 460 πᾶσι
614 423 827 474 ΙΙὲρσαις,
877 424 1067 478 χρήμασι
1124 441 1194 466 και
1247 428 1424 479 δωρεαῖς
1478 427 1555 467 τὸν

234 487 415 539 ΙΙεοσῶν
462 486 600 537 δῆμον
656 504 820 542 noega>
823 488 927 543 όμει
931 507 998 540 ος

1054 507 1148 541 τοι)
1151 493 1289 542 αροῦν
1333 491 1452 545 αὐτῷ
1502 493 1552 531 τα

231 551 538 629 στρατεύματα
581 548 674 613 μετΙ
730 555 900 605 εὐνοίας
945 555 1263 610 προςεκτήσατο
1296 550 1440 612 χωρας
1476 557 1555 600 οὐκ

231 619 437 666 Hal-rom
483 618 544 659 ὡν
580 623 775 663 naalma
815 625 969 676 Αῦοος.
1008 620 1113 675 μετὰ
1152 624 1196 664 δὲ’
1230 627 1411 677 Δαρεῖον
1445 621 1468 665 ὁ
1508 625 1554 681 τῇ

323 748 367 779 D.
418 746 488 779 τὸν
522 746 652 786 νόμον
684 748 846 792 ἐνέδει]
885 751 993 793 Vulgo
1020 751 1168 792 pessimo
1194 761 1309 783 errore
1344 751 1556 782 scribebatur

235 790 348 831 ἐνέδυ,
381 794 492 826 invitis
523 794 622 826 codd.
657 796 824 828 omnibus.

236 849 297 881 pro
324 837 383 870 τὸν
409 838 450 870 Π.

235 950 296 982 sed
327 951 357 981 in
388 950 504 991 viginti
537 950 726 990 provincias
757 961 783 981 a.
811 961 864 982 sa-

237 996 361 1037 trapias
407 996 510 1027 fuisse
558 994 704 1027 divisum
754 1000 868 1028 narrat

239 1039 493 1072 Herodotus
518 1039 632 1072 111.c.
650 1040 704 1074 89.
731 1040 774 1073 de
798 1051 866 1082 qua

237 1087 437 1118 narrationis
454 1086 679 1127 discrepantia
698 1096 725 1116 v.
756 1086 780 1116 Β
794 1087 867 1118 ris-

238 1134 386 1164 sonius
436 1131 490 1162 De
539 1141 672 1172 regno
725 1132 867 1164 Persu—

239 1187 326 1209 rum
355 1177 377 1208 l.
405 1187 436 1219 p.
461 1176 539 1210 148.
566 1176 867 1218 Schweighiiu—

239 1233 364 1255 serua
418 1222 459 1254 ad
515 1224 623 1254 locum
683 1222 868 1254 Herodoti:

241 1269 449 1308 „Fortasse,
492 1268 614 1307 inquit,
662 1267 868 1300 distributio-

240 1324 336 1352 nem,
369 1324 454 1354 quae
486 1314 677 1354 posteriore
712 1318 868 1355 tempore

240 1359 506 1399 obtinuit„cum
533 1359 590 1389 illa
617 1359 750 1399 priore,
781 1368 870 1400 quae

240 1415 258 1436 a
285 1405 392 1437 Dario
416 1405 568 1437 instituta
596 1408 663 1440 est,
698 1409 870 1446 permuta-

237 1451 286 1482 vit
318 1449 573 1491 pliilosoplius.“
629 1449 736 1482 Nobis
768 1460 870 1482 secus

241 1495 384 1527 videtur.
436 1495 623 1528 Verisimile
652 1497 742 1528 enim
770 1500 868 1537 puta-

240 1550 327 1580 mus,
351 1542 460 1582 ipsam
481 1541 762 1582 septemvirorum
788 1550 869 1572 con-

240 1587 439 1618 iurationem
470 1587 666 1628 'significari
715 1586 869 1618 extitisse

241 1641 418 1671 caussam,
449 1641 550 1672 quam
577 1633 620 1663 ob
645 1641 716 1662 rem
741 1631 868 1662 Darius

241 1683 373 1718 septem
402 1678 569 1718 satrapias
595 1677 788 1708 instituerit.
823 1676 867 1708 Et

240 1722 310 1754 fieri
338 1721 400 1753 lioc
424 1721 470 1753 ita
497 1722 608 1762 potuit
631 1731 649 1752 a
675 1731 763 1752 novo
787 1730 868 1762 rege

241 1767 334 1798 initio
374 1767 468 1807 regni
498 1767 577 1805 sui,
617 1776 718 1807 quum
756 1771 869 1798 tamen

241 1813 429 1843 institutum
463 1817 581 1852 postea
616 1821 735 1843 rursus
761 1815 868 1842 muta—

242 1858 339 1889 verit.
388 1857 547 1889 Ceterum
575 1855 627 1888 liic
643 1865 778 1897 quoque
794 1856 871 1888 Pla-

241 1907 355 1935 tonem
381 1902 521 1935 Ctesiae
540 1903 787 1937 farretoritatem
817 1911 870 1933 se-

241 1953 384 1989 quntum
426 1958 503 1980 esse
538 1948 775 1989 suspicentur,
818 1947 872 1986 qui

244 1993 306 2025 sibi
354 1997 594 2035 persuaserunt
635 1990 871 2034 philosophum

245 2049 304 2070 sua
331 2049 371 2071 ex
405 2038 743 2081 hnlnsjpotlssimnm
769 2037 872 2069 fonti-

246 2085 310 2116 bus
336 2083 498 2117 hausisse.
518 2102 562 2108 —
610 2084 660 2116 De
685 2083 795 2115 verbis
818 2082 874 2114 di-

246 2128 426 2162 videndi
466 2139 541 2161 cum
581 2128 703 2170 duplici
736 2138 874 2160 accusa-

247 2175 317 2206 tivo
359 2175 564 2206 constructis
597 2185 628 2205 v.
666 2173 707 2206 ad
743 2173 871 2205 Phileb.

250 2230 282 2260 p.
301 2219 356 2253 23.
374 2220 419 2252 D.
470 2220 553 2253 Dein
577 2217 696 2261 σμικρὰ
721 2214 874 2260 ὀνείρατα

247 2271 326 2296 sunt
356 2270 513 2305 tanquam
549 2267 665 2297 leves
692 2265 872 2297 umbrae,

248 2311 270 2341 i.
303 2320 332 2341 e.
366 2321 492 2352 parva
526 2310 735 2351 vestigia.
787 2309 874 2341 Alibi

250 2350 405 2395 (inamata
438 2361 601 2388 iocantur
632 2365 698 2387 res
730 2356 875 2386 inanes

249 2410 298 2432 ac
337 2401 458 2433 nihili
496 2401 743 2433 faciendae.
806 2399 874 2430 Sed

249 2455 312 2478 uec
335 2444 387 2478 liic
412 2455 493 2477 usus
530 2446 683 2478 vocabuli
709 2456 726 2476 a
753 2446 875 2486 prima-

250 2491 300 2523 ria
325 2491 396 2522 eius
421 2491 662 2532 significatione
694 2491 878 2523 abhorrere

252 2535 450 2569 iudicandus
476 2539 538 2568 est.

300 2581 339 2613 Ι).
389 2580 448 2613 εἰς
475 2579 546 2612 τὸν
571 2579 702 2619 νόμον
726 2579 876 2621 ἐνέδει]

253 2628 352 2668 lege
386 2626 606 2665 desinivit,
651 2627 745 2666 lege
782 2635 877 2658 con-

255 2672 414 2705 stituit.
464 2672 514 2704 De
547 2671 683 2704 tributis
706 2681 747 2703 ac
771 2671 877 2703 vecti—

879 797 966 828 Dein
1003 798 1077 829 Par.
1114 797 1156 827 A
1193 796 1287 828 Voss.
1326 807 1390 827 των
1419 793 1555 836 Περσῶν

933 952 1063 991 galibus
1082 951 1263 982 Persarum
1290 961 1319 982 v.
1348 951 1555 982 Herodot..

934 997 1000 1027 111.
1032 1006 1062 1027 c.
1092 997 1138 1030 90
1162 1015 1202 1019 —-
1228 996 1282 1030 97.
1308 1014 1348 1019 —
1406 1005 1556 1037 προςα-

935 1040 1134 1084 γόμενος,
1169 1042 1189 1072 i.
1215 1051 1244 1073 e.
1279 1041 1341 1073 sibi
1375 1042 1558 1073 concilians

936 1092 969 1119 et
995 1087 1199 1118 devinciens.

979 1176 1077 1216 μετὰ
1126 1175 1169 1208 δὲ
1210 1177 1404 1216 Δαρεῖον
1436 1194 1479 1199 —-
1516 1194 1557 1199 —

936 1220 1211 1263 παραπλήσια
1242 1218 1379 1262 ἄπει]
1413 1221 1478 1253 Hic
1508 1223 1559 1253 lo-

934 1279 994 1300 cus
1017 1269 1051 1299 in
1076 1268 1229 1300 omnibus
1247 1267 1341 1299 editt.
1362 1265 1559 1299 circumfer-

934 1318 990 1346 tur
1018 1315 1168 1355 penime
1206 1312 1417 1354 deturpatus.
1472 1311 1558 1344 Nam

937 1364 1017 1400 post
1049 1357 1182 1401 παιδείᾳ
1215 1357 1342 1399 Ξέρξηε
1375 1362 1410 1389 et
1441 1356 1560 1398 Κῦρος

937 1403 1129 1446 Καμβύσην
1153 1405 1254 1446 vulgo
1269 1405 1367 1445 plene
1383 1401 1559 1443 distingui—

936 1455 1001 1482 tur.
1050 1449 1151 1484 Quod
1178 1459 1279 1490 quam
1295 1458 1397 1489 prave
1421 1448 1467 1479 ita
1490 1448 1559 1486 fiat,
1580 1453 1582 1455 ’

935 1496 1039 1527 verbo
1065 1495 1237 1527 monuisse
1265 1494 1345 1525 satis
1370 1493 1445 1525 erit.
1478 1489 1559 1525 Ete-

934 1541 1003 1572 nim
1035 1551 1075 1572 ea
1107 1540 1235 1572 ratione
1270 1538 1435 1576 admissa,
1474 1547 1560 1578 quae

934 1586 1097 1626 deinceps
1115 1588 1299 1624 sequuntur
1321 1583 1469 1615 membra
1482 1592 1559 1614 ora—

934 1630 1053 1668 tionis,
1091 1630 1215 1660 misere
1246 1628 1417 1667 laborant,
1457 1627 1558 1668 siqui—

934 1675 1009 1707 dem
1053 1685 1091 1706 ea
1133 1675 1276 1715 primum
1322 1676 1478 1713 tunquam
1526 1673 1559 1703 in

935 1720 1040 1752 frusta
1066 1719 1214 1750 dissecta
1232 1718 1401 1756 videntur,
1426 1721 1462 1748 ut
1486 1727 1559 1749 om-

935 1768 988 1797 nia
1011 1764 1102 1797 hient
1123 1764 1336 1805 turpissime3
1361 1762 1483 1793 deinde
1503 1772 1560 1794 ve-

937 1821 975 1842 ro
989 1810 1089 1842 etiam
1107 1819 1225 1840 manca
1238 1813 1272 1839 et
1285 1806 1478 1849 imperfecta
1492 1808 1562 1839 exi-

937 1859 1040 1894 stunt,
1051 1853 1324 1895 qnandoquidem
1339 1857 1432 1883 certe
1448 1852 1479 1884 in
1496 1853 1562 1884 isto

938 1899 1018 1941 μετὰ
1047 1899 1083 1931 δὲ
1106 1900 1258 1940 Δαρεῖον
1282 1916 1325 1922 -
1351 1896 1479 1938 Ξέρξης
1504 1898 1561 1929 de-

939 1947 1108 1978 sideratur
1145 1943 1270 1985 aliquid
1302 1942 1344 1975 ad
1375 1944 1563 1975 sententiae

939 1993 1180 2033 integritatem.
1222 1988 1306 2020 His
1343 1998 1425 2020 vero
1467 1988 1562 2020 malis

940 2037 1042 2069 facile
1065 2035 1257 2068 occurritur
1282 2033 1410 2065 verbis·
1432 2028 1468 2064 Ὠ
1489 2032 1561 2064 Δα-

941 2086 1008 2124 ρεῖε
1042 2100 1084 2104 -
1126 2080 1245 2120 Κῦρος
1285 2075 1491 2118 Καμβύσην,
1530 2077 1561 2109 ἱη

940 2125 1134 2169 parenthesi
1168 2125 1335 2165 acceptis,
1367 2133 1457 2164 quae
1488 2124 1562 2164 ipsa

940 2173 1041 2205 verba
1077 2180 1184 2211 nuper
1220 2169 1484 2202 Hermannu¹s
1514 2168 1561 2199 in-

939 2219 1022 2250 iuria
1046 2222 1202 2256 tanquam
1228 2218 1388 2256 suspecta
1407 2214 1561 2246 cancellis

940 2263 1095 2300 inclusit,
1142 2261 1188 2292 ita
1230 2264 1266 2291 ut
1302 2259 1442 2300 primum
1483 2258 1561 2291 illud

942 2308 1126 2340 membrum
1148 2305 1326 2344 orationis,
1353 2305 1446 2345 quod
1470 2313 1561 2336 mnn—

942 2363 1015 2385 cum
1042 2353 1188 2383 diximus
1209 2361 1304 2389 esse,
1325 2349 1479 2381 absoluta
1505 2358 1562 2389 pa-

942 2397 1087 2431 renthesi
1109 2397 1186 2428 inde
1210 2407 1228 2427 a
1254 2394 1367 2427 verbis
1406 2390 1425 2425 ὁ
1450 2393 1485 2424 δὲ
1510 2390 1565 2425 ἅτε

943 2444 1009 2476 τῶν
1050 2438 1162 2474 αὐτῶν
1193 2452 1221 2475 κ.
1253 2452 1277 2472 τ.
1312 2440 1337 2476 λ,
1378 2439 1578 2472 continuari.

943 2494 1042 2529 atque
1066 2488 1194 2519 absolvi
1212 2491 1360 2526 putetur.
1389 2484 1464 2518 Qua
1489 2494 1563 2515 ver-

943 2536 1057 2567 borum
1084 2532 1300 2564 distinctione
1313 2530 1471 2563 restituta
1488 2537 1564 2561 uen-

942 2579 1068 2612 tentiae
1083 2578 1170 2610 ratio
1183 2577 1322 2617 emergit
1336 2574 1436 2607 haec:
1464 2573 1518 2605 Po
1530 2578 1566 2604 st

943 2623 1116 2656 Darium
1151 2626 1290 2654 autem
1324 2620 1392 2662 qni
1415 2627 1567 2651 rursus

943 2670 1062 2711 regia
1101 2671 1229 2709 atque
1265 2665 1379 2699 molli
1414 2662 1566 2695 educ-,a-
