1612 2872
484 89 567 132 DE
603 87 753 132 LEGI
763 87 881 132 BUS
918 94 999 129 etc.
1174 50 1403 129 LXXX—V

57 214 183 264 pacto
203 202 529 248 concedendum
562 204 836 258 arbitramur,
870 202 989 259 quod
1018 201 1228 244 continuo
1257 216 1310 243 ex
1341 201 1406 242 in-

57 263 254 307 termissa
274 262 438 304 Critiae
469 267 513 303 et
530 261 828 304 Hermocratis
849 259 1087 317 scriptione
1115 258 1405 314 collegerunt,

58 322 228 378 Legum
267 334 376 376 opus
420 334 446 360 a
490 318 671 363 Platone
710 317 1052 374 haudquaquam
1081 315 1288 372 componi
1325 330 1407 370 po-

58 378 208 420 tuisse.
240 375 616 430 Quemadmodum
637 375 751 418 enim
780 390 905 418 nemo
938 372 1228 427 contenderit,
1259 371 1406 415 Goe-

58 435 239 477 thium
282 439 540 485 nostratem,
583 433 728 487 priore
769 439 892 488 parte
933 431 1090 474 Fausti
1120 429 1263 484 edita,
1310 429 1405 471 nul-

58 492 146 534 lum
178 491 308 533 alium
348 490 551 544 deinceps
588 489 746 532 librum
784 503 1039 546 aggressum
1075 502 1172 531 esse
1201 487 1405 537 scribere,

59 555 291 605 propterea
322 545 439 602 quod
477 546 613 588 altera
643 545 913 589 celeberrimi
944 545 1158 603 poematis
1187 560 1287 601 pars
1318 559 1403 586 non

58 606 267 648 continuo
306 605 363 646 sit
395 603 695 659 subsequuta,
728 618 778 645 ac
811 603 941 646 sicuti
974 618 1102 645 nemo
1133 603 1405 645 existimave-

58 661 113 707 rit
160 660 546 717 Lessingium,
603 675 655 702 ex
704 676 791 716 quo
835 660 1135 702 Laocoontem
1184 660 1230 701 in
1265 660 1404 701 lucem

55 718 275 772 emiserit,
317 717 521 773 quoniam
554 717 661 760 liber
693 719 776 761 iste
806 733 895 760 non
925 717 984 760 sit
1013 718 1233 774 perfectus
1257 716 1405 773 plane-

55 791 140 831 que
171 775 411 829 absolutus,
443 780 520 816 aut
549 780 686 818 morte
717 789 974 832 oppressum
1005 780 1080 816 aut
1110 774 1208 816 aliis
1240 774 1405 815 caussis

55 831 311 888 impeditum
340 832 515 874 omnino
547 831 771 875 destitisse
805 848 830 874 a
856 831 1078 875 scribendi
1108 831 1312 888 negotio,
1347 831 1405 871 ita

55 905 108 932 ne
140 905 195 931 ex
224 905 275 931 eo
305 888 508 945 quidem,
558 889 676 944 quod
707 890 839 932 Plato
868 895 969 947 post
1008 888 1213 931 Politiam
1253 896 1296 930 et
1329 888 1403 929 Ti-

54 962 223 990 maeum
252 962 338 989 non
370 945 551 989 Critiam
581 962 758 1003 quoque
796 955 841 989 et
880 947 1211 990 Hermocraten]
1250 944 1403 987 ordine

53 1004 262 1046 continuo
295 1003 496 1058 absolvit,
528 1019 629 1046 vere
661 1010 870 1058 recteque
902 1003 1148 1060 collegeris,
1185 1019 1284 1045 eum
1306 1002 1402 1044 nul-

56 1061 143 1103 lum
172 1061 357 1116 amplius
388 1076 497 1116 opus
529 1069 630 1118 post
671 1062 902 1103 Timaeum
945 1061 1142 1102 molitum
1188 1064 1309 1114 esse,
1352 1076 1405 1102 ac

53 1118 90 1161 si
119 1118 206 1160 tale
235 1134 344 1174 opus
376 1118 720 1173 circumferatur,
753 1118 799 1160 id
830 1124 1040 1174 protenus
1069 1134 1149 1174 pro
1181 1119 1330 1174 spurio
1354 1132 1406 1159 ac

54 1174 292 1218 subditicio
322 1174 472 1217 haberi
504 1182 724 1231 oportere.
784 1174 920 1229 Quod
953 1175 991 1218 si
1020 1190 1121 1217 vere
1152 1175 1402 1228 statuimus,

56 1247 108 1274 ne
162 1231 247 1273 hoc
297 1231 471 1287 quidem
521 1239 823 1289 argumentum
872 1231 929 1274 ad
967 1231 1138 1289 Legum
1179 1232 1310 1274 fidem
1360 1239 1404 1273 et

55 1288 355 1332 auctoritatem
393 1288 739 1332 labefactandam
781 1289 1018 1345 quidquam
1059 1289 1201 1332 valere
1249 1304 1402 1332 conse-

56 1346 216 1402 quitur.

166 1402 254 1446 Sed
295 1402 362 1444 his
402 1402 610 1459 expositis
649 1403 754 1446 satis
797 1403 924 1446 nobis
964 1403 1163 1446 videmur
1193 1403 1402 1459 explana-

53 1459 192 1513 visse,
234 1475 345 1515 quae
375 1458 429 1502 de
460 1459 644 1502 consilio
676 1466 720 1502 et
749 1461 1004 1516 proposito,
1050 1460 1169 1517 quod
1198 1460 1326 1503 Plato
1355 1461 1401 1502 in

52 1517 250 1574 Legibus
275 1516 521 1559 scribendis
555 1518 710 1571 tenuit,
745 1517 934 1560 dicenda
973 1524 1110 1561 erant.
1175 1519 1402 1574 Apparuit

52 1574 180 1627 enim,
210 1580 259 1615 ut
288 1573 563 1628 arbitramur,
597 1574 848 1629 clarissime,
882 1582 924 1617 et
953 1575 1078 1630 quale
1109 1574 1218 1618 illud
1248 1591 1327 1632 per
1355 1591 1402 1618 se

53 1631 199 1684 fuerit,
233 1638 277 1673 et
308 1647 436 1686 quam
467 1646 489 1673 e
524 1631 642 1688 regie
674 1631 787 1674 idem
810 1647 907 1674 cum
928 1632 1179 1689 philosophi
1208 1633 1400 1689 ingenio,

53 1689 157 1741 vita,
180 1687 391 1743 doctrina,
416 1647 574 1732 studiis
597 1688 801 1744 denique,
823 1690 1068 1733 conveniat.
1123 1691 1274 1745 Atque
1294 1690 1403 1733 haec

52 1746 91 1787 si
130 1752 352 1798 tenemus,
403 1746 533 1787 etiam
574 1746 682 1800 alia,
743 1762 854 1802 quae
895 1747 1100 1804 deinceps
1142 1747 1402 1803 explicanda

52 1809 202 1855 erunt,
247 1803 387 1844 lucem
428 1818 548 1845 suam
589 1812 823 1858 acceptura
862 1819 956 1846 esse
987 1820 1076 1846 non
1108 1811 1271 1846 temere
1302 1821 1401 1860 spe-

55 1859 398 1900 rare-videmur.
479 1860 747 1902 Accedimus
788 1861 925 1917 igitur
961 1877 1077 1904 nunc
1121 1861 1177 1903 ad
1219 1862 1399 1904 alterum

54 1915 186 1969 illud,
218 1914 337 1970 quod
367 1916 412 1957 in
443 1915 596 1958 harum
625 1932 767 1959 rerum
799 1919 1054 1973 quaestione
1088 1919 1272 1960 maxime
1304 1935 1401 1975 spe—

54 1972 260 2014 ctandum
293 1986 389 2014 esse
420 1987 552 2028 supra
581 1973 939 2029 significavimus.
1010 1976 1248 2031 Perspecto
1288 1977 1401 2018 enim

55 2030 282 2086 proposito
314 2036 358 2070 et
387 2029 570 2071 consilio
603 2031 748 2086 operis
780 2031 1001 2086 sequitur,
1038 2038 1086 2073 ut
1125 2032 1178 2074 de
1209 2032 1400 2075 eiusdem

55 2092 338 2143 argumento,
372 2085 455 2128 hoc
485 2092 576 2140 est,
609 2086 662 2128 de
693 2087 894 2141 materia,
937 2104 1065 2143 quam
1097 2089 1285 2146 scriptor
1313 2097 1400 2132 tra-

56 2143 255 2185 ctandam
295 2143 474 2196 sumsit,
506 2158 785 2199 exponamus.
850 2145 901 2186 In
931 2161 1018 2201 qua
1047 2152 1169 2202 parte
1201 2146 1399 2202 disputa—

56 2200 186 2242 tionis
223 2206 400 2242 nostrae
443 2201 525 2242 etsi
566 2201 691 2243 facile
723 2201 919 2244 videmus
950 2218 1030 2246 nos
1061 2204 1221 2260 optime
1252 2220 1397 2247 versa-

56 2263 175 2299 turos
214 2272 308 2300 esse
347 2258 435 2310 sic,
478 2264 527 2299 ut
563 2258 748 2314 primum
789 2275 956 2301 omnem
988 2275 1129 2302 rerum
1160 2277 1186 2303 a
1214 2261 1399 2304 Platone

53 2315 363 2369 explicatarum
402 2315 488 2357 vim
527 2322 656 2370 atque
688 2316 858 2372 copiam
890 2332 1157 2372 enarremus,
1189 2335 1275 2374 quo
1306 2334 1398 2361 cer-

54 2371 141 2422 tius
179 2371 468 2428 intelligatur,
513 2372 718 2427 quidnam
762 2373 872 2415 illud
909 2374 992 2429 sit,
1037 2374 1090 2416 de
1121 2390 1208 2430 quo
1240 2375 1398 2418 deinde

56 2428 187 2470 verba
222 2428 375 2470 facturi
412 2429 574 2483 simus,
615 2429 774 2472 deinde
816 2436 958 2474 autem
995 2431 1050 2473 ad
1080 2432 1223 2489 ipsum
1253 2448 1397 2475 rerum

57 2499 233 2526 examen
266 2484 542 2537 accedamus3
574 2493 721 2528 tamen
744 2488 947 2542 quoniam
976 2490 1218 2546 argumenti
1249 2490 1396 2547 copio-

57 2541 212 2583 siorem
249 2543 558 2585 enarrationem
608 2544 876 2601 singulorum
928 2546 1134 2589 librorum
1185 2548 1397 2603 interpre-

56 2599 209 2640 tationi
247 2600 590 2654 praemittemus,
633 2601 714 2642 hoc
750 2601 846 2644 loco
896 2603 1143 2646 consultum
1194 2604 1397 2646 duximus

58 2655 160 2697 nihil
201 2655 284 2698 nisi
321 2670 527 2699 summam
559 2657 776 2713 quandam
807 2658 1118 2718 disputationis
1148 2661 1191 2703 in
1221 2661 1397 2703 brevius
