1612 2872
220 102 243 138 3
248 102 270 138 ὅ

693 94 1063 136 PLATONIS

152 228 183 268 F}
223 229 292 267 ριν
330 212 501 266 εἰρήνης
532 209 582 251 τὰ
623 211 810 262 πολέμου
831 211 1078 263 νομοθετοῖ
1103 211 1274 264 μᾶλλον
1318 207 1340 262 ἢ
1375 209 1460 250 τῶν
1483 224 1538 250 πο

225 280 402 332 λεμικῶν
436 281 555 318 ἕνεκα
594 274 647 315 τοὶ
683 277 760 325 τῆς
795 275 979 329 εἰρήνης.

111 615 190 654 (3²25)

320 341 427 400 (Ἲῐψ.
470 337 523 382 V.
597 341 694 382 KA.

767 342 979 383 Φαίνεται
1012 346 1089 397 μέν
1122 359 1212 391 πως
1245 340 1268 383 ὸ
1305 340 1433 393 λόγος
1468 332 1541 382 οὗ·

219 426 316 457 τος,
353 401 383 448 ὦ
422 407 529 457 ξένε,
564 405 978 461 ὀρθῶςείρῆσθαι·
1024 407 1243 463 θαυμάζω
1277 423 1322 460 γε
1355 405 1460 459 μήν,
1507 408 1541 446 εἰ
1608 461 1612 465 .

221 473 273 514 τά
312 490 352 514 τε
391 470 494 525 παρ’
530 469 630 526 ἡμῖν
666 471 824 527 νόμιμα
870 475 942 515 καὶ
992 476 1054 515 ἔτι
1096 472 1149 516 τοὶ
1199 475 1295 524 περὶ
1325 472 1542 514 Λακεδαί-
1607 476 1612 528 j

218 556 331 593 μονα
367 537 425 590 μὴ
460 539 607 579 πᾶσαν
645 537 724 589 τὴν
746 539 940 589 σπουδὴν
962 542 1127 582 τούτων
1153 544 1273 582 ἕνεκα
1296 540 1541 588 πεποίηται.

317 606 414 646 ΑΘ.

492 603 593 658 Tali
635 602 691 646 ἂν
730 608 847 654 ἴσως·
884 608 946 647 δεῖ
981 609 1024 648 δὲ
1062 606 1190 649 οὐδὲν
1211 606 1402 659 σκληρῶς
1427 600 1541 655 ἡμᾶς

219 669 382 720 αὐτοὺς
415 671 716 725 διαμάχεσθαι
760 673 813 713 τοὶ
860 673 939 714 νῦν
984 671 1078 714 ἀλλ’
1130 671 1267 728 ἠρέμα
1302 669 1540 724 ἀνερωτᾶν,

310 777 394 819 Cap.
423 780 460 808 V.
510 777 594 819 Pag.
620 778 696 812 629.
746 774 906 809 αὐτοὺς
938 777 1242 820 διαμάχεσθαι]
1281 776 1370 809 Libri
1402 771 1538 811 αὐτούς,

218 823 308 870 quod
335 823 513 856 Bekkerus
539 824 758 864 probantibus
783 824 877 856 editt.
903 824 1149 858 Turicensibus
1173 830 1277 866 atque
1302 823 1340 855 C.
1365 822 1422 854 Fr.
1452 822 1537 853 Her-

220 923 289 944 res
315 913 364 945 ad
391 921 535 955 pacem
562 913 844 954 pertinentes.

220 958 314 995 Quae
344 959 402 999 qui
434 957 630 989 accuratius
654 958 848 990 considera·

220 1004 330 1035 verint
375 1003 396 1034 ii
419 993 529 1034 Yacile
565 1001 847 1042 animadvertent,

219 1048 508 1090 comparationem
563 1057 640 1079 esse
689 1047 850 1090 imperfe—

220 1098 307 1126 ctam
334 1098 368 1125 et
397 1094 491 1134 quasi
509 1092 733 1125 decurtatam.
762 1093 847 1126 Nam

220 1139 366 1180 protasis
396 1138 531 1179 quidem
565 1137 650 1170 haec
681 1149 757 1172 esse
788 1141 847 1171 ‹ie-

221 1185 309 1216 bnit:
361 1182 731 1217 Quemadmodum
780 1185 847 1226 qui

220 1230 268 1261 a‹l
302 1234 523 1270 aegrotum
557 1229 847 1262 tantummodo

220 1284 385 1316 corpus
424 1274 650 1315 respicit
694 1275 847 1316 idque

221 1321 346 1352 unice
391 1319 628 1352 curandum
681 1324 848 1356 censet,

220 1375 429 1406 nunquam
468 1365 503 1398 ei
537 1367 749 1407 integram
783 1376 845 1398 va-

219 1409 459 1449 letudinem
509 1410 728 1443 restituet.
799 1413 848 1443 Al

220 1456 372 1488 nimirum
387 1456 536 1496 scriptor
547 1460 755 1496 postremam
769 1465 845 1488 sen-

219 1501 345 1534 tentiae
371 1504 503 1543 partem
534 1501 740 1543 suppressit,
770 1501 845 1544 quia

219 1551 326 1578 totam
366 1556 438 1578 rem
474 1546 522 1577 sic
561 1556 640 1578 vere
670 1551 783 1579 mente
813 1551 849 1580 et

219 1591 332 1623 animo
357 1593 421 1623 sui»
454 1590 717 1624 informaverat:
769 1592 847 1626 Qui

221 1637 356 1676 omnia
383 1638 426 1668 in
459 1637 687 1677 republica
713 1637 846 1677 potis-

221 1682 370 1714 simum
420 1681 471 1713 ad
518 1691 641 1713 usum
692 1681 846 1714 milita-

221 1737 302 1758 rem
337 1726 494 1766 refert,
523 1726 558 1758 is
591 1726 748 1759 similis
781 1730 847 1759 est

221 1772 276 1811 ni,
302 1772 370 1812 qui
405 1781 575 1813 semper
606 1775 770 1804 tantum
798 1772 846 1805 de

220 1816 430 1858 corporis
452 1816 640 1849 morbosi
665 1817 844 1849 medica-

222 1862 379 1894 mentis
427 1861 613 1903 cogitet,
659 1861 844 1903 ideoque

218 1916 425 1948 nunquam
458 1907 630 1938 futurus
664 1911 728 1939 est
752 1917 844 1948 ger-

221 1962 362 1985 manus
387 1952 452 1991 vir
476 1952 623 1984 civilis
655 1956 844 1994 autper-

218 1997 366 2034 fectus
397 1997 649 2038 legislator.
710 1997 759 2029 De
783 1998 843 2030 viri

219 2043 326 2082 civilis
359 2047 392 2075 et
429 2042 633 2084 legislatoris
666 2052 740 2075 cnm
775 2053 844 2075 me-

219 2088 294 2120 ‹lico
327 2087 582 2128 comparatione
614 2099 644 2119 v.
672 2087 731 2120 IV.
767 2088 842 2123 720.

221 2138 243 2164 Α
272 2143 344 2174 sqq.
372 2132 428 2165 lX.
450 2131 528 2168 837.
545 2133 582 2164 C.
609 2138 643 2165 et
668 2137 846 2174 praeterea

219 2179 370 2209 Cicero
397 2178 498 2210 Offic.
525 2178 548 2210 l.
574 2177 629 2218 11,
654 2178 708 2218 16,
734 2179 846 2220 ibique

222 2222 358 2254 Beier.
389 2223 431 2255 T.
461 2223 483 2255 l.
512 2234 543 2266 p.
570 2223 626 2258 80.
682 2223 843 2256 Ceterum

217 2268 424 2301 decurtatam
459 2267 747 2310 comparationem
773 2268 847 2302 huic

218 2323 284 2344 non
312 2313 497 2346 absimilem
530 2313 633 2347 habes
663 2315 764 2347 etiam
794 2316 844 2347 in-

220 2358 269 2390 i'rs
293 2368 323 2398 p.
350 2357 426 2392 636.
455 2360 498 2390 A.

265 2402 309 2434 τὰ
335 2403 542 2443 πολέμου]
571 2403 757 2436 Articulum
785 2404 846 2436 τοῦ

219 2449 348 2486 omisit,
371 2450 447 2490 qnia
473 2449 556 2481 dixit
580 2447 675 2490 χάριν
697 2447 843 2491 εἰρήνης.

219 2493 370 2526 Contulit
408 2496 557 2528 Astius
593 2494 631 2525 X.
664 2494 696 2529 8.
728 2496 774 2527 in.
807 2492 844 2526 τὰ

219 2539 338 2580 ψυχῆς.
377 2544 411 2570 et
451 2549 479 2571 c.
519 2538 563 2573 10
613 2538 746 2572 τούτοις
784 2539 844 2579 μὲν

220 2585 334 2615 τοίνυν
358 2580 434 2625 ἡμῖν
464 2583 499 2616 τὸ
525 2582 635 2626 λόγων
660 2585 751 2618 τέλος
774 2584 841 2626 ἐχέ-

220 2640 273 2661 τω,
302 2629 467 2662 Addimus
493 2630 634 2672 Eurip.
660 2630 788 2665 Phoen.
810 2640 838 2662 v.

913 913 997 948 414:
1041 911 1078 946 τὰ
1118 914 1224 954 φίλων
1261 909 1381 950 οὐδέν,
1421 909 1462 953 ἦν
1492 919 1539 942 τις

915 956 1071 1001 δυστυχῇ.
1097 957 1286 1002 Xenoph.
1313 959 1391 998 Cyr.
1411 956 1477 990 IV.
1504 954 1536 989 1.

914 1002 954 1038 4:
986 1000 1033 1035 nis·
1066 1001 1207 1046 ἐργάτην
1238 1004 1303 1035 τῶν
1333 1001 1368 1034 ἐν
1393 1000 1536 1042 πολέμῳ.

917 1047 1019 1081 Mem.
1049 1049 1094 1083 ll.
1116 1050 1158 1088 1,
1182 1049 1240 1083 32:
1273 1048 1338 1080 τῶν
1362 1045 1398 1079 ἐν
1422 1043 1536 1091 εἰρήνῃ

917 1091 1034 1125 πόνων
1066 1112 1108 1117 —-
1144 1093 1209 1124 ταῖν
1239 1090 1275 1124 ἐν
1298 1092 1428 1134 πολέμῳ
1448 1089 1537 1131 ’σύμ-

915 1147 1019 1180 μαχοε
1051 1138 1171 1180 ἔργων.
1212 1134 1447 1172 Anacreon.
1478 1135 1538 1168 Xl.

916 1186 958 1217 in.
987 1182 1024 1216 τὰ
1047 1185 1177 1226 μοίρης.

960 1230 1087 1271 cap.V.
1102 1224 1325 1268 Ρ.629.Τα’χ“
1341 1224 1390 1260 ἂν
1404 1220 1539 1268 ἴσως-1

916 1272 1539 1316 lnhism'zaestforsitan,fortas-

914 1321 1082 1362 se31'0ws
1100 1324 1212 1353 autem
1228 1320 1402 1362 opinor,
1424 1320 1539 1359 puto.

915 1365 967 1398 Ex
990 1375 1056 1407 quo
1081 1365 1185 1398 debet
1207 1375 1285 1398 esse
1314 1365 1541 1407 perspicuum,

914 1421 973 1444 cnr
1008 1415 1190 1452 utrumque
1227 1409 1431 1443 vocabulum
1468 1410 1540 1439 tam
1606 1426 1612 1454 ς

913 1456 1034 1488 crebro
1068 1457 1306 1498 coniungatur3
1337 1454 1430 1486 cuius
1460 1461 1541 1485 con·

914 1501 1094 1534 inunctionis
1125 1501 1279 1543 exempla
1314 1501 1401 1532 bene
1436 1498 1540 1534 multa

914 1547 1055 1588 collegit
1085 1545 1303 1578 Heindorf.
1337 1545 1379 1579 ud
1411 1541 1540 1582 Euthy-

914 1592 1004 1624 dem.
1030 1601 1062 1632 p.
1087 1592 1166 1626 304.
1192 1592 1245 1631 qui
1271 1591 1374 1625 etiam
1398 1587 1542 1623 contulit

914 1636 1022 1678 Legg.
1054 1636 1076 1667 1.
1103 1647 1136 1678 p.
1163 1635 1240 1670 640.
1267 1636 1305 1668 E.
1333 1637 1376 1668 ΙΙΙ.
1403 1645 1436 1677 p.
1460 1633 1537 1668 676.

914 1681 951 1714 C.
979 1692 1011 1722 p.
1037 1680 1114 1716 686.
1131 1681 1175 1713 D.
1191 1681 1233 1713 V.
1259 1691 1292 1723 p.
1310 1680 1386 1715 744.
1412 1681 1456 1711 A.
1475 1679 1537 1723 Vll.

914 1736 946 1768 p.
981 1725 1056 1760 799.
1091 1727 1128 1759 Ε..
1158 1726 1215 1758 lx.
1246 1736 1277 1768 p.
1311 1725 1390 1760 859.
1421 1722 1537 1756 E.·x.

912 1771 989 1806 900.
1016 1771 1055 1803 C.
1087 1771 1175 1804 conf.
1199 1770 1464 1813 Boissonad.
1495 1767 1538 1801 ad

914 1816 1044 1857 Eunap.
1079 1828 1112 1857 p.
1151 1816 1229 1850 163.
1276 1827 1349 1858 sqq.
1392 1814 1538 1848 Jacob.

911 1861 1068 1896 Quaestt.
1097 1862 1253 1894 Luciann.
1281 1872 1313 1903 p.
1339 1862 1361 1895 9
1384 1870 1434 1902 sq.
1467 1859 1540 1892 Nec

911 1916 993 1940 vero
1027 1904 1069 1938 ἄν
1093 1911 1222 1940 temere
1245 1906 1414 1947 additum,
1448 1903 1540 1947 quod

912 1952 1059 1995 pertinet
1087 1952 1129 1985 ad
1162 1952 1348 1994 optativum
1374 1962 1415 1984 ex
1440 1960 1536 1993 prae-

911 2007 1032 2039 gresso
1074 1998 1248 2039 πεποιήται
1283 1995 1535 2038 assumendum.

913 2041 1000 2083 Nam
1013 2050 1037 2074 A
1046 2052 1062 2073 s
1072 2044 1151 2076 tius
1166 2041 1300 2084 quidem
1310 2040 1432 2075 fallitur
1440 2051 1534 2083 egre-

914 2088 986 2131 gie,
1021 2087 1186 2128 quiillud
1216 2087 1324 2128 ipsum
1354 2088 1538 2128 πεποίηται,

912 2131 1125 2166 indicativum
1140 2132 1293 2175 perfecti,
1315 2133 1536 2175 repetendum

914 2182 1048 2218 censet,
1080 2189 1166 2220 quae
1189 2178 1274 2210 ratio
1296 2179 1539 2218 grammaticae

914 2223 1103 2265 praeceptis
1132 2226 1252 2256 mirum
1285 2228 1444 2263 quantum
1474 2222 1536 2256 ad-

913 2272 1075 2302 versatur.
1101 2269 1161 2301 Sic
1186 2263 1251 2309 τάχ’
1273 2263 1317 2301 εἴν
1342 2269 1412 2301 sine
1433 2268 1537 2300 verbo

914 2314 1060 2354 positum
1085 2314 1171 2346 Phil.
1198 2325 1229 2356 p.
1246 2313 1301 2348 23.
1317 2314 1361 2346 D.
1387 2313 1487 2346 Polit.
1503 2324 1535 2354 p.

914 2358 991 2394 258.
1017 2357 1058 2390 Β.
1085 2358 1190 2399 Sopli.
1223 2370 1256 2400 p.
1282 2359 1359 2393 255.
1387 2359 1425 2391 C.
1457 2357 1536 2393 257.

912 2404 951 2437 Ι).
976 2404 1048 2436 aliis
1072 2405 1156 2436 locis
1180 2405 1373 2437 innumeris.

957 2450 1148 2491 σκληρῶς
1210 2448 1313 2491 ἡμᾶς
1376 2444 1536 2480 αὐτοὺς

912 2493 1205 2535 διαμάχεσθαι
1230 2494 1274 2528 τὰ
1300 2496 1426 2527 νῦν-
1446 2490 1532 2526 ἆνε-

911 2539 1066 2581 omnir]
1107 2540 1272 2582 Speciose
1311 2540 1534 2573 Bekkerus

910 2596 972 2627 pro
991 2581 1118 2617 αὐτοὺς
1139 2585 1181 2619 de
1195 2586 1387 2621 coniectura
1400 2584 1534 2626 scripsit

909 2626 1032 2667 αὐτοῖς,
1057 2630 1148 2672 quod
1173 2639 1279 2674 nuper
1303 2631 1406 2665 etiam
1431 2629 1530 2663 Her-
