1612 2872
188 87 302 129 VIlI
711 84 1076 127 PRAEFATIO.

191 198 361 253 quidem
399 199 443 239 in
472 197 638 239 difficili
683 198 768 237 isto
797 202 925 249 atque
956 197 1240 238 amfractuoso
1271 211 1512 238 sermonum

190 260 392 308 tanquam
427 254 600 305 itinere,
648 251 773 306 quale
811 251 855 291 in
893 249 959 292 his
988 251 1109 293 libris
1137 253 1362 307 reperitur,
1403 266 1512 307 opus

191 310 418 351 videbatur
455 309 576 362 quasi
604 308 677 349 filo
717 307 860 360 aliquo
899 306 1147 360 Ariadneo,
1189 308 1311 349 cuius
1351 322 1432 363 ope
1470 313 1514 348 et

192 365 349 407 auxilio
386 365 542 406 certius
581 369 710 418 atque
749 363 883 404 tutius
913 377 1058 405 omnes
1093 362 1342 418 amplissimi
1370 363 1512 419 operis

191 428 353 463 meatus
391 427 434 461 et
471 419 607 461 flexus
646 419 816 460 lustrari
857 424 900 459 et
937 419 1142 474 cognosci
1179 425 1366 474 possent.
1425 419 1514 460 De-

191 478 318 530 nique
356 476 482 517 etiam
522 475 833 516 elaboravimus
872 474 1250 516 commentationes
1279 474 1514 527 uberiores,

193 533 346 587 quibus
399 529 634 572 scribendis
673 545 758 572 non
796 530 877 571 hoc
913 536 1078 571 tantum
1117 531 1428 585 spectavimus,
1468 535 1517 570 ut

191 587 322 639 fides,
361 587 585 642 integritas
631 594 675 628 et
703 586 935 627 auctoritas
966 586 1155 628 universi
1186 586 1326 642 operis
1356 586 1408 627 ab
1438 586 1515 626 im-

191 643 387 699 portunis
414 643 657 685 criticorum
677 641 1019 683 dubitationibus
1038 641 1338 694 vindicaretur,
1368 656 1515 682 verum

192 700 318 741 etiam
354 698 458 740 illud
497 698 738 739 studuimus
778 697 968 750 efficere,
1018 703 1066 739 ut
1109 697 1297 739 eiusdem
1334 696 1514 749 indoles,

192 770 260 796 ars
290 761 334 796 et
363 754 614 810 compositio
644 754 687 794 in
706 753 934 795 illustriore
963 753 1058 795 luce
1081 753 1222 808 posita
1248 759 1513 802 cerneretur;

193 825 300 865 quas
330 810 500 864 quidem
530 810 906 852 commentationes
943 809 1048 851 locis
1080 809 1334 864 opportunis
1364 809 1409 849 in
1436 808 1517 850 hac

193 867 381 908 editione
421 866 747 922 publicabimus.
812 865 949 907 Plane
989 865 1101 906 enim
1139 865 1261 907 nobis
1304 865 1517 920 persuasi-

192 937 308 974 mus,
356 922 620 978 singulorum
658 921 847 963 locorum
881 921 1273 976 interpretationem
1314 934 1517 975 prospere

192 977 425 1034 procedere
462 977 578 1019 nullo
615 983 741 1032 pacto
782 990 934 1032 posse,
982 977 1064 1019 nisi
1105 977 1142 1018 si
1183 976 1279 1031 quis
1329 976 1517 1017 universi

194 1034 343 1089 scripti
384 1033 515 1075 veluti
556 1033 742 1088 speciem
778 1032 919 1074 animo
948 1039 1172 1087 menteque
1202 1046 1280 1074 sua
1308 1031 1517 1073 deforma-

193 1096 281 1131 tam
310 1090 538 1131 intueatur.
596 1089 688 1130 Iam
718 1103 819 1130 vero
850 1088 915 1131 his
941 1088 1130 1130 breviter
1159 1087 1386 1143 expositis,
1430 1088 1517 1142 pri-

193 1161 373 1200 usquam
421 1144 475 1186 de
520 1145 669 1186 critica
715 1144 855 1200 operis
895 1144 1147 1185 tractatione
1202 1158 1403 1200 agamus,
1453 1143 1517 1184 di-

194 1201 374 1243 cendum
403 1201 527 1242 nobis
557 1206 655 1242 ante
683 1199 824 1242 omnia
849 1199 902 1240 de
938 1199 1164 1254 praesidiis
1195 1206 1236 1240 et
1263 1198 1518 1241 adiumentis

195 1263 274 1311 est,
307 1257 462 1310 quibus
491 1257 536 1298 in
567 1255 815 1298 adornanda
843 1255 923 1296 hac
955 1254 1142 1296 editione
1172 1255 1235 1296 uti
1264 1255 1398 1297 licuit.

304 1313 364 1354 Et
402 1312 455 1354 de
493 1313 842 1368 interpretatione
882 1310 1054 1365 quidem
1092 1311 1231 1366 operis
1269 1311 1305 1351 si
1334 1311 1407 1364 qui
1437 1311 1517 1352 sci-

193 1369 423 1422 scitentur,
462 1369 592 1410 verbo
619 1367 876 1423 respondere
904 1367 1016 1420 licet,
1048 1381 1139 1408 eam
1167 1366 1517 1422 paucissimorum

191 1431 357 1466 tantum
396 1439 526 1479 opera
555 1424 744 1465 adiutam
772 1429 900 1477 atque
931 1428 1211 1464 sustentatam
1241 1436 1348 1464 esse.
1405 1422 1517 1463 Nam

193 1482 338 1537 Leges
362 1480 566 1534 Platonis,
582 1480 685 1521 licet
713 1479 954 1535 argumenti
984 1478 1192 1533 gravitate
1221 1483 1350 1532 atque
1379 1493 1520 1519 rerum

194 1537 540 1593 gravissimarum
579 1542 620 1577 et
658 1536 904 1591 cognitione
939 1533 1283 1589 dignissimarum
1323 1535 1445 1589 copia
1477 1540 1520 1574 et

194 1593 389 1634 ubertate
419 1591 526 1643 adeo
557 1592 781 1644 excellant,
813 1597 862 1632 ut
890 1590 962 1631 vix
990 1589 1107 1631 aliud
1136 1590 1401 1643 antiquitatis
1430 1605 1519 1631 mo-

194 1654 443 1690 numentum
482 1663 532 1690 eo
571 1647 740 1689 nomine
769 1644 825 1687 ad
853 1646 948 1687 illas
978 1645 1308 1701 comparandum
1339 1645 1416 1697 sit⁷
1456 1651 1519 1686 ta-

193 1719 289 1746 men
320 1703 557 1746 diutissime
594 1703 814 1759 neglectae
843 1708 888 1744 et
917 1707 1156 1744 contemtae
1185 1702 1430 1754 iacuerunt,
1471 1707 1520 1742 ut

194 1766 341 1802 nostra
377 1759 544 1801 demum
582 1759 783 1800 memoria
811 1758 1087 1812 interpretem
1124 1763 1275 1800 nactae
1305 1757 1415 1811 sint,
1447 1758 1519 1810 qui

193 1815 452 1872 singularem
496 1815 541 1856 in
570 1830 642 1856 eas
680 1813 971 1869 explanandas
1009 1813 1224 1855 conferret
1253 1828 1425 1868 operam
1453 1813 1519 1853 iu-

194 1878 347 1926 staque
386 1877 430 1912 et
470 1877 678 1927 perpetua
715 1869 1071 1911 commentatione
1113 1868 1408 1910 difficillimam
1449 1883 1519 1910 ea—

191 1943 284 1969 rum
319 1928 545 1969 lectionem
583 1925 888 1982 expeditiorem
928 1924 1138 1967 redderet.
1203 1924 1307 1966 Fuit
1334 1925 1370 1966 is
1400 1924 1520 1966 Fri-

195 1982 413 2025 dericus
447 1983 665 2036 Astius‚
694 1982 760 2023 vir
790 1981 844 2023 de
866 1981 1058 2023 Platonis
1087 1980 1260 2035 scriptis
1288 1987 1374 2021 tam
1400 1995 1520 2035 prae-

195 2039 308 2080 clare
347 2039 543 2090 meritus,
587 2045 635 2080 ut
681 2038 930 2093 paucissimi
977 2051 1027 2078 eo
1068 2037 1238 2078 nomine
1289 2050 1386 2077 cum
1425 2037 1520 2091 ipso

195 2094 469 2149 comparandi
505 2094 748 2136 videantur.
813 2094 898 2136 Hic
942 2092 1053 2134 enim
1091 2092 1252 2148 primus
1289 2093 1519 2146 separatim

195 2150 338 2206 Leges
385 2149 520 2191 edidit
564 2156 774 2206 perpetua
819 2149 1092 2190 annotatione
1139 2147 1398 2201 illustratas,
1438 2149 1521 2190 hoc

193 2205 385 2261 praefixo
421 2206 566 2247 titulo:
607 2205 861 2248 Platonis
911 2205 1088 2260 Leges
1129 2209 1179 2244 et
1215 2203 1520 2258 EpinomiS.

194 2261 266 2303 Ad
296 2262 549 2316 optimorum
577 2261 780 2303 librorum
820 2260 947 2302 fidem
973 2258 1216 2300 emendavit
1245 2265 1288 2300 et
1316 2267 1522 2316 perpetua

194 2318 469 2358 annotatioue
508 2318 739 2358 illustravit
775 2318 830 2358 D.
866 2314 1013 2358 Frid.
1052 2314 1266 2356 Astius.
1326 2316 1515 2370 Lipsiae,

193 2373 238 2414 in
266 2373 385 2415 Libr.
417 2372 690 2415 Weidmann.
716 2374 835 2414 Tom.
871 2373 902 2412 Ι.
934 2371 1004 2426 qui
1034 2370 1163 2412 habet
1193 2369 1376 2423 Graeca,
1399 2372 1519 2415 Tom.

195 2429 255 2472 ΙΙ.
283 2429 358 2483 qui
388 2428 684 2484 complectitur
713 2427 1102 2470 animadversiones
1131 2426 1176 2467 in
1206 2426 1399 2469 Platonis
1434 2428 1521 2470 Le-

195 2499 271 2541 ges
301 2491 342 2526 et
371 2484 652 2539 Epinomida⁷
697 2485 816 2526 1814.
868 2488 1007 2525 octon.
1043 2482 1165 2523 form.
1212 2481 1354 2526 Huius
1390 2484 1522 2540 igitur

196 2541 322 2582 unius
358 2555 488 2596 opera
525 2554 602 2595 per
639 2554 784 2581 omnes
826 2538 1073 2595 amplissimi
1114 2537 1256 2592 operis
1287 2545 1429 2594 partes
1458 2541 1520 2581 uti

194 2597 317 2640 nobis
347 2611 594 2639 concessum
624 2595 716 2638 fuit.
778 2593 859 2637 Cui
892 2599 1094 2650 quantum
1127 2593 1356 2637 debeamus
1386 2596 1519 2638 malu-
