1612 2872
240 111 419 153 CXXX
660 105 1139 148 PROLEGOMENA

241 222 448 265 homines„
464 219 645 261 fastuosi
675 231 725 258 ac
755 215 1042 271 superciliosi,
1075 215 1149 256 illo
1180 216 1329 256 mirum
1363 222 1568 268 quantum

242 278 564 332 superbientes,
605 273 737 314 veluti
776 273 960 313 Menon.
1000 271 1026 312 l.
1067 286 1103 311 c.
1134 271 1209 312 ubi
1238 268 1412 326 insuper
1440 270 1566 311 idem-

242 333 374 374 tidem
404 336 720 379 commonetur,
761 341 856 369 esse
893 326 999 368 illud
1038 333 1179 368 mente
1207 332 1250 367 et
1286 326 1467 368 scientia
1496 325 1569 366 de·

242 389 465 438 stitutum,
506 401 547 441 p.
585 385 652 425 99.
694 382 745 424 C.
777 383 833 424 D.
866 383 941 433 E.;
982 384 1048 424 sin
1078 388 1220 423 autem
1250 397 1328 438 per
1357 396 1403 423 se
1433 381 1568 423 solum

244 447 486 498 spectatur,
527 446 692 481 tantum
723 439 848 481 abest
876 445 926 480 ut
957 438 1244 480 contemtione
1274 437 1452 492 dignum
1481 436 1570 477 exi-

243 499 462 549 stimetur,
531 501 581 536 ut
638 495 766 537 etiam
840 494 1077 550 habeatur·
1105 493 1287 535 maxime
1340 491 1568 534 laudabile.

242 553 411 607 Nempe
449 550 599 592 eadem
637 551 763 606 plane
810 549 924 591 illius
972 550 1084 591 ratio
1138 554 1203 591 est
1250 554 1381 602 atque
1429 554 1571 589 rectae

242 607 471 663 opinionis.
537 606 679 659 Quam
723 607 803 648 etsi
848 605 973 647 Plato
1011 605 1066 646 ad
1097 604 1300 647 scientiae
1328 604 1572 645 firmitatem

243 670 287 705 et
316 662 599 705 constantiam
629 667 918 717 comparatam
950 662 1071 717 parvi
1098 660 1356 713 aestimavit,
1387 671 1436 701 ut,
1464 658 1572 700 adeo

242 719 313 760 De
349 718 536 774 Republ.
575 718 656 760 VI.
695 734 735 772 p.
782 719 876 758 506.
908 716 957 757 C.
988 717 1209 773 opiniones
1239 730 1411 767 omnes,
1444 715 1572 756 etiam

243 774 652 830 praestantissimas,
692 787 846 815 coecas
876 778 1006 826 atque
1054 779 1205 827 turpes
1242 771 1484 824 vocaverit,
1527 776 1572 812 et

243 830 425 872 Menon.
465 845 507 883 p.
549 831 615 872 97.
653 827 704 870 C.
751 829 802 870 D.
836 828 1007 870 easdem
1034 834 1210 883 propter
1238 826 1571 868 inconstantiam

245 891 289 926 et
316 885 568 926 varietatem
600 886 737 926 facete
759 884 1010 938 exploserit3
1043 890 1186 924 tamen
1211 883 1304 924 aliis
1333 883 1440 924 locis
1459 897 1572 923 eam-

246 940 342 982 dem
390 940 507 982 iusta
548 940 670 981 lance
709 939 1001 994 ponderavit,
1040 940 1201 994 quippe
1238 939 1282 979 in
1323 939 1410 980 vita
1457 951 1572 979 eom-

246 995 365 1037 muni
402 1001 535 1037 ratus.
559 1009 645 1036 non
693 995 856 1048 ubique
908 995 1152 1046 scientiam,
1199 994 1276 1036 sed
1323 995 1572 1049 plerumque

246 1051 490 1106 opinionem
521 1049 747 1104 dominari,
775 1055 1026 1103 tantamque
1049 1058 1144 1092 esse
1163 1056 1339 1092 naturae
1365 1050 1573 1091 humanae

243 1107 605 1159 imbecillitatem,
648 1112 695 1146 ut
736 1120 831 1146 raro
870 1105 1009 1161 possit
1039 1105 1093 1146 ad
1122 1106 1326 1147 scientiae
1355 1112 1398 1147 et
1426 1104 1574 1160 cogni-

245 1162 376 1204 tionis
421 1161 591 1203 laudem
641 1161 832 1204 eluctari.
910 1161 1064 1215 Itaque
1102 1161 1270 1203 Politic.
1310 1177 1351 1217 p.
1386 1161 1481 1203 309.
1522 1159 1572 1201 C.

248 1217 435 1259 divinam
474 1218 647 1259 civium
674 1217 1019 1259 coniunctionem
1059 1217 1120 1258 ait
1157 1231 1251 1259 esse
1282 1218 1362 1270 τήν
1390 1219 1476 1259 τῶν
1505 1232 1573 1258 κα-

245 1275 333 1315 λῶν
363 1277 435 1314 καὶ
466 1275 646 1315 δικαίων
675 1278 774 1327 πέρι
804 1276 874 1315 καὶ
917 1275 1106 1326 ἀγαθῶν
1136 1272 1274 1322 ὄντως
1311 1269 1448 1315 οὖσαν
1476 1270 1573 1323 ἀλη-

248 1331 318 1380 θῆ
354 1328 489 1381 δόξαν
519 1327 634 1382 ’μετὰ
675 1327 962 1382 βεβαιώσεως.
1027 1329 1148 1370 Men.
1179 1344 1222 1384 p.
1254 1331 1320 1371 97.
1352 1329 1478 1370 B.<et
1504 1328 1574 1369 98.

248 1383 299 1426 O.
331 1387 403 1426 καὶ
436 1382 519 1440 γὰρ
549 1387 596 1426 αἱ
625 1383 752 1436 δόξαι
783 1387 829 1426 αἱ
860 1384 1059 1435 ἀληθεῖς,
1091 1385 1199 1427 ὅσον
1215 1388 1301 1450 μὲν
1330 1382 1385 1427 ἄν
1407 1382 1576 1441 ,χρόνον

247 1443 552 1494 παραμένωσι,
601 1438 735 1482 καλὸν
774 1438 824 1482 τὸ
862 1441 1032 1497 χρῆμα,
1064 1443 1135 1482 καὶ
1163 1457 1307 1483 nauta
1337 1438 1576 1494 τὰάγαθά

247 1493 578 1550 ἀπεργάζονται.
617 1501 681 1538 etz
723 1495 851 1552 ορὃὲν
886 1494 972 1550 ἄρα
1011 1496 1135 1551 ὀρθὴ
1186 1495 1294 1549 δόξα
1341 1495 1594 1550 ἐπιστήμης-

248 1551 375 1593 ούδὲν
403 1559 552 1607 χεῖρον
592 1551 694 1593 οὐδὲ
730 1553 864 1602 ἦττον
902 1552 1098 1608 ὠφελίμη
1129 1554 1247 1594 ἔσται
1278 1557 1340 1602 εἰς
1367 1550 1445 1601 τὰς
1469 1550 1576 1607 πρά·-

248 1607 347 1658 ξεις.
378 1606 600 1648 Phaedon.
630 1621 674 1662 p.
706 1607 774 1649 85.
814 1605 864 1648 C.
895 1613 1044 1650 censet
1073 1622 1184 1661 eum,
1216 1608 1290 1662 qui
1319 1623 1400 1664 ope
1431 1605 1577 1651 divina

248 1661 532 1715 destituatur,
575 1663 649 1704 τὸν
705 1665 813 1715 γοῦν
859 1665 1091 1717 βέλτιστον
1140 1667 1226 1705 τῶν
1277 1663 1576 1719 ἀνθρωπίνων

247 1718 392 1771 λόγων
420 1717 617 1770 λαβόντα
647 1721 719 1759 καὶ
754 1717 1144 1771 δυςελεγκτότατον
1184 1721 1251 1760 ἐπὶ
1283 1719 1440 1761 τούτου
1471 1719 1575 1774 ὀχεῖ-

249 1775 364 1814 σθαι
403 1789 441 1814 κ.
493 1789 530 1814 τ.
566 1775 602 1814 λ.
658 1773 733 1814 ubi
795 1774 1012 1829 significat
1070 1774 1279 1817 humanas
1335 1775 1576 1830 opiniones.

247 1828 389 1884 Legg.
430 1827 494 1869 II.
532 1844 574 1883 p.
626 1829 721 1870 653.
761 1831 814 1873 A.
864 1830 972 1872 bene
1019 1844 1116 1871 cum
1167 1845 1218 1872 eo
1267 1837 1409 1872 actum
1457 1830 1577 1879 dicit,

249 1884 320 1926 cui
358 1883 426 1925 vel
473 1884 566 1925 seni
619 1883 848 1939 prudentia
896 1892 940 1928 et
986 1891 1104 1927 recta
1163 1886 1311 1940 opinio
1358 1886 1575 1942 obtigerit.

248 1939 386 1995 Legg.
440 1938 527 1980 ΙΙΙ.
585 1955 627 1995 p.
681 1941 777 1981 687.
842 1941 894 1983 Ε.
985 1942 1144 1983 Verum
1203 1939 1421 1983 mittamus
1478 1942 1575 1983 alia.

248 1994 394 2048 Quum
421 1995 557 2050 igitur
584 1994 866 2051 philosophus
905 1996 958 2038 de
996 1997 1124 2039 rectis
1164 1997 1438 2052 opinionibus
1475 2010 1577 2039 ‘sen-

248 2050 352 2092 serit
379 2055 467 2091 tam
506 2049 765 2105 honorifice,
807 2052 956 2106 quidni
994 2052 1107 2094 idem
1148 2053 1275 2094 etiam
1315 2053 1575 2108 praeclaram
1607 2073 1608 2077 ¹

246 2105 412 2161 ingenii
446 2105 636 2148 indolem
675 2113 806 2161 atque
843 2107 1087 2150 felicitatem
1131 2109 1400 2150 consiliorum
1440 2110 1576 2151 facto-

249 2175 426 2215 rumque
465 2161 566 2203 inde
615 2162 840 2204 oriundam
898 2178 976 2218 pro
1033 2163 1245 2206 beneficio
1297 2164 1443 2206 divino
1479 2179 1609 2221 gra-1

247 2221 325 2257 tus·
363 2217 618 2272 agnoverit?
689 2218 920 2261 Enimvero
969 2219 1074 2274 quid
1113 2234 1163 2260 ea
1202 2219 1255 2261 de
1294 2235 1339 2261 re
1379 2220 1575 2274 s'enserit,
1602 2249 1607 2273 ³3

247 2270 294 2312 id
323 2270 483 2313 docent
512 2272 746 2316 clarissime
775 2274 1077 2330 ina²ReipubL
1110 2275 1252 2330 V1.·—p.
1271 2277 1369 2319 493.
1399 2278 1454 2318 A.
1477 2275 1574 2318 coll.
1600 2311 1606 2323 ,,

247 2327 344 2369 492.
381 2328 436 2370 A.
475 2333 518 2369 et
555 2330 652 2370 499.
691 2329 744 2370 Β.
786 2330 1143 2386 ubigenerosam
1173 2331 1300 2372 animi
1334 2327 1612 2386 mentisque

246 2381 435 2424 indolem
473 2383 706 2426 arbitratur
740 2399 828 2427 non
865 2396 994 2440 posse
1031 2386 1154 2427 aliter
1180 2387 1263 2428 nisi
1306 2390 1412 2441 θείᾳ
1438 2394 1576 2441 μοίρᾳ
1596 2399 1603 2421 ³1

246 2437 408 2480 salvam
439 2443 484 2479 et
511 2437 768 2482 incolumem
797 2455 990 2491 manere3
1021 2447 1065 2483 et
1087 2442 1205 2483 Libr.
1237 2442 1297 2484 Π.
1327 2459 1368 2499 p.
1393 2444 1493 2484 366.
1525 2442 1575 2485 C.

246 2492 322 2535 ubi
352 2497 459 2535 θεία
489 2494 622 2549 φύσις
660 2510 757 2537 cum
795 2496 922 2539 laude
961 2496 1014 2538 de
1037 2498 1274 2553 'praeclara
1302 2504 1479 2546 naturae
1508 2499 1575 2540 in·
1592 2516 1609 2545 15:

246 2547 344 2590 dole
373 2547 570 2602 'dicitussr
609 2556 658 2591 ut
695 2557 913 2594 taceamus
952 2552 1005 2594 de
1045 2567 1119 2606 eo,
1161 2553 1277 2607 quod
1327 2554 1455 2596 etiam
1492 2554 1576 2595 alia
1594 2545 1599 2559 ’

246 2604 358 2646 bona
398 2604 641 2652 hominibus
681 2606 897 2649 dicuntur·
933 2612 1039 2662 θείᾳ
1075 2614 1211 2663 μοίρᾳ
1262 2610 1327 2651 vel
1363 2609 1430 2659 ’ὠς
1470 2613 1594 2658 Hem}

1594 2767 1597 2801 ὲ
