1612 2872
210 114 362 158 CXVI
632 112 1114 158 PROLEGOMENA

207 229 310 280 fine,
342 227 417 282 qui
444 225 610 267 civitati
638 224 682 265 in
697 223 892 280 Legibus
921 223 1140 277 statuitur,
1172 223 1225 266 de
1249 225 1420 268 virtutis
1450 224 1538 269 dis-

207 284 245 326 ci
278 283 367 324 lina
384 282 427 322 in
457 281 511 322 iis
542 280 734 332 sancita,
777 278 831 321 de
860 279 1085 335 religionis
1113 279 1322 335 doctrina,
1354 281 1538 335 aliisque

206 299 334 381 rebus
366 336 600 388 similibus,
644 334 851 390 peculiari
880 349 1013 389 opera
1041 334 1350 390 disquiramus,
1388 337 1538 393 legen-

205 395 322 436 tibus
363 396 585 446 sperantes
623 405 709 432 non
751 390 970 432 inoratam
1009 391 1128 444 fore,
1171 391 1209 432 si
1246 391 1442 434 Platonis
1483 392 1537 435 de

205 447 274 491 his
314 448 443 489 rebus
485 446 701 487 sententia
728 446 774 487 in
798 426 998 502 ¹Legibus
1041 446 1256 507 explicata
1294 449 1537 491 accuratius

205 505 460 554 illustretur,
493 507 537 542 et
566 516 676 556 quae
705 502 807 543 alibi
838 501 954 558 apud
983 502 1124 557 ipsum
1155 501 1208 544 de
1230 502 1379 545 eodem
1408 517 1538 559 argu·

206 564 349 601 mento
389 557 589 611 exposita
624 557 850 614 leguntur,
894 571 990 599 eum
1030 557 1179 599 eadem
1218 566 1536 613 comparentur,

208 628 295 668 quo
324 612 497 654 tandem
535 613 693 667 omnia,
734 618 941 667 quantum
986 612 1080 655 fieri
1117 614 1280 668 possit,
1320 615 1365 655 in
1405 629 1538 656 unum

207 669 438 712 coniuncta
465 668 580 709 inter
605 668 700 724 ipsa
730 668 1027 710 concilientur.

315 724 471 779 Itaque
507 724 901 780 contemplantibus
941 724 1064 766 nobis
1104 728 1263 766 statum
1304 731 1348 766 et
1386 724 1537 766 condi-

206 779 369 822 tionem
408 779 566 822 civium
604 779 962 835 disciplinamque
991 779 1031 821 ei
1069 779 1436 822 accommodatam
1475 781 1538 822 ita

205 832 368 878 vei-sari
405 835 572 891 placet,
615 842 666 877 ut
694 836 879 890 primum
919 835 1112 877 dicamus
1143 834 1196 876 de
1225 835 1344 877 cultu
1373 841 1416 877 et
1442 851 1538 878 eru-

205 890 383 945 ditione,
403 891 525 933 cuius
543 891 606 932 illi
623 891 857 947 participes
887 890 981 932 fieri
1010 890 1166 933 debere
1187 889 1455 943 iudicantur3
1485 906 1537 934 ac

206 946 363 989 deinde
394 961 667 1003 exponamus
689 947 743 989 de
765 947 985 1009 institutisx
1009 946 1267 1001 quibusdam
1287 946 1341 988 ad
1369 946 1539 1004 fingen-

207 1002 287 1044 dos
317 1017 463 1044 eorum
491 1016 634 1045 mores
664 1002 1102 1057 conformandumque
1130 1003 1245 1044 vitae
1274 1017 1396 1045 usum
1422 1018 1539 1045 com-

204 1059 376 1114 paratis.
447 1057 579 1111 Quod
616 1064 846 1112 utrumque
883 1058 1089 1100 faciemus
1128 1058 1204 1111 sic,
1245 1064 1296 1099 ut
1332 1064 1538 1112 quantum

204 1115 250 1156 in
279 1114 362 1156 hoo
388 1118 565 1168 ‘quoque
601 1129 757 1170 genere
796 1114 909 1155 inter
938 1113 1261 1169 Rempublicam
1294 1119 1423 1169 atque
1450 1115 1538 1156 Le-

205 1185 282 1226 ges
311 1169 551 1212 intercedat
585 1169 927 1223 necessitudinis,
963 1184 1091 1224 quam
1120 1169 1354 1211 clarissime
1382 1169 1538 1212 intelli·

236 1231 344 1270 atur.

205 1241 235 1282 g
319 1280 558 1323 Videamus
594 1281 728 1338 igitur
769 1286 868 1322 ante
909 1280 1051 1322 omnia
1091 1279 1144 1322 de
1172 1280 1246 1322 illa
1284 1279 1537 1336 disciplinae

208 1337 408 1393 publicae
434 1342 581 1393 parte,
624 1351 734 1391 quae
762 1341 935 1391 spectat
962 1335 1019 1377 ad
1058 1336 1214 1378 civium
1253 1335 1538 1378 eruditionem

205 1399 336 1447 atque
366 1393 541 1434 cultum.
601 1391 745 1445 Quam
775 1392 976 1446 quoniam
1018 1390 1303 1447 philosophus
1332 1392 1377 1433 in
1419 1398 1538 1434 utro-

207 1463 291 1503 que
321 1463 449 1504 opere
478 1448 610 1490 variis
642 1448 799 1490 civium
829 1447 1053 1490 ordinibus
1084 1447 1448 1502 accommodavit,
1491 1448 1536 1489 in

205 1504 272 1546 his
312 1505 442 1546 rebus
490 1503 736 1546 iudicandis
778 1503 906 1546 etiam
944 1503 1097 1545 horum
1147 1502 1344 1545 ordinum
1385 1503 1536 1545 discri-

206 1560 323 1602 mina
351 1559 582 1616 diligenter
611 1559 1000 1602 animadvertamus
1029 1573 1208 1601 necesse
1238 1565 1317 1602 est.

318 1615 473 1670 Itaque
503 1616 547 1657 in
577 1615 741 1671 optima
769 1615 844 1656 illa
887 1615 1101 1670 planeque
1143 1615 1336 1670 perfecta
1363 1614 1539 1656 civitate

206 1671 334 1713 Plato
378 1673 494 1713 cives
534 1685 638 1713 suos
667 1671 712 1712 in
749 1676 837 1712 tres
875 1671 1035 1712 classes
1076 1669 1296 1712 distribuit
1325 1671 1384 1724 (v.
1417 1670 1538 1712 Libr.

204 1726 291 1769 ΙΙΙ.
321 1742 363 1782 p.
393 1728 490 1769 419.
523 1728 578 1769 A.
608 1726 724 1781 sqq.)
755 1726 1097 1780 distributosque
1133 1726 1195 1766 ita
1232 1725 1325 1767 vult
1362 1725 1538 1767 educari

205 1787 334 1837 atque
374 1782 558 1836 erudiri,
605 1788 652 1823 ut
693 1782 852 1837 quique
888 1797 966 1837 pro
1006 1796 1086 1823 sua
1123 1780 1237 1823 vitae
1291 1780 1536 1823 conditione

205 1837 261 1879 ad
289 1852 446 1880 munus
476 1852 624 1892 suum,
663 1844 869 1892 quantum
899 1836 992 1878 fieri
1031 1837 1191 1891 possit,
1249 1843 1364 1878 recte
1411 1836 1537 1878 insti-

203 1899 382 1936 tuantur
411 1899 453 1935 et
482 1894 814 1936 conformentur.
850 1893 910 1934 Et
924 1892 1117 1934 infimum
1139 1891 1313 1946 quidem
1342 1891 1537 1934 ordinem

206 1964 258 1990 ex
288 1949 517 2004 opificibus
547 1949 788 2005 componit,
825 1949 899 2003 qui
929 1954 1042 1990 artes
1073 1954 1114 1989 et
1141 1948 1315 2004 negotia
1342 1947 1538 2004 vulgaria

205 2011 447 2048 exerceant.
487 2004 682 2058 Quorum
713 2003 886 2060 quidem
916 2004 1135 2045 hominum
1166 2003 1312 2045 studia
1332 2009 1375 2044 et
1402 2010 1536 2059 n'ego-
1606 2004 1611 2037 k

201 2061 264 2101 tia
293 2075 425 2115 quum
445 2061 618 2103 omnino
649 2061 762 2117 apud
783 2059 977 2102 Graecos
1001 2059 1293 2115 imprimisque
1322 2058 1440 2114 apud
1464 2073 1539 2100 eos
1604 2072 1605 2083 ³

203 2116 414 2180 populos,
447 2117 521 2172 qui
550 2117 775 2158 maximam
803 2116 972 2157 laudem
1002 2115 1046 2156 in
1078 2115 1140 2156 rei
1167 2114 1347 2156 bellicae
1376 2114 1536 2170 exerci-
1605 2126 1608 2161 j

203 2177 366 2213 tatione
395 2173 630 2227 ponebant,
663 2170 893 2214 admodum
923 2176 1140 2214 contemta
1168 2175 1212 2211 et
1248 2170 1446 2226 neglecta
1475 2170 1536 2211 ia·
1605 2171 1607 2194 ³

206 2226 387 2281 cuerint,
421 2234 509 2269 tum
541 2243 594 2270 ne
617 2228 740 2270 Plato
771 2227 943 2282 quidem
967 2241 1018 2268 ea
1048 2225 1193 2281 magni
1222 2226 1340 2279 facit,
1373 2226 1535 2281 quippe
1559 2274 1564 2279 .

206 2282 363 2335 quibus
404 2284 620 2326 existimet
659 2285 745 2325 vim
786 2282 948 2340 ingenii
993 2282 1211 2335 animique
1258 2281 1536 2323 vehementer
1601 2299 1603 2326 2

207 2337 391 2392 deprimi
439 2345 483 2380 et
519 2339 648 2380 infrin
685 2340 722 2392 i,
764 2339 894 2381 sicuti
946 2337 1038 2393 ipse
1085 2336 1273 2393 ingenue
1305 2337 1535 2402 profitetur
1596 2330 1603 2381 s

127 2420 133 2422 s
203 2393 408 2449 DeiRep.
440 2394 521 2436 Vl.
551 2411 592 2450 p.
623 2399 649 2437 4
679 2398 720 2439 5.
740 2395 807 2436 VD.
840 2394 945 2437 VII.
976 2394 1070 2435 522.
1097 2392 1149 2434 Β.
1210 2391 1427 2445 Quoclrca
1454 2407 1535 2434 nec
1598 2408 1600 2411 ’

205 2449 320 2491 cives
346 2449 475 2492 huius
514 2450 677 2493 ordinis
713 2458 836 2492 curat
874 2462 1159 2506 magnopere,
1199 2449 1359 2504 quippe
1400 2454 1534 2502 ratus,
1594 2449 1599 2472 l

204 2519 303 2558 eos,
342 2505 377 2547 si
408 2505 536 2547 modo
565 2507 711 2547 munia
740 2522 818 2549 sua
848 2506 927 2548 rite
963 2504 1134 2557 obeant,
1171 2504 1432 2559 reipublicae
1467 2518 1535 2546 sa·
1591 2544 1597 2559 ζ

202 2560 260 2603 tis
289 2561 417 2602 utiles
447 2576 542 2604 esse
570 2562 753 2615 futuros,
786 2569 916 2618 atque
959 2575 1126 2603 omnem
1154 2560 1241 2601 fere
1277 2559 1535 2615 disputatio·
1589 2572 1595 2615 xj

204 2631 301 2659 nem
329 2631 449 2659 suam
479 2617 535 2659 ad
569 2617 757 2672 reliquos
794 2618 961 2661 confert
1000 2614 1189 2668 ordines,
1224 2615 1297 2670 qui
1331 2621 1432 2658 sunt
1459 2629 1533 2657 cu-
1588 2632 1597 2675 ᾖ
