1612 2872
473 79 556 122 DE
587 77 866 122 LEGIBUS
897 87 978 120 ete.
1258 75 1412 120 CLIX

51 196 186 239 fuisse
225 194 336 236 hane
377 194 480 236 olim
518 208 654 250 prope
693 194 963 236 communem
1002 192 1194 234 omnium
1234 201 1411 233 senten—

0 280 2 306 ÷
51 254 179 307 tiam,
212 251 299 307 qui
343 251 425 294 sibi
467 251 522 293 de
563 251 760 294 Platonis
800 249 1001 292 doctrina
1038 248 1232 291 iudicare
1277 262 1411 304 posse

0 315 1 318 ’
51 309 315 352 viderentur.
375 307 670 362 Quamobrem
702 308 841 351 satius
876 307 959 349 erit
987 306 1183 363 legentes
1205 305 1411 366 ablegare

50 367 106 409 ad
137 381 202 420 ea,
236 380 346 420 quae
377 365 431 408 de
461 365 543 408 hac
572 381 619 408 re
650 365 872 423 copiosius
898 364 1228 421 explicaverunt
1256 362 1410 404 (Jud-

0 428 2 480 ζ
52 423 241 467 worth.
281 423 471 479 System.
511 422 658 466 Intell.
700 439 743 478 p.
783 424 864 465 :236
909 437 1007 477 sqq.
1059 421 1208 476 ibique
1257 421 1411 463 Mos-

0 488 1 496 *
51 482 208 524 heim.
261 479 509 523 Wolfius
561 479 619 522 ad
675 478 856 536 Origen.
909 478 1165 535 Philosoph.
1217 493 1260 534 p.
1317 479 1410 520 1:34.

51 538 338 593 Plessing.
359 538 587 579 Memnon.
617 537 719 579 Vol.
739 537 801 578 11.
830 552 873 593 p.
905 538 988 578 306
1008 551 1106 590 sqq.
1166 534 1410 578 Boeckh.

50 596 94 637 in
140 594 355 637 Daubii
394 600 439 636 et
468 592 646 638 Creuz
663 594 748 636 eri
785 593 980 636 Studior.
1014 593 1130 635 Voll.
1165 592 1250 636 III.
1282 609 1325 649 p.
1357 594 1410 635 25

50 668 114 707 sq.
147 651 198 694 C.
229 651 313 694 Fr.
344 651 635 694 Hermann.
665 651 784 694 Hist.
814 650 924 695 Phil.
954 650 1068 692 Plat.
1098 666 1140 706 p.
1174 652 1272 691 709.
1312 665 1410 692 ann.

50 711 146 751 739.
205 709 301 751 Nec
339 723 444 750 vero
475 715 627 751 nostra
657 707 1155 761 defuerunt.memoria,
1196 707 1272 762 qui
1313 708 1419 748 Pla*

52 767 144 810 toni
175 765 395 821 duplicem
427 766 614 808 animam
644 765 922 808 tribuendam
953 780 1050 820 esse
1079 764 1411 818 contenderent,

49 839 102 866 ex
133 823 293 879 quibus
323 829 497 879 praeter
523 823 634 865 alios
655 823 910 866 nominandi
929 829 1032 864 sunt
1055 822 1374 864 Tenneman
1392 846 1421 864 —.

50 897 149 923 nus
188 880 378 938 System.
433 880 595 923 Philos.
646 881 759 924 Plat.
809 881 910 927 Vol.
951 880 1036 923 ΙΙΙ.
1075 896 1119 937 p.
1175 882 1271 924 175.
1311 894 1410 935 sqq.

50 953 180 995 quem
222 940 280 980 A.
321 937 649 980 Boeckhius
680 938 707 980 l.
738 953 776 981 c.
806 938 870 979 ita
898 938 1095 980 refellere
1126 937 1321 990 studuit,
1361 943 1412 979 ut

48 995 206 1037 malam
235 994 422 1046 animam
454 995 653 1038 Platonis
683 995 782 1038 ideo
813 995 977 1038 nullam
1007 1010 1103 1038 esse
1134 994 1412 1048 iudicaverit,-

50 1048 153 1108 quia
188 1052 299 1094 nihil
339 1051 459 1094 aliud
498 1053 582 1106 sit,
622 1053 706 1095 nisi
743 1053 837 1095 vita.
870 1068 1104 1110 corporum
1142 1052 1323 1109 legibus.
1343 1067 1413 1105 ra-

48 1110 180 1152 tionis
236 1108 470 1159 destituta3
530 1110 946 1153 Tiedemannus
1006 1109 1140 1152 Geist
1170 1110 1266 1154 ‚der
1313 1125 1412 1166 spe-

49 1167 180 1210 culat.
238 1166 522 1223 Philosophie
582 1167 706 1210 Tom.
761 1167 821 1209 II.
866 1183 909 1223 p.
950 1168 1018 1210 84.
1062 1174 1108 1209 et
1152 1169 1246 1210 135.
1289 1166 1409 1209 Car.

49 1225 133 1267 Fr.
178 1224 536 1267 Hermannus
583 1223 611 1267 l.
653 1239 690 1267 c.
731 1226 807 1280 qui
861 1225 1094 1267 Platonem
1140 1240 1288 1267 senem
1331 1239 1412 1281 pu—

50 1288 116 1324 tat
170 1280 255 1323 hoc
311 1281 534 1323 decretum
583 1282 828 1339 amplexum
884 1298 1003 1334 esse3
1064 1282 1174 1325 Sal.
1223 1283 1411 1339 Voge—

49 1339 201 1381 linus
232 1338 466 1395 Inter-pret.
504 1339 645 1396 Legg.
690 1339 838 1384 Germ.
880 1339 931 1383 T.
974 1340 1032 1384 II.
1076 1340 1220 1382 Praef.
1259 1356 1302 1397 p.
1345 1342 1425 1382 13.-

47 1396 339 1439 Michelet.
383 1395 540 1438 Jahrb.
576 1398 649 1438 fur
693 1396 948 1440 wissensch.
999 1397 1177 1440 Kritik.·
1206 1398 1243 1440 a.
1285 1399 1410 1447 1839}

48 1469 91 1509 p.
123 1454 222 1496 862.
279 1452 427 1496 Frid.
472 1455 675 1496 Astius
718 1455 785 1497 De
830 1456 930 1497 Vita
970 1461 1016 1501 et
1044 1454 1207 1511 Script.
1236 1455 1410 1498 Platon.

4 1554 16 1564 γ,
48 1526 90 1566 p.
130 1512 227 1553 387.
267 1509 361 1552 Ed.
400 1510 664 1554 Zellerus
705 1511 833 1555 Stud.
895 1513 1098 1558 Platona.
1138 1529 1181 1568 p.
1209 1515 1280 1562 43.
1312 1527 1409 1578 sqq.

0 1567 12 1597 ἲ*
47 1567 216 1612 Histor.
246 1567 409 1610 Philos.
440 1567 519 1612 Gr.
552 1569 654 1611 Vol.
694 1570 754 1612 lI.
795 1587 837 1626 p.
869 1570 966 1614 321.
998 1571 1073 1625 qui
1097 1570 1312 1626 -postremi
1343 1585 1410 1612 in-

0 2112 37 2172 ἐμ,

49 1623 231 1682 dignum
269 1640 365 1668 esse
403 1626 487 1667 rati
524 1625 702 1668 Platoni
730 1634 819 1669 tam
849 1627 1027 1670 foedum
1057 1628 1270 1684 impertiri
1303 1627 1426 1670 dua—'

49 1681 247 1736 lismum,
293 1697 424 1738 quem
473 1683 607 1739 vulgo
645 1685 892 1740 appellant,
945 1685 1048 1727 hinc
1088 1700 1266 1741 quoque
1306 1700 1410 1728 suae

49 1741 291 1782 sententiae
332 1748 633 1796 argumentum
672 1743 962 1798 repetierunt,
1016 1758 1103 1799 qua
1139 1749 1283 1785 totum
1323 1743 1414 1785 Le-

50 1812 152 1853 gum
188 1812 300 1852 opus
339 1805 603 1839 censuerunt
645 1814 734 1841 non
785 1800 984 1854 Platoni,
1033 1800 1111 1843 sed
1150 1800 1410 1857 posterioris

51 1853 206 1895 aetatis
252 1853 457 1908 scriptori
505 1855 637 1897 alicui
687 1857 916 1899 Platonico
968 1864 1197 1914 acceptum
1244 1858 1410 1900 referri.

52 1909 149 1952 Nec
187 1925 291 1951 vero
333 1910 440 1952 satis
478 1911 564 1952 iam
595 1913 821 1956 confutata
849 1920 916 1956 est
947 1915 1034 1956 ista
1064 1915 1239 1969 opinio,
1273 1930 1412 1971 quan-

51 1965 286 2022 doquidem
319 1982 430 2022 quae
460 1974 563 2024 post
593 1969 947 2012 Boeckhium
977 1972 1080 2014 olim
1111 1971 1411 2015 Diltheius

50 2024 94 2065 in
124 2024 336 2066 Examine
366 2024 574 2067 librorum
607 2026 748 2084 Legg.
780 2027 952 2071 Platon.
982 2044 1026 2084 p.
1056 2030 1124 2072 40.
1155 2043 1221 2083 sq.
1256 2028 1412 2072 adver·

51 2095 125 2124 sus
146 2096 239 2123 eam
271 2080 339 2123 dis
374 2083 529 2136 utavit,
571 2098 622 2124 ea
661 2099 940 2140 nequaquam
981 2086 1088 2128 satis
1127 2102 1257 2142 posse
1294 2087 1410 2129 iudiss

51 2145 149 2182 eata
177 2145 280 2180 sunt
310 2098 370 2180 ad)
396 2154 491 2181 eam
519 2141 814 2184 refellendam.
859 2141 1080 2196 Quocirca
1108 2159 1189 2187 nos
1221 2144 1327 2200 quid
1355 2144 1411 2187 de

49 2195 132 2239 hac
160 2211 207 2238 re
236 2196 494 2251 sentiamus,
537 2197 640 2240 data
677 2198 758 2241 hac
796 2199 858 2241 rei
897 2202 1230 2257 opportunitate
1263 2202 1409 2259 paullo

51 2253 273 2309 copiosius
297 2269 578 2310 exponemus,
599 2256 636 2298 si
658 2257 771 2298 forte
795 2257 911 2299 effici
930 2259 1084 2314 possit,
1117 2267 1166 2301 ut
1185 2275 1288 2302 vera
1307 2260 1410 2302 Pla-

50 2311 165 2353 tonis
196 2310 309 2352 ratio
349 2311 585 2367 aliquando
622 2315 924 2370 perspiciatur.
991 2315 1243 2360 Referemus
1273 2318 1411 2375 igitur

51 2373 152 2410 ante
182 2368 326 2409 omnia
343 2367 547 2424 breviter,
585 2371 792 2425 quidnam
813 2372 923 2414 illud
946 2373 1017 2427 sit,
1050 2374 1169 2430 quod
1197 2381 1293 2418 toto
1325 2375 1409 2418 hoc

51 2424 174 2478 loeo,
218 2423 273 2466 de
313 2439 400 2480 quo
431 2426 541 2468 adeo
583 2429 844 2485 ambigitur,
890 2431 1134 2487 expositum
1166 2439 1244 2475 est.
1306 2432 1408 2486 Quo

51 2482 351 2547 iacto-paucis
381 2483 698 2539 disquiremus,
741 2486 846 2542 quid
887 2488 1178 2546 philosophus
1206 2490 1289 2533 hae
1319 2491 1409 2534 dis·

51 2543 279 2595 putatione
309 2555 388 2582 sua
416 2544 694 2598 spectaverit.

129 2658 132 2661 ·
165 2595 321 2651 ltaque
359 2597 483 2641 Plato
526 2614 614 2655 quo
655 2601 752 2643 loco
785 2617 945 2646 numen
974 2603 1171 2647 divinum
1202 2620 1301 2648 esse
1330 2605 1408 2647 de-

52 2659 291 2697 monstrare
322 2662 519 2711 conatur,
552 2658 682 2701 sicuti
709 2658 794 2701 iam
824 2674 957 2716 snpra
986 2661 1274 2717 ostendimus,
1307 2668 1408 2704 ante
