1612 2872
475 53 561 96 DE
590 51 821 96 LEGUM
852 60 934 95 etc.
1306 52 1393 95 LV

8 178 12 195 ¹
42 167 236 223 undique
265 168 399 210 certis
437 173 570 222 atque
598 165 795 209 indubiis
821 166 1096 222 antiquitatis
1126 167 1390 210 testimoniis

40 224 251 322 :inunitam
291 230 336 266 et
369 223 670 268 confirmatam
711 237 807 268 esse
850 223 969 280 apud
1008 238 1160 266 omnes
1189 230 1390 267 constare

0 313 1 318 ,
71 281 213 323 ebeat.

153 337 248 380 Iam
289 352 391 379 vero
430 336 476 377 in
517 342 640 378 tanta
678 335 957 379 multitudine
997 336 1283 393 locupletium
1323 344 1388 380 te-

37 394 185 448 stium,
226 394 301 449 qui
344 392 447 434 inde
484 393 539 435 ab
577 392 716 448 ipsius
760 393 958 436 Platonis
989 400 1132 437 aetate
1162 409 1303 450 usque
1333 395 1391 437 ad

38 451 282 507 posteriora
321 449 587 492 Graecitatis
630 455 829 506 tempora
867 451 1074 492 unanima
1101 452 1389 494 consensione

36 508 270 565 genuinam
310 506 482 563 Legum
519 505 732 563 originem
761 506 1157 562 confirmaverunt,
1206 524 1295 551 non
1324 509 1389 551 in-

36 566 148 607 iuria
186 563 379 606 insolens
421 561 631 618 quiddam
668 570 800 618 atque
831 563 975 606 audax
1003 564 1226 619 videatur,
1269 564 1392 621 quod

36 620 352 664 recentioribus
382 620 651 676 temporibus
679 626 859 676 repente
892 621 1132 663 extiterunt
1153 622 1235 663 viri
1267 622 1390 665 docti

37 677 304 735 complures,
328 677 440 732 qui,
488 677 695 733 opinione
725 692 805 719 sua
833 693 860 719 a
900 684 1096 720 veterum
1137 678 1390 722 criticorum

35 734 211 778 iudiciis
239 734 452 787 seiuncta,
485 749 573 779 non
604 733 735 776 modo
764 734 919 776 leviter
944 734 1277 790 contenderent,
1308 736 1390 779 sed

35 792 179 836 etiam,
210 791 324 835 serio
374 790 672 834 demonstrare
719 790 971 846 studerent,
1033 792 1207 849 Legum
1258 808 1387 849 opus,

35 849 253 891 communi
281 847 500 890 sententia
528 848 703 894 Platoni
744 848 970 904 tributum,
1004 864 1093 891 non
1125 864 1221 892 esse
1252 865 1279 891 a
1309 866 1388 892 no-

34 905 246 951 bilissimo
284 903 547 962 philosopho
587 905 825 961 scriptum,
875 905 955 948 sed
991 906 1032 948 ei
1072 921 1152 961 per
1190 906 1389 949 fraudem

34 963 320 1019 suppositum.
379 961 442 1004 Et
479 962 646 1017 primus
687 961 863 1018 quidem
901 962 948 1005 id
985 962 1132 1005 facere
1161 963 1224 1005 ita
1253 965 1388 1006 susti-

33 1020 128 1062 nuit
156 1019 368 1076 elegantis
399 1018 467 1060 vir
494 1019 644 1062 iudicii
674 1034 726 1061 ac
757 1019 811 1062 de
840 1019 1104 1075 scriptorum
1136 1020 1387 1064 Platonico-

33 1092 127 1118 rum
166 1076 526 1133 interpretatione
563 1076 864 1118 immortaliter
891 1076 1087 1131 meritus,
1119 1076 1386 1125 Frideri-

34 1148 134 1176 cus
177 1134 406 1187 Astius,
456 1132 502 1176 in
546 1133 657 1175 libro
707 1133 788 1176 De
835 1133 980 1176 Vita
1028 1140 1080 1175 et
1133 1133 1386 1191 Scriptis

37 1190 307 1232 Platonis
338 1207 382 1247 p.
415 1191 512 1232 379.
543 1205 639 1246 sqq.
679 1190 755 1232 ubi
785 1191 1029 1232 sententiae
1069 1205 1175 1233 suae
1205 1206 1386 1234 caussas

33 1254 79 1290 et
107 1247 297 1289 rationes
336 1253 466 1289 acute
506 1262 559 1290 ac
601 1246 820 1289 subtiliter
856 1247 1106 1303 explicavit.
1168 1247 1254 1290 Cui
1283 1264 1387 1291 mox

34 1304 201 1346 assensi
230 1311 333 1347 sunt
362 1304 435 1345 alii
469 1304 548 1358 sic,
579 1310 630 1346 ut
658 1303 914 1360 simpliciter
941 1303 998 1346 ad
1024 1304 1116 1346 eius
1147 1306 1385 1348 auctorita-

34 1366 117 1403 tem
139 1366 442 1417 provocarent,
462 1367 512 1403 ut
531 1360 976 1404 Ackermannus:
1006 1361 1116 1403 Das
1148 1360 1186 1404 C
1203 1361 1384 1405 hrist-

33 1417 179 1460 liche
223 1417 292 1460 im
343 1417 545 1461 Platon
604 1434 647 1474 p.
690 1419 746 1460 22
793 1433 890 1473 sqq.
923 1433 975 1460 ac
1005 1417 1295 1462 Weissius
1328 1419 1385 1462 ad

33 1475 282 1519 Aristotelis
330 1475 509 1532 Physic.
558 1475 782 1531 interpret.
829 1474 980 1518 Germ.
1033 1490 1076 1531 p.
1129 1477 1215 1518 350
1269 1491 1383 1533 sqq.,

34 1547 144 1576 unus
185 1532 316 1574 etiam
345 1532 407 1574 ita
437 1531 702 1589 suffragatus
733 1538 824 1586 est,
856 1541 906 1574 ut
934 1547 1091 1574 novam
1122 1534 1384 1576 sententiam

33 1588 156 1632 novis
187 1589 455 1646 argumentis
484 1600 528 1631 et
557 1589 800 1631 rationibus
831 1597 1064 1631 exornaret
1092 1596 1226 1644 atque
1253 1589 1383 1633 docte

32 1661 84 1689 ac
112 1646 329 1689 subtiliter
367 1645 643 1699 defenderet,
677 1645 981 1688 Eduardus
1014 1646 1308 1702 Zellerus,
1339 1648 1384 1690 iu

31 1702 164 1746 libro:
201 1703 585 1746 Platonische
625 1701 873 1746 Studien
915 1703 1129 1760 (Tubing.
1167 1705 1289 1747 1839.
1321 1705 1382 1759 8.)

31 1775 74 1816 p.
107 1761 304 1804 1—142.
336 1766 380 1802 et
407 1766 575 1802 mutata
605 1759 805 1802 nonnihil
828 1759 1014 1816 pristina
1042 1761 1262 1803 sententia
1283 1776 1379 1815 sua,

31 1817 78 1858 in
116 1817 490 1872 praestantissimo
539 1832 670 1873 opere
709 1816 1006 1860 Historiae
1042 1816 1380 1873 Philosoph.

33 1871 191 1916 Graec.
215 1871 283 1914 ed.
301 1872 452 1915 I.Vol.
476 1873 539 1915 II.
563 1890 606 1929 p.
631 1875 726 1916 316.
748 1889 846 1930 sqq.
883 1873 1103 1916 Nimirum
1128 1874 1247 1929 quod
1265 1876 1382 1917 viros

31 1928 333 1982 doctissimos,
373 1935 425 1971 ut
452 1930 513 1971 ita
543 1936 814 1984 statuerent,
863 1930 1036 1986 impulit
1065 1945 1117 1972 ac
1145 1931 1379 1986 permovit,

32 1985 79 2028 id
107 1986 235 2028 facile
266 1986 481 2043 suspicari
510 1986 614 2028 licet
643 2002 731 2029 non
769 1986 863 2028 leve
895 1985 1107 2040 quiddam
1137 1993 1214 2028 aut
1242 2002 1380 2044 nuga-

31 2043 190 2086 torium
220 2043 373 2098 fui-sse,
404 2042 483 2085 sed
522 2043 668 2099 potius
699 2043 811 2098 tale,
855 2041 973 2097 quod
1002 2049 1167 2085 tantam
1196 2043 1283 2086 vim
1316 2050 1380 2086 at-

33 2115 116 2155 que
155 2106 327 2142 tantum
370 2106 635 2142 momentum
681 2099 798 2156 apud
839 2099 960 2156 ipsos
990 2099 1193 2155 haberet,
1225 2106 1275 2142 ut
1304 2116 1378 2143 ex-

32 2164 255 2199 ternorum
296 2156 641 2199 testimoniorum
680 2158 746 2199 vis
791 2156 907 2198 illius
949 2156 1157 2213 gravitati
1196 2164 1378 2213 postpo-

31 2213 175 2256 nenda
202 2213 436 2256 videretur.
495 2213 591 2256 Nec
613 2228 716 2255 vero
738 2214 890 2270 negari
918 2220 1082 2270 potest,
1105 2221 1376 2270 argumenta,

29 2271 188 2326 quibus
217 2270 281 2312 illi
310 2270 393 2312 hac
419 2270 466 2312 in
495 2285 654 2313 caussa
682 2270 749 2313 usi
780 2277 905 2324 sunt,
938 2277 1025 2312 tam
1056 2285 1151 2313 esse
1182 2271 1377 2326 subtilia,

28 2333 119 2370 tam
147 2326 301 2381 docta,
331 2332 422 2369 tam
448 2327 600 2386 gravia
629 2326 819 2382 denique
848 2341 900 2370 ac
929 2326 1201 2384 ponderosa,
1241 2333 1292 2369 ut
1322 2327 1376 2370 ab

30 2384 111 2438 iis,
152 2383 227 2438 qui
266 2383 486 2439 antiquam
517 2384 660 2440 operis
690 2383 823 2426 fidem
854 2390 900 2426 et
929 2383 1234 2427 auctoritatem
1262 2384 1377 2427 tueri

31 2441 176 2493 conati
210 2453 336 2496 sunt,
374 2440 584 2484 adversus
623 2456 675 2483 ea
713 2441 895 2498 ancipiti
924 2441 1102 2484 fortuna
1130 2453 1374 2497 pugnatum

31 2497 101 2540 sit.
167 2496 286 2539 Nam
327 2496 609 2553 disputarunt
655 2513 760 2540 sanc
798 2497 843 2540 in
887 2504 1056 2554 partem
1110 2498 1375 2540 'contrariam

30 2569 119 2596 non
148 2553 294 2596 minus
321 2553 448 2598 docte
487 2570 539 2597 ac
575 2554 796 2609 subtiliter
828 2555 913 2597 viti
943 2554 1172 2598 clarissimi
1203 2560 1247 2596 et
1275 2555 1374 2596 illu-

31 2610 257 2665 strissimi,
305 2609 423 2654 Car.
477 2611 735 2668 Diltbey:
803 2611 1004 2655 Examin.
1050 2611 1379 2654 Platonicorum
