1612 2872
119 355 200 396 642

232 106 288 146 96
705 103 1075 148 I’LATONIS

231 221 546 275 Λακεδαίμονα
594 219 638 260 δὲ
685 221 758 261 καὶ
797 218 1000 274 Κρήτην,
1033 219 1116 272 τὴν
1159 224 1238 276 μὲν
1273 221 1561 278 βραχύλογον,

231 283 313 338 τήν
357 288 400 327 δὲ
441 282 686 328 πολύνοιαν
725 286 896 337 μᾶλλον
940 283 965 338 ἢ
1012 289 1282 342 πολυλογίαν
1325 288 1562 334 ἀσκοῦσαν.

231 353 375 394 σκοπῶ
412 350 487 402 δή,
519 348 578 402 μὴ
615 349 749 400 (δόξαν
779 348 882 405 ὑμῖν
918 351 1209 407 παράσχωμαι
1247 357 1343 408 περὶ
1379 357 1563 409 σμικροῦ

231 415 372 459 πολλὰ
388 418 643 475 :aestimasti
654 432 702 466 ης
723 420 830 470 πέρι,
849 420 1033 472 σμικροῦ
1058 418 1328 473 πράγματος,
1350 420 1564 475 παμμήκη
1601 407 1612 421 ⁸

230 480 363 533 λόγον
399 479 836 535 ἀνακαθαιρόμενος.
870 481 919 525 τὸ
957 486 1000 526 δὲ
1037 483 1063 535 ἡ
1100 483 1212 527 κατὰ
1252 485 1388 543 φύσιν
1425 485 1563 530 αὐτοῦ
1603 480 1612 488 '⁸

230 546 470 600 διόρθωσις
506 545 586 589 οὐκ
622 545 680 589 ὀὲν
720 546 900 591 δύναιτο
937 547 1043 592 ἄνευ
1076 553 1284 605 μουσικῆς
1313 549 1564 606 ὀρθότητός

229 629 335 655 ποτε
380 616 516 672 σαᾳὲς
566 613 667 656 οὐδὲ
711 611 865 657 ἱκανὸν
908 619 954 657 ὲν
989 623 1081 665 τοῖς
1115 615 1259 671 λόγοις
1291 615 1560 671 ἀπολαβεῖν·

227 677 411 733 μουσικὴ
450 682 494 722 δὲ
530 676 635 722 ἄνευ
670 682 869 730 παιδείας
905 683 981 733 τῆς
1015 681 1158 734 πάσης
1192 682 1272 725 οὐκ
1297 680 1354 726 ἂν
1379 677 1435 726 αὖ
1458 701 1562 727 ποτε

228 744 408 787 δύναιτο
425 760 433 770 ·
470 746 610 788 ταῦτα
647 747 691 788 δὲ
728 745 999 801 παμπόλλων
1026 750 1115 790 ἐστὶ
1137 747 1290 801 λόγων.
1316 747 1448 804 ὁρᾶτε
1469 744 1559 801 οὖν,

227 815 269 854 τί
301 812 514 866 ποιῶμεν,
548 816 584 855 εὶ
629 813 772 854 ταῦτα
814 815 894 868 μὲν
936 812 1143 869 ἐάσαιμεν
1185 819 1231 857 ἐν
1266 817 1326 870 τῷ
1362 814 1560 871 παρόντι,

322 952 361 984 Ρ.
385 951 463 986 642.
509 952 602 993 περὶ
628 953 819 993 σμικροῦ
843 951 974 985 πολλὰ
999 953 1040 997 L]
1067 952 1186 996 σμικρὰ
1204 956 1243 986 Α.
1268 959 1302 987 et
1325 964 1376 996 pr.
1397 952 1435 986 Ω.
1462 955 1558 987 male.

229 1075 341 1108 Otfr.
366 1073 585 1106 Miillerus
605 1073 862 1106 DoriensNol.

228 1119 862 1162 11.p 386sqq.conf.etiam}10eek.

227 1168 284 1200 De
315 1165 420 1198 Creta
452 1165 567 1196 insula
601 1164 677 1196 Vol.
712 1164 779 1196 111.
826 1175 859 1206 p.

227 1213 296 1247 439
321 1222 396 1252 sqq.
442 1209 552 1247 Quem
585 1210 691 1251 vulgo
715 1210 782 1242 hue
807 1220 863 1242 re-

227 1259 346 1291 ferunt
368 1257 484 1288 locum
508 1255 535 1287 P
553 1256 564 1287 l
581 1265 602 1287 a
617 1259 642 1290 t.
673 1256 859 1297 Protagor.

227 1315 261 1347 p.
286 1302 367 1337 342.
392 1301 437 1332 D.
447 1324 456 1340 ‚
487 1310 563 1332 eum
594 1301 780 1332 tenendum
809 1305 863 1333 est

227 1347 460 1381 urbanissime,
482 1346 660 1386 perfusum
684 1357 759 1378 esse
782 1347 861 1378 irri—

228 1397 339 1432 sione,
362 1396 402 1423 ut
424 1397 524 1423 caute
548 1401 588 1423 eo
614 1392 779 1423 utendum
804 1393 860 1424 sit.

226 1441 388 1472 Ceterum
419 1447 488 1468 non
524 1437 771 1477 negligendum
795 1443 860 1479 est

226 1485 332 1537 quod
351 1484 455 1515 Plato
484 1483 550 1514 hoc
585 1483 661 1513 loco
685 1483 859 1515 Lacedae-

224 1531 353 1563 moniis
378 1528 619 1569 βραχυλογίαν
635 1527 859 1560 Cretensibus

226 1582 342 1609 autem
368 1571 556 1605 πολύνοιαν
580 1578 747 1614 tanquam
778 1584 858 1615 pro-

223 1623 335 1663 priam
359 1619 530 1652 attribuit.

273 1675 447 1698 σκοπω
486 1660 560 1704 δή,
598 1660 654 1703 μὴ
701 1660 859 1702 δόξαν

227 1710 346 1751 ὑμῖν
373 1710 437 1752 ——]
466 1709 614 1740 Phaedr.
643 1717 675 1749 p.
702 1707 780 1742 260.
806 1708 858 1738 Α·

228 1757 282 1789 δεῖ
302 1774 347 1780 -
382 1757 539 1794 σκοπεῖι,
571 1750 617 1794 μή
648 1763 677 1783 τι
708 1752 860 1794 λέγωσιν.

226 1803 334 1856 Hipp.
366 1801 447 1832 mai.
482 1810 515 1841 p.
548 1798 628 1832 300.
668 1798 721 1830 D:
753 1796 859 1829 ἐνθυ-

226 1849 354 1888 μοῦμαι
378 1863 414 1868 -
446 1843 490 1886 μὴ
516 1845 644 1884 παίζῃς,
692 1845 741 1876 De
771 1843 858 1884 Rep.

226 1894 275 1926 X.
328 1890 437 1924 .609.
453 1890 499 1923 C:
525 1887 645 1926 ἐννόει,
669 1886 714 1930 μὴ
738 1887 860 1927 ἐξαπα-

227 1938 396 1990 τηθωμει·.
458 1935 570 1976 Gorg.
615 1944 650 1975 p.
691 1933 772 1968 495.
817 1934 859 1967 Β·

224 1982 338 2025 ἄθρει,
354 1979 397 2023 μὴ
415 1992 457 2012 ου
471 1980 573 2012 τοῦτο
597 1975 616 2021 ᾗ
642 1977 679 2011 τὸ
709 1975 858 2021 ἀγαθόν.

222 2030 399 2062 Nimirum
422 2028 460 2058 in
475 2026 594 2058 σκοπῶ
618 2022 659 2067 δή
678 2025 858 2057 verendi

223 2076 321 2107 notio
348 2074 559 2105 continetur.

270 2121 312 2152 P.
345 2118 423 2152 642.
483 2114 677 2157 παμμήκη
720 2113 858 2156 λόγον

225 2160 858 2204 ἅνακαθαιρόμενος.]ραι·ὶοιι-

224 2221 317 2252 gum
342 2209 593 2250 suscipiens
616 2216 858 2239 sermonem

224 2258 286 2288 rei
329 2259 531 2295 tanquam
576 2252 858 2294 purgandae,

224 2302 259 2333 h.
303 2311 331 2332 e.
381 2299 632 2331 discernendae
676 2302 710 2329 et
754 2297 858 2328 extri-

226 2346 376 2385 candae‚
410 2355 427 2376 c
440 2355 461 2376 a
475 2356 497 2376 u
512 2355 528 2376 s
543 2354 559 2375 s
576 2354 606 2376 a.
654 2344 731 2375 Hoc
766 2343 857 2374 enim

227 2402 330 2424 sensu
343 2390 436 2422 istud
452 2386 773 2429 ἀνακαθαιρόμενος
782 2397 858 2419 cum

227 2435 501 2470 Schneidero
527 2434 660 2467 Saxon.
685 2435 722 2465 in
739 2433 858 2466 Lexic.

227 2483 269 2514 Τ.
301 2482 328 2514 Ι.
356 2492 390 2522 p.
425 2479 482 2514 98.
513 2480 715 2532 acceperim.
761 2478 861 2509 Infra

225 2529 305 2559 libr.
330 2526 397 2558 111.
422 2535 455 2580 p.
479 2524 557 2559 678.
589 2526 641 2557 D·
669 2521 750 2556 (lists
774 2519 858 2554 ἀπο-

227 2575 283 2615 ριά
308 2572 398 2603 πᾶσα
423 2566 466 2612 ἦν
483 2570 544 2602 τοῦ
559 2568 860 2609 ἀνακαθαίρεσθαι

227 2616 267 2650 ιὰ
296 2617 452 2657 τοιαῦτα,
477 2613 539 2657 (τὰ
569 2615 706 2655 μέταλλα
738 2623 857 2655 συγκε-

225 2662 377 2705 χυμένα).
427 2641 535 2694 A'liter
559 2663 592 2693 A
609 2671 625 2692 s
641 2665 655 2691 t
673 2661 682 2691 i
699 2670 720 2690 u
738 2670 773 2698 s,
798 2659 857 2701 qui

932 1074 1115 1106 formulam
1130 1080 1229 1117 putat
1245 1075 1458 1117 significare:
1477 1085 1561 1108 ser·
1609 1075 1611 1079 ’

929 1130 1090 1152 monem
1121 1123 1368 1162 exprimere
1400 1125 1440 1152 et
1470 1132 1561 1162 per-

930 1166 1087 1206 polire,
1111 1167 1251 1198 remotis
1277 1166 1447 1206 omnibus,
1473 1176 1561 1208 quae

929 1221 1007 1243 eum
1045 1211 1233 1243 obscurare
1269 1216 1329 1243 aut
1366 1212 1561 1244 deformare

928 1257 1083 1297 possint,
1130 1257 1374 1288 orationem
1423 1267 1561 1298 usque

929 1302 981 1333 ad
1015 1302 1238 1343 liquidum
1273 1312 1442 1334 sensum
1470 1312 1562 1344 per-

929 1347 1104 1378 ducere.

974 1389 1016 1422 τὸ
1042 1390 1085 1423 δὲ
1110 1388 1130 1433 ἦ
1162 1389 1263 1423 κατὰ
1296 1389 1430 1431 φύσιν
1453 1410 1497 1415 -
1522 1387 1559 1422 ἆ-

929 1430 1181 1478 πολαβεῖν·]
1216 1438 1253 1469 in
1283 1437 1337 1468 his
1374 1434 1410 1467 τὰ
1437 1434 1473 1467 δέ
1499 1446 1561 1477 per

927 1493 964 1515 se
995 1493 1150 1514 seorsum
1184 1483 1422 1523 accipiendum
1457 1486 1560 1523 atque

925 1529 1224 1569 interpretandum
1249 1533 1300 1559 cst
1322 1528 1437 1568 quod
1462 1537 1560 1558 con-

926 1578 1173 1613 tra,verum
1198 1577 1558 1612 tamen‚atvero;

925 1619 969 1651 de
1008 1629 1076 1660 quo
1116 1629 1181 1650 usu
1228 1619 1394 1659 loquendi
1435 1628 1467 1651 v.
1515 1618 1560 1650 ad

925 1664 1080 1705 Apolog.
1111 1663 1208 1695 Soer.
1243 1674 1277 1704 p.
1309 1663 1363 1696 23.
1394 1664 1440 1694 A.
1471 1680 1513 1685 —
1541 1659 1560 1704 ἦ

927 1706 1027 1740 κατὰ
1054 1706 1180 1748 φύσιν
1204 1705 1337 1739 αὐτοῦ
1368 1705 1558 1748 διόρθω-

927 1763 1011 1794 σις,
1024 1758 1146 1786 recta
1171 1754 1264 1785 eius
1289 1754 1558 1805 dispositio,

926 1810 1031 1841 quae
1080 1800 1142 1830 sit.
1185 1803 1372 1831 naturae
1413 1799 1558 1839 ipsius

928 1849 1233 1877 consentanea.
1259 1844 1348 1876 Nam
1369 1840 1560 1884 διόρθωσις

929 1900 1034 1931 quum
1064 1890 1205 1931 proprie
1240 1890 1286 1921 sit
1316 1889 1558 1925 correctio,

926 1940 1000 1967 tum
1035 1939 1116 1976 apte
1148 1935 1274 1967 dicitur
1306 1935 1410 1966 etiam
1438 1938 1558 1966 recta

926 1981 1113 2012 alicuius
1160 1981 1226 2012 rei
1274 1979 1556 2012 constitutio.

924 2026 1047 2067 Itaque
1075 2026 1142 2057 hoc
1172 2026 1275 2057 dicit:
1301 2028 1419 2056 reeta
1450 2034 1556 2056 eom-

924 2072 1205 2112 potationum
1236 2069 1478 2111 dispositio
1504 2070 1556 2101 si·

923 2126 973 2148 ne
1005 2120 1128 2148 reeta
1157 2117 1347 2147 musicae
1386 2116 1556 2147 ratione

923 2171 1004 2193 non
1029 2161 1196 2202 poterit
1229 2171 1309 2201 pro
1335 2170 1410 2192 sua
1434 2165 1556 2201 parte

924 2207 1033 2239 certi
1067 2206 1167 2247 quid
1197 2212 1327 2247 atque
1358 2206 1479 2246 pleni
1509 2206 1555 2237 in

924 2253 1197 2283 sermonibus
1224 2252 1443 2292 accipere,
1470 2251 1504 2282 h.
1522 2261 1553 2282 e.

924 2297 1008 2329 satis
1042 2297 1193 2328 dilucide
1225 2302 1329 2337 atque
1352 2297 1453 2336 plene
1477 2306 1554 2327 ora-

923 2343 1018 2374 tioue
1055 2343 1242 2383 explicari,
1274 2342 1324 2372 uti
1370 2342 1445 2373 fieri
1485 2341 1554 2381 ipsi

922 2397 986 2429 par
1009 2391 1070 2420 est.
1112 2386 1343 2425 Quamobrem
1369 2386 1553 2427 significat,

923 2433 1194 2474 disputationem
1219 2433 1262 2463 de
1286 2436 1380 2463 recta
1413 2441 1552 2472 compo-

922 2478 1090 2510 tationum
1127 2479 1264 2510 ratione
1304 2477 1552 2508 instituendam

922 2524 1113 2555 arctissime
1147 2523 1333 2556 cohaerere
1370 2531 1445 2553 cum
1475 2522 1551 2552 uni-

921 2578 1023 2600 versa
1046 2569 1153 2600 animi
1181 2569 1247 2600 rite
1277 2566 1458 2600 excolendi
1481 2567 1552 2598 dis·
1610 2571 1612 2597 ζ

1121 2613 1212 2646 Nam
1257 2609 1425 2652 μουσικήν
1466 2612 1551 2643 satis
1609 2607 1611 2621 ‘¹

922 2614 1062 2655 ciplina.

922 2662 1058 2691 constat
1097 2669 1118 2691 a
1154 2658 1303 2692 Platone
1350 2657 1551 2697 saepissime
