1612 2872
247 76 493 160 LXXissv
679 115 1148 161 PROLEGOMENA

245 229 590 284 quandoquidem
621 228 798 270 Critiam
837 229 1008 284 reliquit
1044 230 1358 285 imperfectum,
1390 232 1569 273 Hermo-

246 292 403 327 craten]
451 292 590 326 autem
650 299 703 325 ne
753 284 898 340 attigit
946 285 1131 340 quidem,
1179 286 1334 328 nedum
1370 288 1566 330 absolvit.

246 342 410 397 Nempe
440 341 520 382 hac
549 341 644 381 luce
673 339 829 381 clarius
859 346 948 394 est,
993 357 1086 382 eum
1129 349 1406 398 praepostera
1434 350 1568 385 morte

246 412 340 439 esse
386 396 660 452 impeditum,
707 397 933 450 quominus
975 397 1053 439 hos
1083 397 1214 439 libros
1246 413 1321 452 ea,
1354 414 1438 454 qua
1466 415 1568 441 con-

245 453 466 505 stituerat,
512 452 679 492 ratione
720 451 973 508 profligaret
1003 459 1046 493 et
1075 453 1129 494 ad
1159 453 1287 495 finem
1317 470 1453 509 usque
1483 456 1567 496 ela-

246 510 425 550 boraret.
492 507 631 564 Igitur
670 522 724 548 ne
770 508 876 550 alios
925 509 1097 563 quidem
1133 509 1265 552 libros
1319 510 1568 552 scribendos

244 565 459 619 suscipere
489 564 644 618 potuit.
706 563 774 605 Ex
805 579 889 618 quo
919 565 1126 618 efficitur,
1167 572 1215 607 ut
1253 566 1421 622 Legum
1459 582 1568 622 opus

245 619 386 674 potius
431 620 567 662 cuivis
605 619 678 660 alii
719 635 846 674 quam
886 635 1048 662 summo
1093 621 1348 677 philosopho
1378 622 1567 664 tribuen-

244 675 343 716 dum
373 675 443 717 sit.
502 675 624 716 Haec
648 675 781 731 igitur
810 676 976 729 critici,
1009 677 1082 731 qui
1114 677 1281 733 Legum
1309 678 1441 719 libros
1470 678 1567 719 Pla—

244 731 335 773 toni
376 730 617 786 eripiendos
644 746 746 776 ,esse
787 732 1056 777 arbitrantur.
1124 732 1330 789 Speciosa
1371 749 1473 775 vero
1502 750 1567 775 ar-

243 788 536 842 gumentatio3
578 786 655 829 sed
701 786 849 829 eadem
878 795 1045 843 tamen,
1088 789 1124 830 si
1162 803 1308 830 verum
1338 789 1462 831 fateri
1492 805 1567 831 vo-

244 845 397 896 lumus,
437 842 492 884 ad
535 842 845 885 confutandum
884 859 969 885 non
1019 844 1126 886 adeo
1181 844 1379 887 difficilis.
1451 844 1566 898 Quid

243 899 382 940 enim?
422 914 565 941 nonne
595 900 696 940 item
726 906 840 941 recte
868 900 1016 942 licebit
1034 907 1218 955 statuere
1247 907 1288 941 et
1308 901 1566 953 existimare,

247 956 465 996 Platonem
505 956 664 997 reiecto
705 955 750 995 in
799 955 916 997 aliud
952 961 1120 1013 tempus
1161 957 1410 1013 tetralogiae
1451 957 1567 999 illius

244 1011 530 1066 perficiendae
578 1011 786 1065 consilio,
838 1026 968 1065 quum
1011 1013 1211 1053 Politiam
1254 1022 1297 1053 et
1346 1013 1566 1054 Timaeum

242 1067 568 1121 elaboravisseh,
626 1076 723 1108 ante
771 1068 912 1108 omnia
959 1067 1126 1124 Legum
1173 1068 1447 1123 scriptionem
1487 1069 1566 1111 sibi

241 1122 558 1177 suscipiendam
588 1123 820 1164 statuisse?
853 1139 907 1164 an
938 1124 1034 1177 quis
1065 1123 1355 1165 demonstrare
1380 1140 1567 1179 unquam

243 1180 412 1234 poterit,
441 1179 745 1235 philosophum
774 1179 1035 1234 promisisse,
1067 1195 1159 1222 sese
1182 1181 1383 1221 continuo
1416 1179 1564 1222 ordine

244 1250 319 1276 nec
357 1235 598 1277 intermisso
638 1234 854 1276 scribendi
902 1236 1077 1290 negotio
1133 1236 1265 1277 libros
1311 1236 1408 1277 illos
1471 1251 1566 1278 esse

245 1291 564 1345 perfecturum?
633 1291 849 1332 Nimirum
888 1291 1003 1332 istud
1045 1291 1215 1345 quidem
1259 1291 1329 1332 ille
1359 1307 1438 1333 nec
1467 1307 1564 1347 pro-

242 1347 357 1389 misit
385 1362 464 1388 nec
494 1361 596 1388 vcro
637 1347 697 1387 ita
727 1347 843 1388 fecit.
903 1345 994 1389 Cur
1021 1354 1163 1388 autem
1192 1362 1279 1388 non
1311 1348 1372 1388 ita
1401 1347 1564 1399 fecerit,

241 1403 285 1444 id
316 1418 574 1457 quamquam
598 1403 860 1458 ignoramus,
890 1409 1032 1444 tamen
1057 1403 1335 1459 probabiliter
1353 1404 1565 1445 coniicere

242 1460 353 1500 licet.
431 1458 618 1500 Videtur
659 1459 770 1499 enim
808 1459 873 1500 vir
901 1459 1239 1514 sapientissimus
1279 1459 1373 1514 ipsa
1401 1459 1566 1515 magni-

243 1515 388 1556 tudine
433 1520 476 1555 et
515 1514 766 1556 excellentia
794 1515 958 1569 operis,
998 1530 1084 1569 quo
1114 1529 1160 1556 se
1190 1514 1243 1555 de
1270 1515 1432 1569 patriae
1463 1530 1565 1556 suae

242 1572 379 1613 salute
419 1571 578 1625 optime
617 1571 865 1612 meriturum
894 1582 988 1612 esse
1026 1577 1230 1625 speraret,
1271 1570 1475 1612 invitatus
1514 1585 1565 1612 ac

243 1633 461 1682 permotus
501 1641 622 1679 esse,
662 1633 711 1668 ut
752 1627 939 1682 seposita
977 1627 1285 1681 aliquantisper
1323 1624 1482 1668 Critiae
1522 1633 1565 1668 et

242 1683 534 1724 Hermocratis
574 1683 832 1737 scriptione,
873 1682 928 1723 ad
956 1681 1063 1723 illud
1103 1682 1443 1737 componendum
1473 1682 1563 1723 ani-

242 1754 355 1780 mum
392 1739 640 1794 appelleret.
707 1738 821 1780 Nam
857 1738 1121 1794 praeclarum
1158 1737 1265 1779 illud
1304 1752 1444 1779 rerum
1484 1753 1561 1793 pu-

243 1795 445 1836 blicarum
490 1795 535 1835 in
589 1794 741 1836 melius
795 1793 1095 1835 mutandarum
1144 1793 1367 1835 consilium
1414 1793 1563 1847 quidni

240 1857 355 1892 recte
395 1856 628 1892 statuamus
676 1850 861 1891 animum
901 1850 981 1890 viri
1024 1850 1083 1890 ita
1121 1849 1398 1905 occupavisse
1436 1864 1562 1891 occu-

240 1913 473 1962 patumque
518 1906 731 1959 tenuisse,
780 1911 829 1947 ut
865 1905 970 1946 nihil
999 1906 1080 1948 sibi
1120 1905 1337 1960 antiquius
1380 1904 1562 1957 duxerit,

241 1978 367 2016 quam
396 1961 500 2004 illud
540 1976 667 2016 quam
706 1961 888 2016 primum
921 1961 977 2010 ad
1005 1962 1162 2002 exitum
1191 1960 1461 2016 perducere?
1489 1960 1562 2002 Ad

240 2019 322 2060 hoc
359 2034 461 2060 vero
499 2018 704 2070 accessit,
747 2017 863 2071 quod
898 2017 1027 2059 etiam
1063 2018 1124 2059 rei
1166 2015 1402 2073 amplitudo
1430 2015 1561 2070 pluri-

240 2090 353 2116 mum
393 2074 526 2116 studii
564 2080 693 2128 atque
735 2088 891 2128 operae
930 2073 1012 2119 sibi
1049 2072 1280 2128 deposcere
1319 2071 1455 2113 videri
1484 2070 1559 2113 de-

242 2131 358 2183 buit,
402 2131 462 2171 ita
497 2136 546 2172 ut
582 2144 662 2171 nec
698 2135 816 2171 aetas
856 2144 944 2170 rem
973 2128 1134 2170 diutius
1164 2127 1332 2169 differre
1363 2133 1437 2168 aut
1462 2143 1561 2183 pro-

240 2186 472 2228 crastinare
509 2191 740 2242 pateretur.
812 2185 893 2227 His
938 2185 1069 2241 igitur
1114 2183 1279 2226 caussis
1326 2188 1558 2239 permotus,

240 2242 408 2297 opinor,
447 2241 625 2284 Critiam
664 2247 706 2284 et
734 2241 1081 2293 Hermocratem,
1120 2240 1314 2294 quamvis
1351 2240 1434 2281 iam
1461 2255 1558 2295 pro-

238 2299 429 2351 missum,
460 2298 676 2352 seposuit,
705 2311 844 2352 usque
874 2296 974 2338 dum
1001 2296 1174 2352 gravius
1211 2301 1254 2337 et
1286 2294 1560 2351 magnificen-

239 2354 325 2396 tius
380 2353 549 2409 Legum
602 2367 712 2410 opus
766 2352 1039 2396 condidisset.
1128 2352 1226 2393 Hoc
1273 2356 1415 2393 autem
1463 2365 1556 2392 eum

240 2415 478 2466 opportune
515 2414 615 2465 post
651 2409 975 2465 Rempublicam
1022 2422 1115 2449 esse
1154 2421 1418 2463 aggressum,
1461 2406 1557 2460 quis

239 2471 307 2507 est
345 2465 419 2519 qui
447 2465 690 2521 negaverit,
721 2466 794 2507 ubi
823 2479 948 2518 quam
979 2474 1096 2505 arcta
1120 2462 1178 2504 sit
1206 2463 1426 2518 utriusque
1456 2476 1558 2517 ope-

239 2521 297 2564 ris
346 2519 620 2563 necessitudo
662 2526 704 2562 et
754 2520 1024 2572 coniunctio,
1075 2521 1218 2560 secum
1270 2516 1557 2574 reputaverit?

241 2576 329 2619 Sed
366 2575 480 2618 istud
518 2575 689 2630 quidem
731 2588 778 2617 ut
819 2577 1024 2619 incertum
1068 2575 1125 2616 sit
1164 2575 1322 2631 quippe
1369 2574 1554 2630 positum
1610 2601 1612 2628 :

240 2634 282 2678 in
322 2647 436 2675 mera
473 2632 599 2674 animi
641 2632 909 2685 coniectura,
951 2638 1089 2673 tamen
1136 2629 1240 2671 illud
1282 2637 1395 2673 certe
1441 2628 1556 2670 nullo
1609 2638 1612 2686 ᾗ
