1612 2872
448 95 530 138 DE
563 93 840 138 LEGIBUS
873 101 952 136 etc.
1120 90 1378 135 LXXXIX

31 210 104 265 cti,
163 211 246 252 alii.
336 208 438 263 Quo
487 211 604 251 t'acto
660 206 760 250 inde
815 222 852 250 a.
894 223 937 264 p.
994 207 1090 249 766.
1138 221 1235 261 sqq.
1288 204 1376 248 dis-

30 273 208 325 putatur
252 266 381 309 etiam
430 265 484 308 de
533 265 708 308 iudiciis
756 264 1047 320 iubenturque
1094 264 1377 319 magistratus
1430 308 1433 311 Α

31 325 189 381 singuli
229 323 285 366 ad
315 324 460 380 legum
493 322 700 366 custodes
731 321 920 376 deferre,
953 322 990 364 si
1020 320 1127 377 quid
1155 321 1200 362 in
1230 319 1378 377 legum

30 382 302 438 expositione
332 381 685 437 praetermissum
716 378 1123 432 animadverterint,
1156 393 1242 433 quo
1273 391 1377 434 pos-

29 440 87 482 sit
139 438 374 494 aliquando
426 452 651 481 commune
691 435 744 478 de
793 436 964 493 legibus
1023 434 1278 492 supplendis
1331 440 1377 476 et

31 495 310 539 emendandis
361 495 591 537 concilium
647 493 810 536 haberi.
888 493 1012 536 Haec
1049 493 1183 550 igitur
1234 506 1377 546 usque

30 553 87 596 ad
123 569 167 609 p.
199 555 292 596 772.
323 551 380 593 in.
439 552 532 593 Iam
558 566 661 593 vero
691 549 923 605 exponitur
951 565 1082 605 porro
1114 549 1168 591 de
1196 549 1378 605 nuptiis,

30 610 84 652 de
123 608 407 652 matrimoniis
449 607 590 663 deque
629 607 866 649 liberorum
896 607 1214 663 procreatione.
1276 605 1377 660 Quo

29 669 126 710 loco
165 673 362 709 monetur
404 666 533 708 etiam
575 664 628 706 de
666 670 889 720 tempore,
934 679 1020 719 quo
1058 664 1379 706 matrimonium

28 725 137 767 inire
166 723 310 778 liceat,
351 723 565 778 simulque
596 721 860 775 ostenditur,
900 720 947 762 id
978 720 1095 776 quod
1127 732 1256 762 antea
1286 727 1380 762 erat

0 817 6 826 ,
30 781 290 838 neglectum,
323 780 452 822 etiam
491 781 537 821 in
566 778 770 836 gerendis
809 778 1138 835 magistratibus
1170 784 1213 819 et
1241 778 1287 818 in
1315 778 1379 819 ta-

31 837 186 882 cienda
222 837 375 879 militia
412 843 578 879 certum
619 842 790 892 tempus
827 834 1143 878 observandum
1184 849 1292 877 esse.
1324 859 1379 865 —-

30 896 116 939 His
153 910 256 937 vero
296 893 544 937 dilucidatis
583 893 732 936 libro
777 893 1015 948 septimo
1057 892 1250 935 defertur
1289 890 1379 934 dis-

32 953 200 1010 putatio
236 951 291 993 ad
337 951 638 994 educationem
667 958 798 1006 atque
829 950 1146 993 institutionem
1177 950 1380 991 iuventu-

32 1011 103 1053 tis.
162 1009 359 1051 Docetur
387 1009 537 1065 igitur,
569 1023 679 1063 quae
708 1008 948 1050 infantibus
980 1014 1111 1062 atque
1139 1007 1284 1064 pueris
1314 1006 1379 1048 in-

33 1066 87 1109 de
105 1065 160 1108 ab
188 1074 312 1108 utero
334 1066 482 1108 matris
515 1080 619 1108 cura
637 1065 858 1115 debeatur,
890 1064 1275 1120 copiosissimeque
1306 1078 1380 1106 ex-

37 1124 225 1181 plicatur
266 1122 319 1165 de
363 1124 530 1165 musica
569 1129 613 1164 et
651 1122 944 1179 gymnastica,
984 1122 1046 1165 ita
1088 1120 1290 1177 quidem,
1330 1127 1381 1162 ut

34 1196 145 1237 quae
189 1180 302 1222 libro
343 1180 535 1223 secundo
567 1179 620 1222 de
649 1180 814 1222 musica
845 1185 889 1221 et
918 1179 1194 1221 institutione
1225 1177 1381 1234 puerili

35 1243 240 1292 suscepta
269 1236 352 1278 fuit
382 1236 644 1294 disputatio,
686 1252 738 1278 ea
767 1236 851 1279 hoc
880 1235 1052 1278 demum
1091 1236 1189 1278 loco
1231 1235 1379 1291 profli-

36 1295 130 1352 gari
182 1300 226 1336 et
278 1294 444 1336 absolvi
501 1292 787 1336 existimanda
848 1294 918 1336 sit.
959 1319 1015 1324 —-
1093 1292 1382 1350 Subiungitur

38 1352 139 1394 dein
175 1351 310 1392 libri
349 1352 541 1393 octavi
591 1351 760 1393 initio
812 1351 988 1393 uberior
1037 1350 1278 1406 disputatio
1327 1349 1381 1391 de

37 1408 189 1451 diebus
219 1408 359 1462 festis,
391 1408 444 1451 de
475 1408 742 1451 solemnibus
764 1408 923 1462 sacris,
954 1407 1006 1450 de
1036 1408 1153 1450 ludis
1193 1406 1381 1463 publicis

35 1465 330 1520 imprimisque
388 1465 670 1518 militaribus,
740 1465 835 1508 aliis
892 1466 1021 1508 rebus
1071 1465 1380 1508 consimilibus.

38 1522 138 1576 Qua.
185 1522 412 1565 occasione
453 1522 727 1565 disseruntur
779 1522 907 1564 etiam
950 1522 1162 1577 quaedam
1212 1522 1265 1564 de
1313 1537 1381 1563 ar-

38 1578 178 1622 cenda
214 1595 348 1636 prava
389 1579 610 1634 lubidine,
643 1595 756 1635 quae
784 1580 898 1621 inter
927 1580 1141 1622 eiusmodi
1171 1578 1299 1621 ludos
1330 1594 1382 1621 ao

39 1636 334 1679 solemnitates
373 1637 498 1679 facile
537 1637 770 1680 exoriatur.
840 1637 952 1678 Tum
991 1653 1094 1679 vero
1132 1636 1234 1678 inde
1277 1651 1302 1678 a
1341 1653 1382 1693 p.

41 1694 135 1735 842.
166 1692 233 1735 ed.
279 1693 432 1750 Steph.
473 1693 526 1736 de
561 1695 681 1736 victu
721 1694 928 1748 cultuque
966 1695 1103 1749 vitae,
1141 1710 1227 1749 quo
1262 1694 1381 1736 cives

39 1751 158 1793 usuri
190 1751 290 1805 sint,
324 1750 377 1793 de
409 1752 687 1809 agricultura,
719 1750 772 1793 de
804 1751 1005 1807 opificiis,
1038 1752 1091 1794 de
1122 1763 1381 1806 mercatura,

40 1807 94 1849 de
123 1822 226 1850 cura
254 1823 396 1850 rerum
425 1809 657 1862 venalium,
691 1807 744 1850 de
773 1816 1005 1865 augmento
1028 1824 1078 1851 ac
1107 1808 1383 1851 decremento

41 1865 268 1918 bonorum,
299 1864 438 1920 deque
469 1866 726 1907 commercio
751 1880 849 1907 cum
874 1866 1115 1923 peregrinis
1136 1866 1382 1922 exponitur,

43 1935 180 1975 eoque
219 1919 456 1976 disputatio
488 1921 541 1963 de
573 1922 771 1964 civilibus
802 1923 1043 1965 rationibus
1076 1929 1120 1964 et
1149 1922 1384 1964 necessita-

41 1978 157 2020 tibus
196 1977 284 2019 fere
329 1978 580 2021 absolvitur.
620 2003 673 2008 -—
742 1978 899 2033 Itaque
939 1980 1086 2021 libro
1112 1995 1254 2021 nono
1284 1995 1383 2035 pro-

41 2041 168 2077 tenus
198 2034 408 2076 transitur
437 2034 492 2076 ad
522 2035 643 2091 leges
665 2034 915 2078 criminibus
936 2035 1200 2079 scribendas.
1262 2035 1383 2090 Quo-

3 2143 6 2144 ⁷
43 2092 157 2134 circa
185 2091 330 2147 agitur
358 2091 509 2134 ordine
551 2092 756 2147 deinceps
797 2091 850 2134 de
882 2093 1156 2148 criminibus,
1199 2108 1310 2148 quae
1337 2093 1384 2135 in

44 2147 148 2191 deos
167 2154 210 2190 et
239 2164 305 2190 res
336 2148 504 2190 divinas
545 2149 886 2203 committuntur,
924 2151 1070 2207 agitur
1089 2151 1190 2192 item
1222 2150 1275 2193 de
1300 2151 1383 2193 cri-

43 2205 226 2247 minibus
258 2206 303 2247 in
333 2206 642 2262 rempublicam
673 2206 854 2261 aliisque
883 2207 1092 2262 plurimis,
1114 2208 1174 2249 ita
1192 2206 1382 2263 quidem,

44 2268 92 2304 ut
108 2262 235 2304 etiam
249 2264 486 2319 generatim
504 2263 558 2305 de
573 2263 703 2305 variis
722 2264 947 2306 criminum
961 2265 1194 2322 generibus
1213 2279 1383 2307 eorum-

45 2334 128 2375 que
168 2320 321 2375 poenis
361 2319 600 2362 disseratur
629 2321 932 2376 explicataque
963 2322 1178 2365 subtiliter
1207 2322 1313 2364 iusti
1342 2328 1386 2365 et

44 2376 192 2418 iniusti
230 2377 392 2419 ratione
430 2376 482 2419 de
521 2377 666 2419 damni
706 2384 749 2419 et
789 2378 968 2420 iniuriae
1009 2378 1255 2422 discrimine
1296 2379 1384 2422 dis-

46 2439 234 2489 putetur.
265 2457 320 2465 -—-
376 2435 526 2489 Atque
577 2435 811 2477 coniuncta
850 2450 948 2478 cum
998 2436 1064 2479 his
1103 2443 1229 2491 sunt,
1273 2451 1385 2492 quae

46 2489 333 2547 principio
370 2491 507 2534 libri
546 2491 752 2534 decimi
796 2500 1082 2550 exponuntur.
1151 2494 1222 2536 Ibi
1270 2494 1384 2536 enim

48 2546 370 2590 constituuntur
407 2563 572 2605 poenae
608 2548 842 2605 impietatis
882 2549 1090 2594 adversus
1127 2551 1385 2608 religionum

49 2603 316 2658 publicarum
357 2619 407 2647 ac
458 2605 636 2648 deorum
688 2613 989 2651 contemtores.
1067 2609 1231 2650 Verum
1276 2608 1385 2650 haec

51 2660 146 2716 ipsa
176 2675 244 2703 res
274 2661 406 2704 veluti
448 2677 592 2706 ansam
624 2662 803 2718 praebet
831 2665 1065 2721 copiosiori
1098 2664 1386 2722 disputationi
