1612 2872
469 78 552 122 DE
583 77 860 123 LEGIBUS
891 84 975 122 ete.
1193 77 1407 122 LXXIII

45 194 174 245 δενος
218 191 416 245 ὑπήκοον
462 193 564 236 οὐδὲ
600 194 788 248 δοῦλον,
835 190 948 235 ἀλλὰ
985 190 1164 235 πάντων
1211 187 1407 255 ἄρχοντα

46 251 187 305 εἶναι,
258 250 416 307 ἐάνπερ
484 250 712 303 ἀληθινὸς
776 247 1019 306 ἐλεύθερός
1075 264 1121 292 τε
1181 243 1322 297 ὅντως
1379 265 1404 306 ῃ

45 304 158 350 κατὰ
190 304 352 365 φύσιν·
391 308 473 349 νῦν
513 309 561 350 δὲ
600 306 653 350 οὐ
697 306 782 363 γάρ
813 312 933 350 ἐστιν
964 305 1167 360 οὐὸαμοῦ
1199 303 1406 358 οὐδαμῶς

44 362 143 406 ἀλλ’
171 363 198 415 ἤ
217 381 330 406 κατα
358 362 528 420 βραχύ·
553 362 624 406 διὸ
648 364 702 416 δὴ
728 365 777 407 τὸ
802 362 1008 420 δεύτερον
1041 365 1258 419 αἱρετέον,
1279 360 1406 414 τάξιν

45 437 91 463 τε
134 423 206 463 καὶ
249 421 417 475 νόμον,
451 420 482 462 οἳ
512 419 567 472 δὴ
599 418 650 463 τὸ
677 423 759 476 μὲν
791 419 850 470 ὠς
881 423 951 463 ἐπὶ
982 417 1034 462 τὸ
1067 416 1180 462 πολὺ
1212 417 1300 472 ὁρᾷ
1330 421 1404 461 καὶ

43 478 212 532 βλέπει,
242 475 293 520 τὸ
326 477 360 520 δ’
396 480 464 520 ἐπὶ
495 479 586 520 πᾶν
614 476 837 520 ἀδυνατεῖ.
899 476 1110 521 Similiter
1128 476 1259 519 etiam
1279 474 1403 517 Libr.

47 533 130 576 IV.
162 550 203 590 p.
237 535 333 578 712.
366 535 422 576 A.
455 534 577 576 Libr.
606 533 663 576 V.
693 550 735 591 p.
769 535 868 577 739.
900 533 954 575 C.
988 534 1046 577 D.
1078 533 1132 576 E.
1164 533 1287 575 Libr.
1319 532 1404 574 IX.

43 607 86 647 p.
116 592 213 633 876.
245 593 300 632 A.
333 604 429 646 sqq.
488 591 561 633 De
591 590 702 647 Rep.
734 591 820 633 IX.
861 606 904 647 p.
935 591 1034 632 59⁶2.
1063 592 1119 634 A.
1150 590 1203 632 B.
1234 589 1311 632 ubi
1338 588 1406 631 in-

43 655 112 689 ter
141 646 247 689 alia:
287 646 405 698 αὕτη
435 649 482 690 δὲ
512 647 540 699 ἡ
563 647 691 698 πόλις
719 653 766 691 ἐν
796 648 950 702 λόγοις
979 652 1172 702 κειμένη,
1205 650 1296 689 ἐπεὶ
1326 649 1408 702 γῆς

43 719 90 758 γε
130 704 331 758 οὐδαμοῦ
382 703 510 759 οἶμαι
556 703 697 757 αὐτὴν
745 704 882 753 εἶναι,
920 703 1008 746 ἀλλ’
1047 728 1105 735 -
1143 709 1190 746 ὲν
1228 702 1407 759 οὐρανῷ

45 761 151 810 ἴσως
189 760 468 816 παράδειγμα
508 759 740 804 ἀνάκειται
778 762 841 815 τῷ
876 762 1139 816 βουλομένῳ
1182 758 1293 816 ὁρᾶν
1331 765 1404 803 καὶ

47 815 206 872 ὁρῶντι
239 819 399 860 ἑαυτὸν
422 820 701 871 κατοικίζειν.
734 820 941 875 διαφέρει
972 819 1020 860 δὲ
1050 817 1182 860 οὐδὲν
1203 818 1286 859 εἴτε
1317 833 1404 859 που

45 877 165 916 ἔστιν
196 875 280 916 εἴτε
312 876 447 917 ἔσται.
511 875 571 917 Et
599 875 868 918 conveniunt
908 889 1008 918 oum
1039 874 1108 917 his
1150 874 1404 931 planissime

45 930 174 973 etiam
211 930 286 972 ina
323 931 370 973 in
410 931 582 974 Politie.
620 948 663 989 p.
705 934 802 975 297.
835 932 886 973 Β.
917 956 974 962 -
1003 931 1056 974 Ε.
1087 937 1138 973 ut
1168 931 1295 973 facile
1325 945 1404 986 ap-

44 993 213 1043 pareat,
245 987 555 1045 philosophum
586 989 707 1032 nullo
738 987 868 1031 modo
898 988 944 1030 in
966 988 1166 1046 Legibus
1199 988 1404 1031 statuisse

44 1043 98 1086 de
142 1044 209 1087 his
250 1045 380 1087 rebus
410 1045 521 1100 alia,
563 1060 693 1100 quam
731 1060 844 1101 quae
883 1045 929 1087 in
968 1045 1064 1088 aliis
1112 1045 1305 1102 seriptiS,
1350 1044 1404 1087 de

45 1116 231 1156 quorum
271 1101 359 1144 fide
398 1108 441 1143 et
482 1103 743 1146 auctoritate
783 1117 911 1144 nemo
954 1102 1188 1157 quisquam
1218 1101 1404 1156 dubitet,

45 1154 585 1215 iudicavisse'reperitur.
661 1160 754 1202 Iam
794 1174 900 1202 vero
939 1159 1049 1202 haec
1079 1160 1117 1202 si
1155 1174 1258 1201 vere
1302 1166 1406 1202 sunt

44 1229 70 1256 a
102 1214 231 1257 nobis
261 1216 478 1272 exposita,
510 1216 609 1271 quis
639 1230 805 1272 quaeso
835 1222 903 1258 est
933 1216 1037 1271 quin
1068 1216 1281 1259 continuo
1313 1217 1405 1258 ani-

44 1271 309 1327 madvertat,
360 1272 432 1328 qui
482 1272 645 1315 factum
696 1273 781 1328 sit,
839 1279 890 1315 ut
936 1273 1066 1316 Plato
1106 1273 1236 1315 etiam
1276 1272 1405 1315 aliam

45 1328 289 1382 civitatem,
321 1344 346 1371 a
375 1329 516 1386 prima
545 1330 620 1372 illa
649 1330 882 1385 diversam,
914 1329 1101 1372 condere
1131 1329 1405 1372 decreverit?

44 1384 281 1427 Enimvero
324 1401 412 1428 non
450 1386 699 1444 repudiavit
729 1387 904 1443 quidem
934 1388 1124 1444 priorem
1153 1387 1297 1442 illam,
1328 1402 1404 1429 ne-

45 1456 129 1497 que
171 1456 265 1484 eam
305 1458 386 1498 pro
426 1443 546 1486 inani
583 1444 754 1487 somnio
784 1444 960 1495 habuit3
1001 1459 1100 1486 nam
1130 1444 1175 1486 in
1207 1444 1404 1501 Legibus

46 1513 220 1554 quoque
240 1498 494 1543 idemtidem
515 1508 657 1557 optat,
690 1508 738 1543 ut
768 1515 878 1555 quae
910 1501 1094 1543 virtutes
1123 1507 1257 1556 atque
1287 1503 1406 1544 bona

45 1554 101 1609 ad
141 1569 235 1597 eam
278 1556 552 1600 efficiendam
597 1565 701 1601 sunt
739 1559 1015 1612 necessaria,
1057 1573 1108 1600 ea
1146 1559 1404 1601 mortalibus

44 1611 280 1667 aliquando
313 1613 566 1671 obtingant,
609 1615 662 1658 de
693 1630 780 1670 qua
801 1630 846 1657 re
885 1632 926 1656 v.
959 1615 1081 1657 Libr.
1115 1615 1196 1658 IV.
1229 1631 1272 1671 p.
1306 1617 1402 1658 712.

45 1670 91 1718 A.
125 1669 177 1710 V.
206 1685 250 1725 p.
282 1672 378 1712 739.
410 1670 461 1713 C.
503 1672 561 1713 D.
593 1672 646 1714 E.
676 1672 783 1714 VII.
815 1688 858 1727 p.
891 1674 988 1715 807.
1020 1672 1072 1716 Β.
1133 1672 1223 1716 Sed
1254 1672 1404 1714 divino

46 1731 214 1768 tantum
255 1742 433 1769 munere
478 1735 732 1771 eventurum
763 1729 1000 1784 aliquando
1031 1730 1217 1786 putavit,
1250 1735 1301 1771 ut
1329 1737 1405 1771 aut

47 1782 264 1837 sapientes
302 1785 569 1840 reipublicae
608 1785 908 1829 moderatores
948 1787 1209 1841 existerent,
1250 1786 1404 1841 quales

47 1839 276 1893 requisivit
305 1840 374 1894 ³⁸⁸),
415 1849 491 1883 aut
527 1843 724 1885 homines
771 1849 859 1884 tam
899 1843 1159 1885 insolentem
1213 1844 1404 1885 civitatis

49 1894 227 1936 formam
282 1896 447 1939 ferrent
497 1914 548 1941 ao
604 1899 854 1955 probarent.
935 1899 1094 1956 Itaque
1147 1900 1279 1942 missa
1330 1900 1405 1941 illa

49 1950 387 2007 philosophandi
436 1955 702 1997 sublimitate
751 1971 798 1998 se
848 1956 1023 1999 demisit
1067 1956 1303 2011 aliquando
1349 1956 1404 1998 ad

48 2007 163 2050 vitae
203 2008 417 2053 humanae
447 2011 758 2067 humilitatem,
786 2028 866 2068 pro
901 2013 1104 2068 osuitque
1134 2013 1220 2054 tale
1250 2013 1404 2055 civita-

49 2064 107 2106 tis
145 2065 384 2121 exemplar,
425 2068 482 2110 ad
511 2069 636 2111 cuius
676 2029 1003 2111 similitudinem
1031 2085 1160 2112 verae
1189 2070 1403 2126 respubli-

50 2135 126 2179 cae
167 2124 396 2179 componi,
444 2125 664 2168 emendari
709 2133 755 2168 et
794 2126 839 2168 in
880 2126 1035 2169 melius
1075 2128 1232 2170 mutari
1273 2142 1402 2184 posse

118 2371 151 2412 *j
188 2372 317 2405 verum
351 2375 417 2406 hae
441 2376 476 2407 in
503 2387 540 2408 re
568 2381 680 2409 vatem
705 2376 815 2408 fuisse
840 2376 1044 2418 Platonem,
1070 2379 1256 2421 longorum
1283 2389 1401 2412 saecu-

188 2418 303 2450 lorum
328 2420 476 2454 decursu
502 2424 587 2455 satis
614 2423 878 2464 comprobatum
909 2424 1130 2457 arbitramur.
1179 2425 1269 2458 Nam
1296 2437 1402 2468 quum

189 2464 390 2498 idemtidem
416 2469 598 2500 extiterint
630 2479 731 2511 reges
754 2479 796 2501 ao
820 2470 999 2511 principes
1025 2472 1079 2502 vel
1105 2473 1256 2504 maxime
1280 2473 1402 2505 lauda·

188 2509 275 2541 biles
300 2515 334 2543 et
357 2516 671 2553 praestantissimis
696 2516 812 2547 ornati
835 2517 1034 2560 virtutibus,
1060 2522 1176 2550 tamen
1202 2519 1278 2550 iure
1302 2519 1402 2550 vide·

187 2565 264 2587 mur
294 2561 448 2591 statuere
480 2561 524 2592 ad
557 2561 650 2593 hune
681 2571 794 2603 usque
826 2562 918 2593 diem
947 2563 1105 2595 nondum
1139 2569 1300 2596 exortum
1326 2575 1403 2596 esse

189 2606 359 2635 rectorem
383 2606 538 2647 aliquem
553 2608 660 2639 ullius
687 2608 842 2640 civitatis
867 2618 949 2640 vere
973 2609 1238 2651 philosophum,
1264 2611 1403 2652 qualem

190 2646 294 2680 Plato
319 2650 544 2692 desideravit,
572 2664 615 2686 ne
640 2653 762 2686 Marco
789 2654 929 2695 quidem
956 2655 1136 2688 Antonino
1161 2661 1318 2698 excepto.
