1612 2872
250 100 397 142 cmv
460 66 463 69 ”
670 98 1142 141 Psonscomsm

251 218 379 265 atquc
418 218 601 252 mentem
638 210 728 251 sive
765 208 1116 263 intelligentiam,
1136 210 1232 255 ,sed
1268 211 1395 254 etiam
1434 211 1568 265 ipsam

250 264 727 308 'animam-mundanam
766 263 924 306 mundo
955 265 1146 307 extitisse
1173 265 1371 320 priorem.
1430 266 1569 308 Nimi-

252 338 343 364 rum
391 322 527 363 voluit
563 321 678 360 illam
716 334 809 362 esse
849 335 934 362 non
970 321 1054 361 vim
1091 320 1277 375 aliquam
1305 336 1569 377 corpoream,

251 378 329 420 sed
358 378 502 432 potius
523 376 608 417 vim
630 375 844 430 quandam
875 376 1126 431 corporibus
1149 377 1428 431 superiorem,
1461 393 1569 433 quae

283 434 505 488 rincipium
543 431 742 473 movendi
779 432 824 474 in
862 440 996 474 semet
1033 433 1130 486 ipsa
1167 432 1376 475 inclusum
1413 440 1569 476 teneat.

251 451 348 530 Ploc
378 493 516 544 ipsum
545 488 678 544 igitur
706 488 832 529 etiam
864 488 907 530 in
939 489 1132 545 Legibus
1163 495 1371 543 sequutus
1399 496 1478 542 est,
1507 496 1570 531 at·

253 559 336 598 que
365 545 427 585 ita
456 542 663 596 defendit,
694 551 743 585 ut
770 544 870 586 inde
901 543 1008 586 adeo
1039 545 1214 587 Timaeo
1243 545 1435 589 nonnihil
1464 546 1572 587 lucis

252 600 416 642 affundi
454 614 582 656 posse
620 600 827 642 videatur.
895 600 1019 642 Haec
1049 601 1191 642 omnia
1222 616 1320 643 vero
1351 601 1572 655 quantita

251 657 338 698 sint
374 662 644 711 comparata,
683 664 732 698 ut
759 656 864 698 nihil
893 657 1128 710 quidquam
1157 657 1366 710 habeant,
1399 657 1516 711 quod
1548 672 1573 699 a

252 713 466 754 sententia
503 712 748 768 philosophi
787 712 890 754 alibi
927 713 1142 754 illustrata
1173 713 1266 755 ‚ullo
1295 713 1423 755 modo
1455 728 1571 756 rece-

251 768 354 810 dere
391 768 718 810 existimandum
749 769 826 821 sit,
866 775 955 813 tum
995 768 1101 810 illud
1131 783 1302 822 quoque
1330 769 1466 824 ipsius
1496 769 1572 813 do·

251 825 414 867 cti-inae
443 824 568 880 plane
588 832 654 866 est
672 831 1021 878 consentaneum,
1053 824 1170 878 quod
1201 825 1368 880 Legum
1386 828 1431 866 in
1459 825 1571 878 loco,

251 880 305 923 de
351 894 436 935 quo
478 880 670 936 agimus,
694 881 812 923 hanc
840 881 969 923 talem
999 881 1202 933 animam,
1234 881 1381 922 divina
1409 881 1573 933 ratione

252 943 296 979 et
330 936 615 992 intelligentia
652 936 914 991 praeditam,
956 937 1091 979 voluit
1129 937 1262 978 totius
1299 952 1441 982 rerum
1477 937 1570 979 uni-

251 993 466 1035 versitatis
506 1007 599 1046 esse
628 992 886 1035 effectricem
916 1001 1046 1048 atque
1075 993 1431 1048 gubernatricem,
1463 1008 1572 1047 quae

252 1049 460 1101 motione,
505 1063 590 1102 qua
618 1049 713 1104 ipsa
740 1048 921 1104 polleat,
950 1062 1046 1090 cum
1075 1054 1213 1090 mente
1243 1055 1286 1090 et
1313 1049 1487 1091 ratione
1508 1047 1573 1090 di-

253 1105 353 1146 vina
390 1104 616 1147 coniuncta
645 1106 788 1147 omnia
818 1111 948 1159 atque
978 1104 1146 1159 singula
1169 1104 1339 1146 ordinet
1368 1111 1411 1146 et
1438 1105 1572 1146 admi-

251 1162 416 1203 nistret.
478 1160 525 1201 In
555 1175 638 1213 quo
668 1162 861 1216 profecto
891 1175 976 1202 non
1002 1161 1084 1202 fuit
1114 1159 1231 1214 quod
1258 1166 1493 1215 tantopere>
1513 1159 1572 1202 la-

250 1218 486 1260 boraretur.
545 1217 658 1260 Nam
698 1223 882 1258 mentem
920 1216 1093 1270 quidem
1130 1231 1218 1258 non
1247 1216 1395 1258 addita
1423 1216 1574 1258 summi

252 1274 437 1316 numinis
476 1274 690 1315 mentione
727 1273 1012 1328 philosophus
1060 1273 1188 1314 etiam
1229 1272 1274 1315 in
1311 1272 1492 1315 Philebo
1530 1287 1572 1326 p.

253 1331 320 1370 28.
352 1330 408 1372 Ι).
439 1336 483 1381 et
514 1345 555 1385 p.
597 1331 662 1372 30.
692 1328 743 1372 C.
772 1344 865 1371 esse
895 1334 1068 1381 censet,
1097 1328 1217 1370 cuius
1246 1329 1288 1369 vi
1317 1344 1449 1383 quum
1479 1329 1572 1369 uni-

255 1400 401 1428 versus
439 1385 640 1438 mundus,
681 1391 772 1427 tum
813 1385 913 1427 anni
963 1391 1203 1439 temporum
1240 1384 1571 1437 vicissitudines,

252 1456 438 1495 menseS,
457 1442 555 1494 alia,
576 1448 793 1497 regantur,
816 1441 1082 1492 ordinentur,
1105 1440 1358 1483 efficiantur.
1408 1439 1573 1493 Quidni

252 1498 384 1553 igitur
413 1499 539 1540 etiam
571 1498 751 1541 animam
781 1496 947 1545 mundi,
978 1496 1221 1538 intellectus
1251 1496 1451 1539 facultate
1480 1495 1573 1551 pol-

251 1552 423 1607 lentem,
452 1554 565 1596 idem
593 1554 701 1595 illud
727 1555 868 1595 facere
886 1553 1123 1595 rectissime
1141 1558 1327 1595 statuere
1357 1551 1572 1608 potuerit?

253 1609 341 1653 Sed
378 1611 577 1652 nimirum
617 1611 700 1665 ipsi
739 1624 911 1664 quoque
950 1610 1113 1650 animae
1151 1608 1257 1650 haec
1287 1609 1351 1651 vis
1382 1615 1425 1650 et
1450 1614 1573 1663 pote-

246 1673 342 1708 stas
373 1665 542 1708 disertis
571 1666 712 1708 verbis
729 1665 947 1718 tribuitur,
978 1671 1026 1706 ut
1056 1658 1231 1706 dubium
1250 1681 1337 1707 non
1365 1665 1436 1718 sit,
1468 1664 1573 1718 quin
1602 1663 1605 1672 ”

251 1733 361 1776 quae
399 1737 450 1764 ea
488 1722 541 1763 de
579 1737 626 1763 re
663 1723 708 1763 in
748 1722 942 1777 Legibus
980 1720 1230 1773 traduntur,
1268 1735 1443 1777 prorsus
1476 1735 1572 1762 cum

251 1784 391 1820 mente
422 1794 471 1820 ac
501 1779 712 1820 sententia
749 1778 942 1819 Platonis
971 1777 1257 1819 consentiant.
1315 1777 1384 1818 De
1414 1791 1499 1830 qua
1526 1791 1573 1818 re

250 1835 487 1876 certissime
517 1834 747 1876 edocemur
775 1835 885 1876 Tim.
917 1849 959 1888 p.
991 1835 1058 1874 34.
1078 1833 1149 1884 ⁸E.
1181 1849 1221 1888 p.
1251 1834 1318 1874 37.
1351 1833 1403 1874 Β.
1433 1847 1475 1886 p.
1505 1833 1571 1874 36.

250 1891 300 1932 C.
333 1891 394 1932 D.
419 1907 504 1946 quo
534 1891 628 1932 loco
660 1905 849 1934 summus
878 1889 982 1931 deus
1005 1888 1350 1931 dicitur.n1undo
1366 1887 1572 1930 indidisse

251 1947 432 1990 animam
456 1946 558 1989 'una
594 1961 690 1989 cum
728 1953 894 2000 mente,
930 1961 1040 2000 quae
1070 1960 1150 2000 per
1179 1958 1326 1988 omnes
1356 1945 1447 1987 eius
1475 1959 1572 1999 par-

249 2003 511 2045 tes-diflusa
557 2003 735 2046 sentiret
785 2018 835 2045 ac
881 2003 1123 2058 perciperet
1168 2001 1310 2042 omnia
1346 2001 1572 2056 ipsumque

220 2073 222 2076 ·
249 2059 363 2101 hunc
400 2059 586 2102 motibus
624 2060 808 2114 partium
846 2059 980 2114 ipsius
1011 2073 1140 2111 quam
1169 2057 1421 2112 pulcerrime
1451 2071 1573 2112 rege-

250 2122 316 2159 ret
354 2130 404 2157 ac
447 2115 788 2167 moderaretur.⁸
823 2114 953 2168 Quod
997 2113 1101 2168 quid
1141 2112 1313 2155 tandem
1353 2112 1481 2154 aliud
1509 2118 1574 2154 est

249 2187 378 2226 quam
407 2170 523 2226 quod
552 2171 596 2213 in
626 2164 820 2227 Legibus
848 2170 1088 2225 expositum
1106 2169 1372 2211 invenimus?
1430 2168 1573 2221 Quae-

249 2243 420 2283 cunque
467 2228 600 2284 igitur
633 2228 704 2270 hic
752 2228 804 2269 de
842 2242 982 2270 rerum
1027 2226 1304 2267 universitate
1342 2225 1396 2267 ab
1434 2224 1574 2267 anima

249 2283 464 2326 mundana
483 2285 560 2333 ‘vel
590 2284 740 2327 effecta
768 2284 836 2326 vel
865 2283 1104 2340 gubernata
1133 2282 1347 2338 leguntur,
1378 2296 1429 2323 ea
1458 2287 1572 2323 certe

250 2341 313 2396 ita
350 2335 760 2395 suntco'mparata,
800 2346 850 2381 ut
890 2339 1006 2381 nulla
1041 2338 1165 2393 plane
1205 2340 1361 2380 caussa
1382 2337 1464 2388 sit,
1497 2351 1572 2378 cur

250 2396 504 2452 scriptorem
533 2395 663 2446 ‚varia
702 2412 752 2439 ac
775 2396 965 2438 'diversa
1000 2394 1193 2435 Platonis
1224 2395 1393 2449 placita,
1412 2399 1572 2435 temere
1602 2421 1605 2425 .

250 2452 475 2495 miscuisse
504 2458 580 2494 aut
610 2467 854 2508 germanam
893 2452 984 2494 eius
1014 2449 1252 2492 doctrinam
1282 2450 1390 2493 male
1425 2454 1571 2490 conta-

198 2519 202 2525 ’
250 2508 435 2551 minasse
457 2508 760 2552 existimemus.
819 2507 931 2551 Sunt
960 2507 1071 2549 enim
1102 2507 1243 2547 onmia
1272 2504 1495 2557 eiusmodi,
1525 2517 1573 2546 ut

240 2580 337 2619 -non
378 2564 430 2605 de
460 2561 624 2606 summo
649 2564 760 2619 deo,
806 2565 882 2608 sed
910 2564 963 2606 de
991 2578 1078 2608 uua
1104 2562 1251 2604 mundi
1282 2563 1421 2604 anima
1446 2559 1571 2603 intel—

251 2620 421 2676 ligenda
460 2620 555 2663 sint.
626 2621 836 2663 Nimirum
867 2619 1195 2676 prudentissimo
1228 2618 1405 2660 consilio
1434 2615 1572 2671 philo-
