1612 2872
476 68 559 112 DE
593 69 822 113 LEGUM
853 76 935 112 etc.
1265 68 1399 113 LVII

43 183 100 227 ad
139 184 437 239 quaestionem
479 182 533 226 de
572 184 726 227 horum
767 184 976 227 librorum
1011 183 1160 227 indole
1214 191 1259 226 et
1296 197 1401 227 con-

44 242 142 284 silio
173 239 514 298 progrediemur.

159 299 352 340 Plurima
399 304 504 339 sunt
564 303 732 352 autem,
785 313 896 352 quae
935 298 1066 340 alicui
1111 296 1167 340 ad
1226 297 1398 353 Legum

42 356 273 398 lectionem
305 354 531 397 accedenti
561 355 670 396 mira
699 361 831 410 atque
861 355 1096 398 insolentia
1125 353 1264 397 videri
1294 368 1398 409 pos-

43 413 134 455 sint
171 412 367 468 adeoque
407 411 566 453 multas
614 426 884 468 magnasque
925 413 1115 454 excitare
1159 410 1401 453 dubitatio-

43 485 120 512 nes
152 470 206 525 *).
266 469 381 511 Nam
454 468 607 509 rimum
649 467 825 524 quidem
856 470 1001 525 ipsum
1032 469 1262 512 scribentis
1295 483 1400 510 con-

45 527 187 569 silium
229 527 273 568 in
312 540 364 567 eo
436 524 671 567 eclaratum
726 531 857 579 atque
908 525 1219 582 disputationis
1268 540 1400 582 argu-

44 590 235 626 mentum
279 581 334 623 ad
375 581 682 624 illustrandum
726 581 945 624 delectum
987 583 1142 638 utique
1185 581 1400 625 eiusmodi

45 647 172 694 sunt,
212 646 263 681 ut
291 639 532 696 legentium
573 639 727 680 animis
759 639 889 681 facile
921 640 1178 697 scrupulum
1219 640 1400 681 iniicere

42 697 227 753 possint.
299 695 422 749 Quid
461 695 604 737 enim?
648 696 724 751 qui
762 696 939 738 tandem
970 697 1135 739 factum
1170 696 1402 739 arbitrabi-

44 769 164 807 mur,
200 759 251 795 ut
289 752 485 796 sublimis
527 759 661 808 atque
703 753 866 796 excelsi
898 754 1061 810 ingenii
1093 753 1399 809 philosophus,

46 811 120 866 qui
158 816 261 867 post
298 809 548 852 diuturnam
597 809 715 851 illam
766 818 898 866 atque
947 818 1205 867 perpetuam
1252 825 1398 852 rerum

44 868 288 910 divinarum
327 866 670 921 meditationem,
703 867 774 909 cui
805 875 1082 922 assueverat,
1122 868 1196 909 vix
1225 866 1402 909 videtur

45 923 280 981 aliquando
318 923 373 966 ad
404 939 546 966 rerum
577 923 860 966 humanarum
893 925 1291 967 considerationem
1322 923 1400 965 de-

45 982 252 1025 seendere
289 981 516 1038 potuisse,
561 981 607 1022 in
647 980 732 1024 hoc
762 997 893 1038 opere
931 989 1020 1024 tam
1051 983 1305 1024 immensam
1337 980 1400 1023 le-

45 1055 150 1097 gum
187 1038 402 1080 variarum
447 1053 498 1080 ac
540 1037 848 1094 multiplicium
879 1046 1044 1081 struem
1075 1045 1119 1081 et
1149 1038 1401 1095 congeriem

46 1096 383 1152 constipaverit,
427 1095 602 1150 qualem
648 1095 723 1137 vix
755 1110 782 1138 a
810 1096 1097 1153 legumlatore
1127 1096 1292 1152 aliquo,
1323 1109 1401 1137 ne-

0 1168 10 1173 ·
46 1153 150 1195 dum
189 1169 215 1194 a
253 1151 516 1209 philosopho
528 1170 546 1205 ,¹
585 1154 912 1208 expectaveris,
965 1153 1222 1209 praesertim
1266 1167 1400 1207 quum

44 1209 159 1252 idem
199 1210 274 1252 ille
312 1210 357 1251 in
396 1209 492 1251 aliis
527 1209 650 1251 libris
688 1210 752 1251 ita
793 1210 1013 1253 iudicasse
1053 1210 1320 1267 reperiatur,
1352 1215 1404 1251 ut

45 1267 213 1309 civitati
242 1282 330 1309 non
359 1273 450 1308 tam
480 1265 679 1322 legibus,
716 1281 846 1322 quam
877 1266 1116 1323 prudentia
1146 1273 1192 1309 et
1224 1266 1402 1321 sapien-

44 1325 107 1366 tia
146 1339 257 1379 opus
297 1338 395 1366 esse
437 1323 781 1365 existimaverit?
863 1324 980 1378 Quid
1023 1339 1153 1381 porro
1204 1323 1400 1380 philoso-

46 1381 178 1438 phum
224 1380 418 1422 dicemus
458 1380 502 1421 in
542 1395 594 1422 eo
625 1388 862 1436 sequutum
895 1397 1012 1435 esse,
1048 1380 1167 1437 quod
1196 1387 1300 1438 post
1328 1395 1400 1422 ce—

45 1437 298 1480 leberrimos
338 1444 382 1479 et
410 1452 510 1479 vere
542 1436 715 1480 divinos
744 1439 906 1494 libros,
938 1439 984 1480 in
1015 1439 1177 1494 quibus
1208 1438 1402 1494 optimae

45 1495 236 1538 civitatis
276 1495 465 1551 speciem
504 1501 549 1536 et
586 1493 768 1537 formam
807 1495 1067 1551 descripsit,
1120 1495 1251 1537 etiam
1289 1509 1402 1551 opus

45 1553 217 1609 Legum
255 1551 423 1606 emisit,
467 1551 514 1592 in
543 1566 656 1606 quo,
699 1553 833 1595 missa
874 1553 928 1594 de
966 1552 1078 1595 ideis
1111 1551 1335 1606 doctrina,
1376 1567 1403 1593 a

46 1610 264 1666 perfectae
306 1608 496 1650 civitatis
528 1608 718 1665 imagine
749 1610 1017 1664 aliquantum
1047 1610 1236 1651 recessit
1266 1619 1400 1663 atque

48 1667 191 1708 omnia
231 1666 319 1707 fere
359 1665 604 1708 accuratius
645 1666 701 1707 ad
739 1668 878 1724 ipsius
922 1668 1033 1709 vitae
1072 1665 1401 1709 similitudinem

48 1723 295 1779 composuit
333 1737 383 1764 ac
422 1723 712 1778 temperavit?
787 1724 907 1778 Quid
955 1730 1186 1780 praeterea
1217 1738 1402 1765 caussae

47 1780 319 1822 censebimus
350 1779 508 1833 fuisse,
538 1786 616 1833 ut,
657 1795 791 1835 quum
833 1781 963 1823 telam
1004 1780 1260 1836 scriptionis
1298 1779 1401 1822 inde

48 1852 74 1879 a
116 1836 357 1892 Republica
395 1842 628 1892 susceptae
677 1837 874 1880 nondum
929 1838 1228 1894 pei-texuisset
1267 1843 1402 1892 atque

50 1893 232 1935 Critiam
263 1899 307 1934 et
334 1893 693 1946 Hermocratem,
738 1910 848 1949 quos
891 1910 990 1937 cum
1030 1894 1106 1935 illa
1133 1894 1402 1950 coniungere

48 1951 353 2002 constituerat,
384 1948 578 1990 nondum
598 1949 870 2005 absolvisset,
901 1958 1047 1993 tamen
1070 1951 1260 2006 amplum
1280 1949 1403 1992 istud

49 2014 180 2063 atque
218 2006 408 2062 spissum
452 2005 624 2061 Legum
667 2022 778 2061 opus
814 2008 1004 2050 scribere
1045 2007 1235 2049 animum
1271 2006 1403 2049 indu-

48 2063 189 2107 xerit?
258 2063 423 2104 Verum
482 2069 531 2104 ut
579 2064 801 2106 materiam
851 2065 997 2120 operis
1046 2064 1293 2117 mittamus,
1346 2079 1402 2106 ne

47 2122 185 2163 forma
214 2119 388 2175 quidem
419 2119 536 2171 eius,
569 2120 606 2161 si
637 2120 767 2162 modo
798 2128 1022 2178 spectetur
1051 2121 1316 2178 diligentius,
1347 2121 1402 2163 iis

48 2177 390 2234 proprietatibus
429 2191 578 2218 carere
609 2178 898 2220 existimanda
929 2185 1019 2232 est,
1051 2193 1163 2234 quae
1194 2193 1326 2233 quum
1355 2178 1402 2219 in

50 2234 146 2277 aliis
167 2234 342 2290 scriptis
383 2233 580 2276 Platonis
605 2249 691 2276 non
723 2236 1014 2291 reperiantur,
1045 2242 1137 2278 tum
1155 2235 1224 2277 vel
1245 2249 1326 2291 per
1355 2250 1402 2277 se

50 2292 87 2333 si
131 2290 486 2344 considerentur,
534 2290 663 2346 plane
720 2293 965 2348 singulares
1008 2291 1149 2335 videri
1199 2292 1401 2335 debeant.

49 2348 165 2390 Nam
198 2347 446 2390 distributio
477 2347 654 2403 quidem
685 2364 735 2391 ac
767 2349 1001 2405 dispositio
1030 2349 1254 2400 materiae,
1288 2364 1402 2404 quae

51 2411 277 2459 tractatur,
309 2403 542 2446 admodum
575 2404 750 2448 videtur
769 2407 979 2464 perplexa
1000 2421 1112 2461 esse,
1145 2407 1332 2449 confusa
1358 2412 1404 2449 et

121 2596 156 2638 *)
190 2596 439 2639 Exposuerunt
472 2600 514 2632 de
539 2599 594 2632 his
622 2599 785 2632 omnibus
812 2600 965 2632 Astius
991 2604 1026 2630 et
1050 2599 1121 2632 Zel
1138 2601 1280 2640 letus,
1314 2609 1403 2641 quo·

194 2652 268 2675 rum
294 2648 505 2678 sententiam
530 2646 606 2678 fere
630 2647 667 2678 in
693 2647 864 2688 proximis
887 2647 1081 2678 retulimus.
1349 2664 1351 2666 -
