1612 2872
215 81 297 124 DE
333 76 607 122 LEGIBUS
640 74 874 119 12132111.
909 73 955 114 P.
989 74 1084 115 685.
1120 71 1184 114 St.
1329 72 1410 113 289

155 203 258 246 ME.
299 199 362 243 01)
399 197 557 256 ῥᾴδιον
588 196 691 239 ἀντι
726 194 899 238 τούτων
933 197 1084 247 ἑτέρας
1123 193 1273 245 lenm.

156 270 256 312 ΑΘ.
296 266 469 310 Οὐκοῦν
503 263 574 309 ὅτι
607 266 686 319 μὲν
718 259 972 307 διενοοῦντό
1032 275 1078 312 γε
1112 262 1153 303 οἱ
1189 257 1288 302 τότε
1330 255 1409 310 τὴν

53 334 333 387 ,κατασκευὴν
372 331 538 384 ταύτην
581 330 633 375 οὐ
673 329 1002 383 Πελοποννήσῳ
1044 324 1189 382 μόνον
1223 328 1409 370 ἔσεσθαι

58 403 240 460 βοηθὸν
275 402 448 454 ι’κανην,
482 398 637 456 σχεδὸν
672 400 824 452 ὸῆλον,
853 395 967 440 ἀλλὰ
1007 397 1080 438 καὶ
1117 403 1209 444 τοῖς
1232 392 1408 445 “Euam

59 475 207 521 πᾶσιν,
242 473 281 514 εἴ
313 486 379 520 τις
414 470 503 511 τῶν
537 467 776 523 βαρβάρων
801 464 966 514 αὐτους
996 462 1156 512 ἀδικοῖ,
1192 459 1405 516 καθάπερ

39 543 101 583 ὀἱ
137 555 234 595 περι
269 535 319 580 τὸ
344 535 483 579 Ἴλιον
519 536 744 584 οικοῦντες
778 530 894 586 τότε,
930 546 1209 579 πιστευοντες
1248 531 1298 590 τῆ
1319 530 1407 571 τῶν

56 606 292 660 Ἀσσυρίων
329 604 511 658 δυνάμει
555 604 606 662 τῆ
642 617 737 656 περι
779 603 925 643 lmen
959 603 1194 657 γενομένη,
1233 601 1406 652 θρασυ-

61 673 239 728 νόμενοι
274 668 352 713 τὸν
385 670 580 725 πόλεμον
616 665 797 725 ἤγειραν
820 666 900 709 τὸν
928 669 996 709 ἐπὶ
1029 668 1209 720 Τροιαν.
1245 681 1301 716 ην
1321 662 1407 719 2029

58 745 122 783 ἔτι
156 737 205 783 τὸ
243 740 322 790 τῆς
365 736 504 793 ἀοχῆς
550 741 712 788 ἐκείνης
754 737 898 790 σχῆμα
942 732 992 775 τὸ
1047 731 1295 787 σωζόμειυν
1354 748 1407 774 ου

60 807 270 864 σμικρόνζ
303 805 514 859 καθάπερ
549 805 632 846 νῦν
653 804 730 846 τὸν
762 810 898 858 μέγαν
918 803 1100 856 βασιλεα
1129 801 1407 858 φοβούμεθα

154 982 193 1014 C.
221 978 270 1013 οὐ
296 979 502 1022 σμικρὰν]
530 980 589 1012 Sic
613 983 661 1012 JL.
677 978 1009 1015 v,f.11.r.a.c.6.0.
1038 984 1072 1012 et
1097 978 1286 1012 secundum
1316 977 1407 1010 Bek-

64 1030 182 1062 kerum
210 1028 289 1060 Par.
316 1031 360 1060 A.
388 1028 505 1069 Vulgo
529 1025 662 1068 μικρόν.

61 1142 526 1183 runtetiamBoeckhius‚
540 1143 655 1175 Bekk
668 1153 703 1174 e-

20 1226 23 1229 ,
63 1200 135 1223 rus
149 1195 183 1222 et
195 1192 217 1220 Α
232 1190 313 1221 stin
326 1189 453 1222 ambri
462 1200 583 1222 omnes
592 1200 705 1220 κατοι-

61 1235 197 1278 κήσεων.
215 1236 402 1268 Enimvero
413 1234 546 1268 πόλεων
558 1236 705 1267 κατοικί-

64 1293 133 1319 σεις
152 1291 268 1314 rursus
294 1282 531 1324 intelliguntur
554 1281 705 1314 civita—

64 1332 152 1360 tum
169 1328 521 1361 constitutiones.
540 1327 604 1360 Est
622 1337 705 1359 vero

64 1373 152 1407 ordo
167 1373 348 1407 verborum
377 1373 448 1407 hic:
476 1370 496 1416 ἧ
512 1374 589 1414 περὶ
606 1373 707 1405 τίνων

65 1416 452 1462 εὗδοκιμωτέρωντεκαὶ
467 1419 631 1462 μειζόνων
643 1432 701 1451 κα-

65 1466 239 1498 τοικίσεων
260 1464 392 1498 πόλεων
415 1462 619 1509 σκοποίμεθ’
640 1463 703 1503 εἴη

65 1513 102 1545 id
135 1510 228 1554 quod
265 1511 332 1544 iam
373 1513 445 1554 alii*
468 1511 700 1555 perviderunt.

113 1603 154 1637 C.
192 1601 394 1645 κᾰθσπερ
434 1605 480 1636 οἱ
522 1603 620 1645 περὶ
652 1603 697 1636 ‘to

59 1649 188 1683 Ἴλιον
217 1649 282 1693 -]
331 1650 465 1682 sicuti
504 1650 578 1692 qui
615 1654 700 1682 tum

64 1694 703 1738 circaIliumhabitabant‚po-

66 1743 231 1776 tentiae
250 1742 532 1783 Assyriorum
549 1742 703 1786 μοι-Νῖ-

65 1798 156 1822 num
184 1792 363 1822 exortae
385 1787 597 1829 fidentes,
631 1799 705 1830 per

65 1835 276 1867 ferociam
318 1843 432 1866 suam
469 1844 516 1866 ac
554 1844 702 1876 super-

66 1881 181 1913 biam
230 1880 386 1912 bellurn
433 1878 702 1912 Graecorum

67 1926 283 1958 adversus
342 1923 511 1958 Troiam
564 1926 704 1958 eonci—

67 1975 287 2005 taverunt.
311 1970 417 2003 Erat
441 1973 547 2004 enim
575 1973 705 2004 etiam

67 2024 170 2052 tnnc
200 2018 323 2053 illius
359 2017 531 2059 imperii
567 2019 708 2060 splen-

67 2065 145 2107 dor·¹
182 2068 415 2105 superstes
452 2062 565 2096 haud
602 2073 709 2096 sane

68 2112 271 2153 exiguus.
321 2110 422 2144 Quae
447 2109 500 2142 liic
528 2109 572 2143 de
597 2111 709 2152 Assy-

67 2157 195 2190 riorum
233 2165 340 2198 regno
384 2159 419 2187 et
449 2155 525 2188 Nini
561 2155 710 2199 imperio

69 2207 258 2240 narrantur.
285 2213 325 2233 ea
351 2201 546 2244 discrepare
564 2203 606 2234 ab
636 2202 707 2234 He-

71 2248 184 2280 rodoti
220 2249 287 2280 fide
319 2248 344 2280 Ι.
375 2248 431 2282 95.
465 2252 500 2281 et
524 2249 709 2282 convenire

72 2293 182 2336 magis
212 2303 290 2339 pum
324 2295 384 2333 iis,
422 2304 510 2336 quae
542 2305 587 2326 ex
626 2294 708 2327 Cte—

71 2341 147 2372 aiae
192 2339 342 2371 Persicis
380 2340 484 2372 refert
534 2341 706 2373 Diodor.

72 2385 206 2419 Sicul.
231 2385 282 2416 II.
306 2385 338 2419 2.
368 2386 553 2428 prudenter
578 2388 709 2419 monuit

73 2433 132 2464 De
160 2432 349 2463 Geerius
377 2432 528 2465 Diatribe
561 2433 592 2465 in
618 2433 710 2464 Poli-

71 2478 127 2511 tic.
153 2478 237 2509 Plat.
263 2476 433 2520 Principia
463 2490 496 2521 p.
514 2479 593 2514 175.
619 2477 708 2511 Illud

74 2533 156 2555 vero
200 2524 439 2565 pervulgatum
485 2525 570 2566 fnit,
617 2524 710 2567 quod

72 2569 176 2603 Plato
190 2569 367 2611 significat,
393 2571 609 2613 praecipuam
632 2571 708 2602 belli

63 2614 214 2648 Troiani
246 2625 400 2649 caussam
435 2615 540 2650 fuisse
567 2618 708 2658 Pelopis

72 2661 322 2705 expulsionem,
348 2662 404 2703 qui
428 2661 471 2694 ab
496 2662 557 2700 llo,
581 2662 709 2695 Troiae

73 2715 171 2748 rege,
202 2707 313 2750 patria
348 2708 478 2740 eiectus
506 2708 539 2741 in
568 2707 707 2742 Elidem

119 2764 203 2797 l’lat.
229 2764 317 2807 opp.
349 2765 423 2797 Vol.
451 2765 492 2798 X.
522 2765 603 2798 Sect
643 2766 664 2798 Ι.

1185 1038 1226 1062 ..r

771 1141 973 1184 confugerit.
1011 1140 1227 1182 Quamquam
1258 1139 1412 1182 plerique

771 1194 872 1230 raptu
900 1188 1054 1220 Helenae
1078 1187 1205 1219 bellum
1225 1185 1308 1219 illud
1327 1195 1411 1219 con-

773 1236 912 1267 citatum
945 1244 1023 1267 esse
1062 1236 1228 1266 statuunt.
1293 1232 1410 1265 Enim-

773 1292 855 1313 vero
872 1281 1026 1313 iniuriam
1045 1279 1170 1322 Pelopi
1191 1280 1320 1312 illatam
1339 1280 1412 1312 vin-

773 1327 915 1360 dicaturi
942 1325 1130 1369 Pelopidae
1154 1324 1313 1358 Troianis
1337 1326 1411 1358 bel·

774 1376 840 1407 lum
869 1373 1027 1406 dicuntur
1059 1371 1227 1404 intulisse.
1257 1381 1288 1403 v.
1323 1382 1411 1413 quos

769 1420 834 1452 iam
863 1419 1010 1452 Antius
1035 1418 1199 1460 laudavit,
1224 1417 1410 1450 Pausan.

772 1467 811 1499 ll.
830 1466 886 1500 ς22.
919 1465 1033 1507 ibique
1057 1465 1165 1507 intpp.
1193 1464 1410 1497 Herodot.

769 1514 797 1546 Ῑ.
831 1513 864 1547 3.
898 1522 950 1554 sq.
984 1511 1024 1544 ΙΙ.
1055 1511 1133 1546 100.
1166 1528 1211 1534 -
1249 1513 1411 1553 σχῆμα,

768 1558 811 1592 a'd
838 1557 973 1601 imperii
998 1557 1215 1599 splendorem
1243 1561 1279 1590 et
1303 1556 1413 1600 digni-

771 1609 878 1637 tatem
905 1605 1123 1637 translatum.
1171 1605 1280 1639 Quem
1310 1613 1411 1637 usum

771 1650 931 1694 loquendi
958 1649 1162 1692 posterioris
1182 1650 1309 1682 aetatis
1327 1648 1412 1682 scri-

773 1701 912 1740 ptores,
961 1695 1194 1735 Libanius‚
1241 1695 1413 1737 Aristi-

772 1741 1413 1783 des‚Themistius,Himerius,

772 1790 850 1830 alii,
890 1788 1048 1821 certatim
1086 1788 1210 1821 imitati
1249 1792 1340 1821 sunt.
1381 1799 1411 1820 v.

771 1833 1041 1867 Wernsdorf.
1074 1834 1117 1866 ad
1144 1834 1277 1866 Himer.
1302 1845 1334 1876 p.
1354 1835 1412 1870 51.

773 1881 940 1912 Similiter
971 1879 1114 1922 Eurip.
1149 1880 1312 1912 Androm.
1349 1882 1413 1915 in..
1405 1891 1413 1899 ·

771 1922 968 1962 Ἀσιάτιδος
999 1929 1062 1967 γῆς
1099 1928 1240 1967 σχῆιυι.
1272 1925 1415 1967 Θηβαία

773 1970 882 2008 πόλις.
925 1970 1195 2012 Hesychius.
1238 1972 1414 2016 Σχῆμα

773 2016 924 2059 πλάσμα,
951 2015 1151 2059 ἱματισμᾰς,
1168 2015 1322 2072 κόμπος,

821 2060 1018 2105 καθάπερ
1035 2066 1109 2095 νῦν
1129 2061 1205 2095 τόν
1223 2062 1415 2108 μέγαν-Ἰ

779 2108 831 2141 Ad
857 2108 1093 2142 illustrandam
1119 2110 1325 2144 sententiam
1356 2122 1413 2144 su-

776 2156 945 2197 periorem
984 2161 1074 2197 quae
1121 2155 1312 2190 afferuntur
1354 2167 1417 2200 per

774 2203 1085 2244 comparationem,
1102 2212 1143 2234 ea
1158 2198 1345 2242 ἀσυνδέτους
1360 2214 1415 2236 ac-

779 2247 904 2280 cedere
938 2249 1072 2288 solere,
1118 2258 1186 2281 non
1230 2259 1300 2282 uno
1336 2250 1417 2283 loco

779 2295 1007 2327 ostendimus.
1040 2305 1071 2327 v.
1096 2294 1140 2326 ad
1154 2294 1263 2334 Gorg.
1284 2296 1415 2339 p.448.

778 2341 821 2372 E.
836 2340 960 2383 Rernp.
971 2341 1165 2376 vl.497.B.
1177 2341 1274 2374 vln.
1294 2343 1416 2385 p.577.

780 2388 819 2418 C.
845 2385 929 2419 Crat
955 2388 975 2419 l.
998 2398 1031 2430 p.
1056 2387 1136 2422 433.
1169 2389 1208 2420 Α.
1233 2387 1415 2422 Theaetet-

778 2443 810 2473 p.
828 2431 907 2468 173.
963 2460 970 2468 .
985 2433 1112 2467 Pliaed.
1127 2445 1159 2476 p.
1177 2434 1232 2468 61.
1252 2436 1297 2467 A.
1309 2435 1417 2478 Legg.

779 2479 807 2511 1.
824 2489 856 2519 p.
873 2478 951 2514 628.
963 2479 1000 2513 D.
1017 2479 1060 2512 ll.
1077 2481 1158 2515 659.
1174 2480 1214 2513 Ε.
1226 2480 1364 2514 Politic.
1381 2493 1414 2524 p.

776 2525 856 2560 296.
885 2525 923 2558 E.
949 2526 992 2558 al.
1017 2525 1182 2560 Nimirum
1212 2528 1324 2560 locum
1357 2528 1414 2560 ha-

774 2574 834 2603 bet
857 2572 890 2603 in
915 2573 1044 2605 talibus
1073 2573 1224 2606 universi
1251 2575 1415 2606 enuntiati

774 2618 947 2660 appositio
971 2620 1068 2660 quasi
1104 2619 1295 2662 quaedam,
1319 2619 1419 2652 cuius

776 2663 895 2697 eadem
938 2675 1082 2707 prorsus
1112 2665 1203 2698 ratio
1235 2669 1291 2699 est
1313 2670 1420 2707 atque

775 2710 946 2744 nominum
971 2712 1194 2753 singulorum.

1106 2769 1153 2808 19
