1612 2872
528 104 613 147 DE
648 101 926 148 LEGIBUS
961 109 1044 146 ete.
1274 100 1456 147 CXVII

13 221 15 228 ⁴
93 216 268 261 stodum
291 218 385 260 sive
415 217 600 260 militum
628 223 763 272 atque
782 216 1118 272 magistratuum
1159 221 1215 268 (v.
1239 215 1363 257 Libr.
1393 214 1453 258 ΙΙ.

13 294 14 299 ’
92 275 264 339 Ρ..375.
302 274 356 316 Ε.
400 289 538 340 usque
579 273 635 316 ad
659 274 789 316 Libr.
832 273 918 315 ΙΙΙ.
966 290 1008 330 p.
1050 275 1149 316 41⁶2.
1192 273 1286 327 A.).
1357 272 1455 315 Hos

91 345 206 372 emm
237 345 348 373 unos
381 346 566 373 maxime
598 330 655 373 ad
683 331 888 372 maiorem
921 330 1140 385 quendam
1169 329 1454 372 humanitatis

91 387 257 430 cultum
286 388 469 444 perduci
499 388 607 442 vult,
648 395 880 444 propterea
909 387 1056 442 quod,
1099 401 1231 442 quum
1260 386 1292 427 ii
1317 387 1454 441 cives,

14 453 20 459 ”
91 443 168 498 qui
223 451 457 499 quaestum
508 444 696 498 faciant,
748 450 879 498 atque
919 444 964 486 in
1014 443 1147 486 rebus
1195 442 1252 485 ad
1292 443 1456 486 victum

90 501 352 544 necessariis
394 500 698 558 comparandis
738 506 998 554 versentur,
1041 503 1102 554 τῷ
1139 503 1455 555 ἐπιθυμητικῷ

89 557 253 600 similes
284 558 384 612 sint,
406 564 498 600 tum
520 558 678 600 milites
709 557 1004 613 respondeant
1042 559 1105 610 τῷ
1131 559 1335 611 θυμικῴ,
1366 573 1456 599 ma-

90 613 303 670 gistratus
334 621 481 656 autem
512 625 644 670 atque
674 613 810 656 duces
839 628 967 670 pares
999 614 1087 656 sint
1117 614 1250 655 menti
1278 624 1321 655 et
1350 614 1454 656 rati—

89 671 178 713 oni.
192 686 234 713 v.
249 671 319 714 De
338 671 448 727 Rep.
462 671 522 713 II.
537 687 579 728 p.
592 672 687 713 368.
702 671 754 711 Ε.
769 685 865 725 sqq.
878 671 960 712 IV.
981 686 1022 726 p.
1035 672 1134 712 434.
1151 671 1207 712 D.
1222 670 1274 711 E.
1286 672 1383 714 441.
1399 670 1453 715 C.

89 726 172 769 IX.
203 743 245 784 p.
277 729 373 770 580.
406 729 464 770 D.
496 743 592 783 sqq.
623 729 723 771 590.
753 727 808 769 E.
839 742 934 782 sqq.
968 727 1021 769 al.
1060 727 1280 769 Nimirum
1323 727 1472 781 sicuti¹

88 785 203 826 inter
229 785 363 827 animi
403 785 516 827 vires
558 791 603 826 et
643 784 873 826 facultates
906 792 1097 826 mentem
1147 790 1193 826 et
1241 784 1454 826 rationem

88 841 280 895 itemque
324 841 594 884 iracundiam
646 842 881 897 praecipue
946 841 1230 883 excolendam
1281 847 1452 895 censet,

89 897 444 954 quandoquidem
488 899 606 941 illius
646 898 828 954 imperio
877 913 1027 941 omnes
1079 898 1278 940 actiones
1321 906 1453 953 atque

89 954 272 997 consilia
309 963 459 998 nostra
497 955 732 1012 gubernari
773 954 985 1010 debeant,
1040 954 1267 996 iracundia
1307 963 1453 996 autem

88 1012 224 1054 menti
255 1012 399 1054 vicina
429 1013 554 1068 quasi
581 1018 627 1054 et
657 1018 847 1068 cognata
883 1012 953 1067 sit,
996 1011 1059 1053 ita
1088 1017 1153 1066 ut,
1175 1012 1213 1054 si
1244 1011 1355 1054 bene
1384 1027 1452 1054 re-

89 1074 233 1125 gatur,
265 1069 399 1112 robur
419 1075 464 1111 et
485 1069 571 1111 vim
591 1069 774 1111 rationis
804 1075 966 1126 augeat
994 1074 1040 1110 et
1062 1069 1106 1110 in
1137 1068 1382 1111 coercenda
1410 1075 1454 1110 et

88 1126 348 1168 refrenanda
377 1126 422 1168 vi
454 1125 709 1183 cupiditatis
742 1126 970 1168 auxilium‘
993 1126 1119 1180 ferat,
1150 1126 1214 1167 ita
1243 1126 1375 1167 etiam
1407 1126 1452 1167 in

88 1182 266 1225 civitate
299 1183 582 1240 magistratus
612 1189 744 1237 atque
783 1183 942 1225 milites
982 1181 1222 1238 prudenter
1261 1182 1451 1225 educan-

88 1238 170 1282 dos
201 1246 245 1281 et
275 1239 570 1283 instituendos
613 1239 781 1282 iudicat
819 1239 936 1294 ideo,
980 1240 1083 1295 quia
1122 1239 1353 1296 indigeant
1381 1239 1451 1281 vel

88 1296 272 1338 maxime
311 1297 524 1353 sapientia
565 1302 610 1338 et
646 1297 936 1353 temperantia
965 1303 1057 1338 tum
1088 1296 1144 1338 ad
1182 1297 1343 1339 vulo-us
1372 1296 1451 1339 ho-

88 1352 252 1395 minum
282 1353 523 1411 regendum
554 1360 686 1408 atque
718 1353 1059 1408 continendum,
1103 1363 1195 1395 tum
1227 1369 1253 1395 a
1323 1359 1450 1395 tuen-

95 1408 195 1452 dam
227 1410 616 1465 sustinendamque
647 1411 893 1453 universam
916 1410 1243 1466 rempublicam.
1287 1410 1449 1465 Itaque

88 1467 380 1523 philosophus
423 1466 640 1523 quidquid
680 1467 733 1509 de
777 1467 1036 1510 educatione
1080 1473 1125 1509 et
1163 1467 1449 1510 institutione

89 1525 320 1579 exposuit,
370 1523 441 1579 id,
480 1530 528 1566 ut
576 1523 792 1578 diximus,
846 1524 901 1566 ad
947 1539 1058 1566 unos
1109 1524 1300 1567 civitatis
1344 1539 1450 1567 suae

88 1579 297 1623 custodes
327 1581 419 1623 sive
450 1581 608 1623 milites
640 1587 685 1623 et
715 1580 770 1622 ad
801 1582 1104 1635 magistratus,
1139 1597 1250 1636 quos
1281 1596 1335 1624 ex
1362 1580 1448 1623 illis

89 1635 222 1692 deligi
262 1637 412 1691 iussit,
453 1637 606 1679 referri
644 1638 797 1680 voluit.
858 1638 975 1680 Nam
1021 1638 1226 1680 custodes
1271 1637 1449 1693 quidem

88 1709 207 1736 more
247 1700 292 1736 et
331 1693 646 1737 consuetudine
682 1693 954 1736 Graecorum
992 1696 1082 1737 fere
1124 1695 1343 1737 communi
1372 1709 1451 1751 per

88 1750 198 1793 duas
238 1751 423 1793 maxime
475 1759 620 1805 artes,
672 1752 992 1808 gymnasticam
1039 1758 1171 1807 atque
1221 1752 1448 1805 musicam,

89 1806 172 1849 hoc
213 1813 304 1861 est,
351 1806 594 1849 doctrinam
633 1808 949 1862 liberaliorem,
1000 1808 1266 1851 excolendos
1315 1815 1448 1863 atque

89 1862 350 1906 erudiendos
380 1878 477 1905 esse
498 1864 663 1918 statuit,
695 1880 877 1919 quarum
905 1865 1042 1907 altera
1065 1866 1211 1907 valeat
1241 1865 1298 1907 ad
1330 1880 1449 1907 men-

89 1924 176 1961 tem
218 1919 493 1975 animumque
529 1921 802 1962 formandum
833 1928 965 1976 atque
1003 1922 1119 1976 veri,
1163 1922 1268 1965 boni
1298 1928 1344 1964 et
1371 1921 1450 1964 ho-

89 1976 204 2018 nesti
233 1991 378 2018 amore
409 1991 460 2018 ac
491 1976 638 2019 studio
674 1977 984 2031 imbuendum,
1024 1978 1162 2020 altera
1191 1992 1349 2034 corpus
1379 1994 1450 2020 ro-

89 2031 216 2075 boret
258 2039 303 2074 et
338 2033 503 2086 firmet,
559 2048 646 2088 quo
696 2034 838 2090 possit
886 2034 1019 2075 menti
1055 2041 1097 2075 et
1135 2035 1295 2076 rationi
1330 2041 1449 2077 recte

89 2095 346 2145 promteque
396 2104 551 2144 parere
619 2090 681 2145 (v.
729 2090 851 2132 Libr.
893 2090 953 2132 ΙΙ.
984 2106 1027 2147 p.
1067 2093 1166 2134 375.
1207 2092 1259 2133 Ε.
1309 2106 1448 2147 usque

27 2147 30 2151 ’
90 2145 145 2187 ad
176 2146 275 2188 Lib.
306 2145 391 2188 111.
426 2162 467 2202 p.
498 2147 598 2188 412.
624 2147 720 2201 A.).
753 2146 1044 2203 Magistratus
1075 2154 1245 2202 autem,
1289 2163 1343 2190 ex
1373 2164 1447 2191 cu-

90 2201 264 2244 stodum
303 2217 482 2245 numero
503 2201 700 2245 delectos
734 2203 794 2257 (v.
827 2204 880 2245 L.
923 2204 1008 2245 111.
1049 2220 1091 2260 p.
1121 2206 1220 2247 412.
1250 2205 1446 2260 A—B.)‚

90 2258 221 2300 etiam
250 2258 432 2302 ulterius
461 2260 557 2302 vult
585 2260 630 2301 in
651 2260 774 2302 cultu
804 2267 849 2302 et
878 2260 1122 2303 eruditione
1152 2261 1348 2318 provehi,
1381 2269 1445 2315 ut,

91 2315 454 2370 quemadmodum
492 2316 713 2373 principes
755 2317 842 2358 sint
893 2317 1183 2373 reipublicae,
1224 2319 1286 2360 ita
1316 2319 1447 2361 etiam

90 2371 251 2414 virtute
283 2378 326 2414 et
364 2373 581 2429 sapientia
622 2374 990 2429 praestantissimi
1030 2373 1286 2430 habeantur.
1354 2376 1447 2417 Ita-

91 2442 176 2525 que
222 2428 408 2483 primum
474 2429 651 2484 quidem
701 2445 756 2472 ex
795 2431 913 2472 omni
953 2431 1112 2473 civium
1151 2448 1331 2474 numero
1370 2447 1446 2475 eos

123 2484 348 2539 eligendos
386 2487 665 2543 magistratus
708 2501 803 2529 esse
848 2487 1096 2542 arbitratur,
1130 2489 1207 2544 qui
1256 2489 1448 2531 habeant

90 2539 280 2582 indolem
304 2541 360 2583 ad
389 2544 628 2599 sapientiae
651 2543 800 2585 studia
824 2544 1023 2586 eximiam
1047 2560 1099 2587 ac
1127 2551 1446 2602 praestantem3

92 2595 251 2639 deinde
294 2603 439 2641 autem
499 2599 695 2642 delectos
738 2600 1057 2656 arithmeticae,
1097 2602 1362 2658 geometriae
1404 2608 1448 2643 et

93 2653 378 2698 astronomiae
409 2656 564 2699 studiis‘
593 2656 655 2698 ita
686 2657 858 2700 formari
892 2664 934 2699 et
963 2658 1122 2701 erudiri
1152 2659 1262 2711 vult,
1294 2665 1342 2701 ut
1372 2658 1447 2700 de-
