1612 2872
487 60 570 102 DE
603 59 879 105 LEGIBUS
910 68 990 104 etc.
1271 63 1399 108 XCV

58 187 100 219 et
141 193 227 232 qua
268 178 433 220 ratione
473 176 626 219 civitas
666 190 769 217 vera
806 190 935 229 quam
975 176 1138 231 optime
1187 176 1318 219 condi
1356 186 1400 221 et

58 235 351 278 administrari
392 233 542 290 possit.
621 231 754 286 Quod
791 247 894 275 vero
932 247 1074 276 mores
1113 239 1157 275 et
1197 233 1399 278 instituta

56 293 201 337 civilia
239 291 284 334 in
325 291 461 334 altero
502 304 631 347 opere
668 289 852 332 multum
883 289 1089 332 differunt
1115 290 1170 333 ab
1208 293 1398 348 optimae

53 350 169 393 illius
201 350 383 405 eiusque
413 348 649 404 superioris
680 347 870 390 civitatis
907 348 1175 402 rationibus,
1222 348 1269 391 id
1310 365 1397 393 non

53 406 153 450 ideo
193 407 288 449 fieri
327 404 659 449 existimandum
707 411 797 458 est,
848 404 951 459 quia
989 404 1278 462 philosophus
1317 423 1398 450 sua

52 465 192 521 ipsius
234 463 410 507 decreta
452 469 583 518 atque
621 461 730 504 scita
767 462 1007 516 posteriore
1047 468 1243 518 tempore
1271 466 1396 520 quasi

0 555 2 564 .
53 521 221 578 perfide
258 519 527 578 prodiderit,
570 517 649 561 sed
686 518 805 573 quod
834 517 1045 562 humanae
1087 519 1214 563 istius
1251 523 1395 580 reipu-

52 579 218 633 blicae,
259 577 399 633 qualis
424 574 580 619 vrevera
610 575 741 618 condi
769 590 901 631 posse
940 576 1037 618 visa
1073 583 1165 631 est,
1203 579 1396 624 rationes

52 636 114 678 ita
141 635 356 689 tulerunt,
402 640 452 676 ut
481 633 617 676 multa
646 632 772 674 aliter
800 639 933 687 atque
962 633 1007 674 in
1037 634 1260 690 superiore
1290 638 1395 680 civi-

0 737 1 741 ,
50 699 139 734 tate
179 691 235 734 ad
273 692 426 749 optimi
470 690 655 733 hominis
697 689 1026 732 similitudinem
1065 692 1306 736 constituta
1351 702 1397 738 et

49 750 292 807 gubernata
320 749 653 792 instituerentur
682 753 726 789 et
755 746 1073 792 ordinarentur.
1140 748 1258 792 Nam
1296 768 1393 808 per-

47 808 155 850 fecti
185 808 404 864 sapientes
435 805 632 862 quidem,
673 819 783 860 quos
813 804 1100 862 philosophus
1129 808 1302 850 censuit
1332 810 1393 851 ci—

47 865 258 907 vitatibus
296 880 386 906 non
423 878 555 920 posse
583 861 669 905 nisi
707 860 854 904 divino
885 862 1012 917 quasi
1044 862 1234 918 quodam
1261 865 1393 910 bene-

47 922 148 964 ficio
180 922 406 979 obtingere
436 926 629 964 rectores
661 925 704 961 et
733 934 877 962 rerum
908 935 1085 962 suarum
1126 921 1391 977 gubernato-

46 994 132 1033 res,
162 979 233 1021 hic
273 978 448 1021 omnino
487 977 649 1021 sublati
686 983 801 1019 sunt.
873 977 943 1018 Ex
983 992 1070 1032 quo
1113 978 1221 1034 quid
1258 996 1391 1037 porro

45 1037 254 1092 consequi
282 1036 530 1079 necessario
561 1034 778 1088 debuerit,
819 1041 976 1090 sponte
1013 1041 1208 1092 apparet.
1277 1037 1393 1082 Nam

45 1094 177 1136 etiam
205 1093 342 1135 multa
376 1093 462 1134 alia
499 1090 708 1134 mutanda
747 1091 945 1145 fuerunt,
993 1107 1107 1147 quae
1158 1108 1212 1135 ex
1253 1097 1390 1153 magi-

44 1158 260 1194 stratuum
300 1150 463 1192 virtute
500 1155 544 1191 et
584 1149 854 1204 praestantia
902 1149 1029 1191 unice
1073 1150 1390 1206 pependerunt.

44 1207 216 1251 Deinde
246 1207 459 1250 bonorum
485 1212 530 1249 et
554 1205 779 1248 mulierum
809 1207 1056 1249 communio
1083 1207 1246 1251 ibidem
1263 1226 1389 1266 pror-

45 1280 120 1308 sus
151 1264 349 1319 evanuit,
379 1269 531 1319 utpote
561 1278 688 1305 verae
715 1262 938 1306 hominum
967 1265 1083 1306 vitae
1113 1265 1255 1309 minus
1279 1271 1388 1310 ‘con-

44 1329 264 1366 sentanea.
341 1321 456 1364 Nam
496 1319 617 1376 quod
652 1320 940 1377 philosophus
980 1322 1026 1363 in
1072 1337 1276 1379 suprema
1312 1325 1387 1368 illa

43 1380 220 1423 civitate
250 1378 389 1421 voluit
407 1393 500 1420 eam
521 1393 703 1435 regnare
721 1378 1073 1422 convenientiam
1093 1388 1137 1422 et
1155 1381 1385 1438 unitatem,

43 1443 91 1479 ut
130 1436 337 1479 militibus
375 1435 548 1490 quidem
586 1441 728 1488 certe,
777 1435 861 1477 hoc
913 1442 979 1478 est
1015 1437 1183 1480 meliori
1224 1439 1384 1483 civium

41 1494 169 1550 parti,
201 1493 308 1536 nihil
337 1495 509 1550 privum
539 1507 634 1535 esse
663 1492 856 1545 iusserit,
890 1493 1035 1536 omnia
1056 1494 1171 1537 bona
1191 1495 1245 1539 iis
1266 1512 1384 1540 com-

40 1551 188 1593 munia
225 1550 494 1604 attribuerit,
541 1549 666 1592 facile
713 1549 925 1592 intellexit
973 1566 1068 1593 eam
1112 1552 1246 1610 vulgo
1286 1569 1384 1598 esse

40 1609 155 1650 vitae
186 1607 399 1650 humanae
428 1607 661 1661 rationem,
705 1614 754 1649 ut
795 1623 882 1649 non
912 1608 1049 1651 solam
1078 1614 1249 1653 tantum
1287 1612 1382 1654 uni-

41 1671 196 1720 tatem,
228 1680 356 1721 quam
386 1664 532 1707 dicere
561 1664 736 1718 licebit,
779 1663 858 1707 sed
890 1665 1021 1708 etiam
1054 1667 1308 1711 varietatem
1339 1678 1383 1712 et

40 1722 358 1765 multitudinem
379 1722 462 1765 sibi
479 1721 702 1778 propriam
720 1721 947 1778 deposcat,
978 1722 1266 1781 hominesque
1292 1742 1381 1769 non

39 1780 115 1822 uni
142 1779 406 1836 reipublicae
435 1780 706 1836 mancipatos
739 1794 834 1822 esse
871 1780 977 1822 velit
1012 1787 1221 1837 tanquam
1249 1783 1380 1827 alicui

39 1836 362 1890 communitati,
405 1835 483 1878 sed
521 1837 651 1878 etiam
689 1836 772 1878 sibi
814 1837 992 1892 suisque
1030 1838 1176 1881 vivere
1216 1840 1377 1884 iubeat.

40 1892 224 1936 Sublata
253 1899 397 1935 autem
425 1893 510 1935 ista
526 1893 739 1935 bonorum
763 1899 808 1935 et
826 1894 1053 1937 mulierum
1076 1898 1378 1941 communione

40 1950 137 2005 quis
169 1956 236 1992 est
296 1949 369 1991 uin
402 1954 557 2006 sponte
586 1949 735 1991 videat
765 1950 860 1993 fieri
889 1967 977 1994 non
1006 1952 1228 2008 potuisse,
1271 1956 1378 2010 quin

37 2007 166 2049 etiam
202 2022 275 2049 mu
294 2013 338 2049 ta
377 2006 461 2048 alia
498 2006 627 2048 aliter
662 2006 928 2050 instituenda
977 2009 1152 2051 essent?
1227 2017 1377 2068 Atque

35 2063 184 2106 eadem
212 2064 342 2120 plane
371 2064 482 2106 ratio
515 2070 582 2105 est
612 2063 738 2106 etiam
768 2064 950 2107 aliorum
987 2066 1286 2112 institutorum
1315 2070 1376 2114 ci-

36 2120 200 2175 vilium,
233 2136 343 2176 quae
372 2120 418 2162 in
448 2121 644 2177 Legibus
682 2122 957 2178 reperiuntur
1004 2139 1204 2179 quaeque
1234 2127 1288 2170 ab
1327 2144 1375 2170 0-

35 2177 171 2234 ptima
195 2178 271 2220 illa
299 2179 475 2221 civitate
505 2178 548 2219 in
576 2178 760 2221 Politiae
781 2179 903 2222 libris
930 2179 1149 2238 descripta
1166 2183 1264 2238 plus
1293 2185 1373 2228 mi-

35 2249 171 2278 nusve
208 2235 434 2279 recedunt.
500 2237 563 2277 At
600 2236 712 2278 enim
754 2252 857 2279 vero
898 2252 1031 2292 quum
1069 2240 1220 2296 negari
1249 2243 1372 2286 nullo

34 2291 162 2335 modo
191 2293 345 2348 possit,
377 2307 474 2335 esse
502 2292 616 2336 hanc
645 2293 872 2349 utriusque
904 2296 1047 2351 operis
1073 2295 1370 2342 diversitatem

34 2363 137 2391 sane
167 2350 409 2405 maximam,
440 2356 585 2392 tamen
614 2350 798 2393 multum
828 2352 1025 2407 fallatur,
1065 2354 1103 2395 si
1143 2355 1240 2410 quis
1280 2359 1369 2399 exi-

34 2405 192 2461 stimet,
223 2407 447 2450 Platonem
474 2407 520 2449 in
540 2407 735 2465 Legibus
754 2408 956 2453 reiecisse
975 2425 1084 2466 quae
1114 2411 1159 2454 in
1184 2412 1369 2458 Politiae

32 2461 153 2506 libris
195 2479 275 2519 pro
311 2465 484 2521 optimis
527 2466 728 2521 probavit
765 2466 874 2509 scita
912 2482 962 2510 ac
1004 2466 1190 2514 decreta.
1269 2471 1366 2515 Imo

30 2518 107 2561 illa
134 2520 203 2562 vel
231 2521 294 2563 sic
321 2537 458 2578 usque
487 2523 665 2565 retinuit
693 2530 1024 2580 constanterque
1041 2533 1256 2581 sequutus
1287 2535 1368 2572 est.

30 2575 84 2617 Id
114 2576 232 2631 quod
269 2593 321 2621 ex
359 2579 525 2622 duabus
563 2581 831 2636 potissimum
874 2582 1002 2626 rebus
1034 2583 1271 2628 clarissime
1300 2587 1367 2628 in-

30 2633 249 2691 telligitur.
324 2636 438 2678 Nam
480 2637 663 2693 primum
703 2637 875 2694 quidem
912 2640 1045 2683 etiam
1082 2641 1127 2683 in
1166 2642 1364 2699 Legibus
