1612 2872
169 71 416 134 cnxxnj
603 69 1079 114 PROLEGOMENA

171 183 344 238 scriptis
383 183 473 222 suis
512 181 564 220 de
616 180 683 221 his
722 181 848 222 rebus
898 180 1091 223 tradidit.
1168 183 1386 236 Quocirca
1437 182 1501 225 his

172 239 358 280 breviter
387 235 608 291 explicatis
639 235 693 275 ad
725 235 840 277 aliud
871 237 976 291 quid
1004 239 1247 294 transgredi
1274 240 1435 282 licebit.
1479 275 1485 277 -

282 293 427 334 Vertit
467 291 579 331 enim
626 290 882 334 Zellerus
920 293 947 336 l.
987 307 1023 336 c.
1069 293 1238 350 Legum
1285 296 1498 351 scriptori,

171 349 254 390 hoc
296 354 382 388 est:
422 346 614 396 Platoni,
658 347 785 388 etiam
818 347 900 390 hoc
933 349 1188 403 opprobrio,
1234 351 1351 405 quod
1380 351 1499 393 Libr.

170 403 257 444 ΙΙΙ.
286 419 326 458 p.
357 404 451 442 696.
482 402 537 442 A.
567 401 649 442 IV.
679 417 722 456 p.
747 405 838 447 712.
861 403 912 444 Ε.
944 404 1012 457 aL,
1044 407 1349 461 rempublicam
1369 406 1500 463 Spar-

171 466 368 500 tanorum
406 457 593 499 insolitis
633 457 835 500 laudibus
875 461 1146 510 mactaverit,
1192 477 1322 516 quum
1358 470 1500 504 tamen

169 514 243 554 illa
278 513 439 554 civitas'
468 512 562 554 aliis
601 512 709 555 loeis
752 515 1019 569 maximeque
1060 517 1128 558 De
1158 518 1340 574 Republ.
1372 518 1500 560 VIII.

171 585 211 624 p.
252 570 348 609 547.
386 568 441 611 D.
474 593 524 599 —
558 570 652 611 548.
683 570 738 611 D.
778 569 875 612 ideo
913 571 1274 667 reprehendatur,
1317 574 1418 628 quia
1458 574 1502 615 in

171 639 222 665 ea
259 624 420 679 pariter
457 630 586 678 atque
624 625 667 665 in
708 626 932 680 republica
986 628 1231 670 {retensium
1260 630 1502 671 timocratia

169 680 336 736 vigeat,
381 680 451 721 cui
485 681 597 721 inter
634 681 812 723 vitiosas
850 683 1112 737 reipublicae
1153 686 1310 726 formas
1339 686 1501 742 primus

170 736 290 778 locus
329 735 549 777 debeatur.
621 736 853 779 Enimvero
892 738 1094 780 laudatur
1122 740 1166 781 in
1198 741 1413 796 Legibus,
1444 742 1501 783 si-

169 792 259 834 cuti
295 798 422 832 antea
459 792 802 834 animadversum
845 800 938 847 est,
981 795 1291 850 Spartanorum
1333 797 1500 850 civitas,

167 847 271 902 quia
307 854 398 898 tam
433 847 542 889 bene
573 849 631 890 sit
659 849 893 891 constituta
923 865 973 892 ac
1000 857 1259 906 temperata,
1299 859 1348 894 ut
1375 852 1504 894 nullis

169 903 295 945 facile
331 917 533 955 umquam
571 905 753 958 partium
792 904 948 947 studiis
987 916 1321 963 conquassetur,
1353 915 1503 964 utpote

170 973 248 1000 nec
302 959 501 1014 populari
550 959 726 1001 licentia
771 975 851 1002 nec
886 967 1165 1016 tyrannorum
1212 963 1503 1006 dominatione

170 1014 231 1056 ibi
273 1020 508 1070 grassante.
578 1013 711 1067 Quod
750 1016 945 1071 profecto
983 1033 1070 1059 non
1099 1026 1265 1075 pugnat
1300 1035 1397 1062 cum
1433 1021 1502 1073 iis,

171 1084 283 1124 quae
322 1070 446 1124 Reip.
485 1070 617 1112 VIII.
654 1071 684 1114 l.
723 1085 759 1114 c.
800 1071 1014 1114 dicuntur.
1073 1074 1187 1115 Nam
1216 1077 1332 1129 quod
1356 1091 1504 1133 respu-

170 1126 285 1167 blica
311 1125 754 1168 Lacedaemoniorum
791 1135 835 1169 et
863 1127 1134 1173 Cretensium
1163 1130 1404 1173 timocratia
1442 1133 1507 1174 uti

170 1181 407 1235 iudicatur,
448 1181 555 1224 haec
584 1183 679 1238 ipsa
708 1189 850 1225 autem
881 1185 1100 1240 regiminis
1131 1186 1267 1228 forma
1295 1193 1397 1243 post
1425 1188 1506 1229 ari-

169 1238 417 1279 stocratiam
449 1239 613 1292 optima
642 1253 737 1280 esse
766 1246 992 1293 censetur,
1021 1241 1092 1295 id,
1123 1242 1160 1284 si
1190 1257 1278 1284 rem
1309 1249 1506 1291 accurate

171 1293 464 1346 aestimamus,
497 1308 594 1335 cum
621 1294 821 1337 laudibus
851 1296 942 1338 eius
971 1296 1016 1337 in
1054 1297 1249 1354 Legibus
1280 1299 1507 1342 celebratis

171 1349 418 1405 planissime
447 1350 663 1392 convenit.
690 1355 693 1358 “
721 1351 784 1393 Et
824 1351 920 1404 quis
950 1358 1016 1394 est
1045 1354 1119 1407 qui
1150 1354 1334 1408 nesciat,
1376 1355 1505 1398 disci-

171 1404 333 1459 plinam
362 1405 626 1460 reipublicae
655 1405 893 1462 Spartanae
933 1422 1020 1449 non
1058 1423 1145 1451 uno
1174 1411 1347 1452 nomine
1377 1426 1507 1465 quum

171 1460 265 1502 aliis
304 1460 574 1517 philosophis
611 1467 703 1503 tum
750 1462 958 1518 imprimis
997 1464 1124 1506 etiam
1162 1465 1334 1508 Platoni
1379 1467 1507 1509 vehe-

171 1524 337 1558 menter
355 1517 608 1572 -placuisse?
668 1518 781 1559 Nam
820 1518 970 1561 audias
1001 1520 1128 1562 modo
1157 1521 1381 1564 Platonem
1411 1522 1504 1565 Cri-

171 1578 261 1614 ton.
291 1588 334 1628 p.
367 1574 434 1613 52.
464 1573 518 1614 E.
548 1574 724 1629 Protag.
754 1589 795 1629 p.
827 1576 922 1616 342.
951 1573 1000 1616 C.
1034 1575 1089 1619 D.
1130 1577 1199 1618 De
1228 1577 1335 1634 Rep.
1379 1571 1505 1621 Vm.

203 1659 213 1668 .
251 1629 364 1670 544:
388 1626 440 1670 C.
478 1628 612 1685 Hipp.
651 1629 749 1670 mai.
787 1645 827 1685 p.
874 1631 967 1674 283.
996 1631 1092 1672 284.
1122 1632 1306 1674 Phaedr.
1337 1649 1380 1688 p.
1410 1637 1505 1677 260.

171 1643 225 1724 Ε.
265 1683 468 1739 Sympos.
507 1700 548 1740 p.
591 1686 685 1726 209.
725 1685 780 1727 D.
820 1700 871 1726 ac
902 1685 1028 1728 facile
1057 1686 1277 1743 largieris,
1309 1703 1405 1731 eum
1434 1705 1506 1732 ne-

172 1753 389 1793 quaquam
427 1739 537 1782 male
576 1740 629 1782 de
667 1740 742 1781 illa
779 1741 977 1783 sensisse.
1036 1741 1200 1795 Quidni
1241 1744 1374 1800 igitur
1409 1760 1508 1787 ean·

173 1794 272 1836 dem
309 1794 548 1837 rectissime
587 1797 776 1852 potuerit
816 1796 944 1838 etiam
972 1797 1018 1838 in
1049 1799 1244 1855 Legibus
1274 1815 1508 1843 memorare

173 1865 271 1892 cum
308 1850 467 1892 laude?
525 1850 799 1907 Quamquam
847 1867 939 1894 eam
976 1853 1047 1895 hic
1088 1869 1143 1896 ne
1179 1855 1375 1898 laudavit
1414 1858 1509 1912 qui-

171 1905 270 1947 dem
299 1921 483 1961 semper,
513 1908 591 1949 sed
619 1907 722 1949 item
750 1907 1049 1963 reprehendit,
1081 1910 1209 1952 sicuti
1239 1926 1307 1954 res
1338 1912 1398 1954 ita
1425 1913 1507 1955 fer-

171 1968 253 2004 ret.
310 1962 424 2004 Nam
455 1963 578 2005 Libr.
607 1962 644 2004 1.
676 1979 719 2018 p.
749 1965 845 2006 625.
875 1965 928 2005 E.
964 1979 1060 2019 sqq.
1090 1966 1153 2009 II.
1183 1982 1226 2022 p.
1256 1969 1349 2009 666.
1381 1968 1433 2010 E.
1463 1970 1507 2010 in

172 2032 225 2060 ea
262 2017 505 2073 vituperat,
555 2018 674 2074 quod
712 2020 858 2061 omnia
905 2020 998 2061 eius
1035 2022 1231 2064 instituta
1277 2022 1333 2064 ad
1379 2038 1505 2066 unam

172 2073 358 2115 maxime
400 2074 594 2117 bellicam
630 2074 929 2117 fortitudinem
959 2083 1206 2133 comparata
1236 2079 1343 2120 sint:
1376 2086 1507 2134 atque

172 2129 294 2171 Libr.
340 2129 445 2171 VII.
483 2146 525 2186 p.
564 2131 659 2173 814.
699 2133 755 2172 A.
794 2131 846 2174 B.
886 2131 983 2172 coll.
1015 2132 1048 2174 1.
1082 2149 1124 2188 p.
1158 2135 1251 2175 (537.
1283 2133 1334 2178 C.
1365 2136 1409 2176 in
1437 2151 1507 2178 ea-

173 2183 271 2226 dem
307 2190 525 2239 tamquam
573 2186 773 2228 vitiosam
821 2193 944 2229 notat
986 2187 1157 2229 nimiam
1209 2190 1506 2233 Lacaenarum

171 2240 427 2294 libertatem,
459 2257 570 2296 quae
600 2243 669 2283 vel
697 2243 740 2283 in
770 2242 1074 2298 procacitatem
1102 2245 1172 2286 vel
1201 2246 1245 2286 in
1269 2279 1272 2281 ,
1294 2246 1505 2289 imbellem

172 2295 390 2351 ignaviam
453 2297 789 2353 degeneraverit.
882 2297 1170 2350 Quamobrem
1224 2300 1506 2357 philosophus

174 2351 486 2394 existimandus
516 2360 584 2395 est
611 2354 757 2409 potius
787 2354 900 2396 boua
924 2354 1085 2409 pariter
1106 2362 1235 2410 atque
1260 2357 1371 2398 mala
1389 2358 1505 2414 illi-us

173 2408 288 2449 iusta
328 2406 450 2448 lance
489 2409 825 2462 ponderavisse,
871 2409 1083 2465 planeque
1120 2413 1313 2466 iniquum
1338 2413 1508 2456 videtur
1577 2454 1582 2456 .

174 2463 228 2505 ab
273 2477 325 2504 eo
363 2464 606 2518 postulare,
645 2473 714 2519 ut,
756 2466 793 2508 si
821 2464 992 2519 quando
1022 2467 1113 2508 eius
1143 2468 1247 2509 vitia
1277 2469 1506 2523 reprehen-

175 2517 300 2570 derit,
331 2517 521 2560 eiusdem
549 2520 699 2562 laudes
730 2535 780 2563 ac
809 2521 989 2562 virtutes
1028 2522 1201 2564 silentio
1231 2523 1506 2579 transmittat,

176 2574 300 2628 quasi
345 2587 491 2616 secum
531 2575 588 2617 sit
623 2582 914 2631 pugnaturus,
947 2577 983 2618 si
1022 2591 1086 2631 ea,
1127 2593 1237 2633 quae
1280 2578 1507 2634 reprehen-
