1612 2872
184 285 201 322 b)
247 292 361 332 σθαι
398 291 550 343 μέλους
594 286 717 337 εἶδος·

250 108 329 148 354
729 107 1099 151 PLATONIS

249 227 319 266 καὶ
355 221 499 266 ἄλλων
542 225 672 265 τινῶν
721 222 799 264 οὐκ
834 223 930 275 ἐξῆν
963 223 1082 277 ἄλλῳ
1121 229 1177 273 εὶς
1214 222 1323 267 ἄλλο
1359 228 1574 282 καταχρῆ-

767 288 814 331 τὸ
859 293 903 331 δὲ
947 293 1079 345 κῦρος
1126 290 1294 332 τούτων
1328 293 1491 344 γνῶναί
1530 308 1573 334 τε

248 358 319 398 καὶ
352 352 445 407 ἅμα
482 351 643 406 γνόντα
678 354 851 397 δικάσαι
893 358 1074 409 ζημιοῦν
1112 372 1152 397 τε
1189 349 1244 397 αὖ
1278 356 1356 398 τὸν
1386 356 1446 411 μὴ
1481 374 1573 399 πει-

246 420 444 474 θόμενον
472 419 523 460 οὐ
561 420 711 474 σύριγξ
745 414 798 472 ἦν
835 421 933 463 οὐδὲ
970 438 1079 470 τινες
1112 423 1300 475 ἄμουσοι
1333 424 1434 476 βοαι
1467 424 1572 474 πλή-

246 488 385 534 θους,
422 485 631 539 καθάπερ
674 485 728 527 τὰ
774 488 875 535 νῦν,
922 486 1016 530 οὐδ’
1072 480 1129 528 αὖ
1175 488 1324 542 κρότοι
1371 493 1574 538 ἐπαίνους

246 551 553 600 ἀποδιδόντες,
588 550 717 609 ἀλλὰ,
751 561 841 602 τοῖς
873 556 950 606 μὲν
985 553 1182 607 γεγονόσι
1220 557 1314 606 περὶ
1351 557 1572 597 παίδευσιν

247 619 502 671 δεδογμένον
534 615 709 659 ἀκούειν
744 612 799 669 ἦν
832 621 984 668 αὐτοῖς
1013 618 1120 673 μετὰ
1150 622 1271 671 σιγῆς
1307 618 1377 662 διὰ
1414 623 1573 670 τέλους,

336 745 415 778 οὐκ
439 746 540 788 ἐξῆν
563 744 669 789 ἄλλῳ
694 747 755 779 εἰς
779 746 901 790 ἄλλο]
926 747 1003 781 ἄλλο
1028 748 1076 780 εἰς
1099 746 1176 780 ι”λλο
1205 748 1285 781 Par.
1310 750 1355 780 A.
1384 759 1490 791 marg.
1520 747 1571 788 52„

248 792 341 824 Flor.
374 803 405 824 a.
439 791 467 823 δ.
505 792 608 824 Voss.

247 838 422 879 evulgavit
447 837 646 869 Schneider.

247 927 309 958 tati
334 931 424 958 sunta
457 926 568 958 Nobis
595 927 678 968 quid
703 928 875 967 videatur,

247 973 365 1012 paucis
389 972 524 1012 aperire
549 973 680 1004 licebit.
710 972 876 1005 Putamus

245 1017 335 1048 enim
382 1027 520 1049 sensum
569 1018 751 1050 verborum
800 1028 875 1050 esse

247 1064 353 1096 hunc:
383 1072 431 1094 ae
461 1069 696 1103 praeterea
725 1065 874 1096 modos

246 1108 433 1140 musicos
458 1110 626 1140 nomine
650 1106 789 1147 νόμων
809 1120 873 1141 vo-

245 1154 423 1193 cabant,
447 1158 667 1196 tamquam
701 1159 871 1186 cantum

246 1199 455 1239 quendam
501 1200 549 1231 ab
592 1200 681 1232 alio
729 1201 871 1231 diver-

243 1255 347 1282 sum3
386 1245 587 1277 dicebant
627 1250 766 1277 autem
803 1257 865 1276 νο·

243 1298 346 1327 μους
396 1293 547 1322 cantus
606 1289 870 1324 citharoedo-

242 1345 341 1368 rum.
394 1333 567 1367 Nimirum
595 1346 666 1367 non
708 1336 871 1368 auloedo—

242 1390 317 1412 rum
341 1381 493 1412 carmina
518 1381 571 1412 vel
597 1386 717 1413 cantus
740 1382 790 1412 ita
812 1391 872 1422 ap·

242 1426 360 1466 pellati
399 1430 496 1466 sunt,
532 1427 594 1459 sed
632 1427 871 1459 tantummodo

242 1471 541 1512 citharoedorum,
594 1472 872 1513 quandoquidem

243 1517 351 1548 tibiae
375 1518 451 1548 soni
477 1517 520 1548 ob
551 1518 753 1550 varietatem
777 1527 873 1549 suam

243 1562 474 1594 severioribus
499 1562 637 1602 legibus
665 1573 735 1595 non
755 1565 872 1604 'aeque

242 1611 430 1648 potuerunt
441 1608 630 1647 adstringi3
646 1618 714 1649 quo
733 1609 872 1639 nomine

243 1653 350 1684 tibiae
395 1663 493 1684 usum
546 1657 682 1684 constat
729 1653 870 1684 Platoni

242 1699 348 1730 etiam
376 1698 490 1729 minus
530 1697 638 1729 fuisse
674 1698 867 1740 probatum.

241 1743 294 1775 De
326 1741 425 1782 νόμοι
457 1742 582 1774 eximie
618 1743 663 1774 ad
701 1743 871 1775 citharoe-

242 1788 364 1820 dorum
396 1789 548 1820 earmina
577 1789 685 1820 relato
718 1800 749 1819 v.
780 1789 872 1820 infra

240 1834 336 1865 Libr.
368 1834 432 1865 IV.
465 1843 498 1874 p.
536 1832 612 1867 722.
654 1834 698 1864 D.
733 1833 803 1864 Vll.
836 1843 868 1874 p.

242 1879 319 1914 799.
341 1879 382 1910 E.
410 1882 455 1919 et,
480 1888 567 1919 quae
594 1879 714 1910 laudat
736 1882 871 1919 praete-

241 1935 301 1957 rea
330 1923 602 1963 Boeokhius,
638 1925 782 1966 Archyt.
814 1934 869 1965 ap.

242 1970 343 2002 Stob.
368 1969 465 2001 XLI.
499 1979 533 2010 p.
564 1969 642 2004 270.
668 1969 808 2002 Procl.
833 1971 868 2001 in

245 2016 335 2047 Tim.
359 2014 408 2046 11.
434 2025 468 2055 p.
494 2013 571 2048 108.

288 2058 390 2102 ἄλλῳ
420 2059 479 2092 εἰς
506 2057 605 2092 ἄλλο
637 2077 678 2083 --
715 2055 868 2099 εἶδος]

243 2107 287 2138 H.
303 2116 333 2138 e.
359 2103 445 2147 ἄλλῳ
469 2103 591 2144 μέλους
614 2104 694 2137 εἴδει
718 2104 767 2137 εἰς
790 2103 869 2137 ἄλλο

243 2147 340 2184 εἶδὸε
366 2147 485 2184 αὐτοῦ.

287 2196 327 2230 C.
377 2193 421 2228 τὸ
452 2193 495 2227 δὲ
532 2195 666 2238 κῦρος
701 2193 870 2227 τούτων

242 2243 403 2284 γνῶναί
423 2251 460 2273 τε
479 2241 544 2282 -—]
573 2246 778 2282 potestas
803 2251 869 2273 ve-

241 2298 305 2327 ro,
350 2288 456 2319 haec
503 2288 647 2319 omnia
693 2297 866 2327 eogno-

240 2333 387 2364 scendi
440 2332 709 2374 cognitaque
754 2333 864 2364 iudi-

241 2378 383 2417 candi,
409 2378 691 2418 eumque,qui
711 2387 757 2409 ea
783 2388 866 2409 non

240 2424 539 2461 observasset,
630 2423 866 2463 puniendi,

240 2479 319 2501 non
345 2472 440 2500 erat
461 2468 610 2508 posita
642 2469 685 2500 in
711 2469 863 2500 sibilis

239 2519 311 2549 aut
342 2513 524 2545 rudibus
557 2523 734 2554 magnae
766 2513 863 2545 mul·

242 2559 452 2591 titudinis
528 2559 862 2591 vociferationi-

242 2606 336 2646 bus,
360 2613 493 2645 neque
518 2604 558 2634 in
589 2604 745 2645 plausu
778 2605 861 2636 lau-

242 2651 313 2683 des
342 2650 578 2686 tribuente,
608 2653 671 2680 eto.
704 2649 737 2680 h.
764 2660 791 2681 e.
820 2650 861 2681 de

657 792 726 825 Sed
760 794 861 826 Voss.
898 805 1007 836 marg,
1040 792 1136 836 ἄλλῳ.

1185 794 1333 826 Parisini
1365 796 1570 836 scripturam

945 930 998 960 his
1047 929 1279 969 cognoscendi
1327 929 1572 970 iudicandique

943 978 1096 1015 potestas
1122 985 1191 1005 non
1217 979 1290 1005 erat
1313 984 1417 1014 penes
1435 975 1571 1015 vulgus,

943 1020 1038 1051 cuius
1074 1020 1126 1051 vel
1158 1019 1268 1051 sibilis
1304 1024 1338 1050 et
1362 1020 1571 1052 elamoribus

942 1065 1207 1106 exploderentur
1231 1065 1282 1096 vel
1298 1065 1475 1105 plausibus
1498 1066 1571 1097 lau-

942 1110 1106 1142 darentur
1119 1111 1252 1152 poetae.
1282 1109 1479 1142 Pronomen
1494 1109 1571 1142 τού-

943 1166 1008 1186 των
1037 1156 1130 1196 quod
1161 1166 1201 1186 ex
1229 1156 1335 1195 κῦρος
1367 1164 1570 1196 suspensum

942 1206 1005 1240 est,
1031 1211 1134 1241 quum
1163 1202 1248 1232 illud
1272 1201 1448 1241 putaveris
1472 1211 1571 1233 aecu—

941 1247 1055 1278 sativo
1072 1247 1221 1287 positum
1235 1256 1310 1278 oum
1324 1246 1449 1287 γνῶναι
1464 1246 1571 1286 fuisse

941 1293 1229 1331 consociandum,
1266 1292 1486 1332 exposuimus
1528 1293 1570 1324 de

940 1337 1008 1368 hoo
1049 1337 1315 1370 constructionis
1356 1346 1483 1378 genere
1525 1337 1570 1369 ad

939 1381 1049 1423 Legg.
1080 1383 1106 1414 l.
1140 1393 1173 1424 p.
1205 1382 1283 1415 626.
1317 1381 1361 1413 D.
1394 1381 1503 1423 Gorg.
1535 1393 1568 1424 p.

940 1427 1019 1461 513.
1035 1428 1076 1459 E.
1102 1428 1156 1460 De
1175 1427 1303 1468 populo
1329 1428 1382 1459 his
1407 1428 1442 1459 in
1467 1428 1570 1460 rebus

940 1473 1117 1506 iudicandi
1140 1477 1349 1514 potestatem
1380 1473 1446 1504 sibi
1470 1483 1568 1504 arro-

940 1524 1043 1558 gante
1073 1529 1104 1550 v.
1143 1517 1251 1559 Gorg.
1282 1529 1314 1559 p.
1349 1517 1426 1552 500.
1459 1518 1500 1550 1⁴2.
1527 1536 1567 1541 —

938 1563 1018 1597 502.
1044 1563 1089 1595 D.
1115 1568 1149 1604 et
1173 1574 1254 1595 mox
1280 1573 1311 1604 p.
1337 1563 1413 1597 701.
1442 1564 1486 1595 A.
1526 1586 1529 1588 -

984 1611 1075 1639 τοῖς
1102 1606 1178 1647 μὲν
1203 1605 1466 1650 γεγονόσι-
1487 1606 1566 1648 ἐγί-

938 1652 1083 1694 γνετο]
1117 1653 1211 1684 Male
1243 1653 1349 1692 vulgo
1375 1650 1568 1691 δεδομένον,

940 1698 1035 1739 quod
1057 1699 1187 1740 primus
1213 1698 1363 1729 correxit
1388 1697 1434 1729 St
1446 1697 1566 1740 epha-

938 1753 1031 1775 nus.
1078 1744 1155 1775 Hoe
1188 1744 1289 1775 dicit:
1320 1743 1395 1774 sed
1426 1743 1565 1775 decre-

937 1792 1023 1820 tum
1059 1793 1151 1820 erat
1186 1794 1227 1820 et
1264 1788 1440 1829 publice
1474 1798 1566 1820 con—

938 1835 1159 1873 stitutum,
1192 1838 1236 1864 ut
1267 1833 1354 1864 viri
1393 1833 1435 1864 in
1474 1834 1566 1865 doc·

938 1880 1086 1911 trinae
1110 1884 1148 1910 et
1171 1879 1462 1910 humanitatis
1479 1883 1563 1910 stu-

937 1925 1024 1956 diis
1051 1924 1215 1956 versati
1241 1924 1378 1956 tacite
1403 1924 1490 1965 ipsi
1513 1925 1565 1956 ad

938 1969 1064 2002 finem
1088 1980 1221 2011 usque
1245 1969 1469 2009 audirent,
1494 1979 1563 2010 pu-

938 2016 1000 2046 eri
1025 2019 1164 2047 autem
1188 2019 1229 2046 et
1250 2014 1498 2055 paedagogi
1523 2019 1564 2046 et

937 2070 1087 2101 magna
1112 2060 1267 2102 populi
1287 2059 1563 2100 turba‚virga

937 2106 1131 2137 ordinem
1168 2109 1389 2144 servante,
1431 2105 1562 2137 casti-

936 2151 1157 2191 gabantur.
1192 2150 1289 2182 Libr.
1323 2149 1385 2180 VI.
1418 2160 1451 2191 p.
1486 2150 1562 2184 781.

936 2195 984 2229 C.
1019 2193 1109 2227 ὅπου
1143 2193 1225 2237 μηδὲ
1247 2195 1400 2235 ξυσσίτια
1425 2191 1561 2235 ὑπάρχει

934 2239 1131 2296 τοπαράπαν
1155 2239 1341 2282 δεδογμένα
1362 2237 1443 2271 κατὰ
1464 2237 1561 2272 πόλιν

931 2281 1027 2318 εἶναι,
1075 2287 1268 2328 Xenoph.
1296 2285 1424 2326 Cyrop.
1446 2285 1500 2317 Vl.
1526 2287 1558 2321 2

932 2332 968 2366 9.
1005 2330 1208 2374 δεδογμένον
1239 2327 1273 2363 δ’
1302 2332 1354 2372 εἴη
1386 2330 1467 2362 πᾶσι
1491 2334 1560 2363 τοῖς

933 2375 1114 2418 συμμάχοις
1150 2377 1344 2418 βασιλεῦσι,
1388 2373 1475 2416 πάσῃ
1520 2377 1559 2416 τῇ

932 2420 1068 2462 δυνάμει
1115 2422 1256 2454 ἕκαστον
1302 2424 1465 2462 παρεῖναι.
1512 2422 1556 2453 al.

929 2464 1096 2509 Respexit
1131 2470 1244 2500 locum
1284 2466 1448 2499 Pollux
1490 2465 1557 2499 On.

930 2513 986 2545 ΙΙΙ.
1012 2513 1087 2547 143.
1115 2525 1146 2555 p.
1172 2513 1249 2548 348.
1280 2513 1466 2553 prudenter
1490 2522 1555 2543 nos

927 2558 1116 2591 admoneus
1136 2557 1194 2591 τὸν
1218 2555 1336 2602 ῥαβδςὸ
1362 2557 1555 2597 κοσμοῦντα

928 2614 996 2635 non
1028 2615 1102 2638 esse
1133 2606 1254 2643 alium,
1282 2603 1350 2635 nisi
1381 2603 1437 2644 qui
1469 2602 1550 2633 alibi

930 2655 1070 2681 vocatur
1108 2647 1126 2680 ό
1160 2647 1361 2691 ῥαβδοῦχος.
1417 2648 1552 2679 Etenim
