1612 2872
233 107 434 149 CXVIII
640 105 1114 149 PROLEGOMENA

232 215 361 268 nique
392 217 560 269 possint
596 229 692 256 cum
734 215 877 256 fructu
907 215 1207 270 philosophiae
1237 216 1339 260 dare
1373 229 1563 270 operam,

232 284 317 324 quo
356 270 529 311 tandem
578 269 939 324 quinquagesimo
989 271 1141 314 aetatis
1181 287 1294 315 anno
1342 278 1563 326 superato,

231 325 304 366 ubi
334 326 440 367 satis
471 325 629 365 exculti
660 331 704 364 et
734 324 889 366 eruditi
932 327 1174 379 evaserint,
1206 327 1262 369 ad
1301 325 1565 383 reipublicae

230 380 588 436 gubernationem
633 378 932 422 adhibeantur.
1001 397 1038 424 V.
1075 382 1189 424 Libr.
1221 383 1275 425 V.
1306 399 1348 438 p.
1380 384 1474 424 471.
1509 382 1565 423 D.

231 450 325 489 sqq.
358 435 438 476 VI.
470 451 511 489 p.
546 436 645 476 502.
679 433 729 475 C.
761 450 855 490 sqq.
888 436 940 477 al.

343 489 467 531 Haec
514 490 648 545 igitur
692 489 816 532 Plato
865 491 906 532 in
952 491 1070 533 libris
1121 491 1188 534 De
1232 491 1470 547 Republica
1511 491 1565 532 ‹le

234 545 363 586 variis
393 545 553 586 civium
583 545 807 588 ordinibus
837 561 1070 600 eorumque
1099 547 1383 590 institutione.
1443 546 1565 599 Quae

232 600 308 641 ubi
337 614 637 655 comparamus
666 615 764 642 cum
793 601 860 655 iis,
893 617 1003 656 quae
1033 603 1075 644 in
1106 603 1299 659 Legibus
1333 602 1385 644 de
1416 602 1566 644 iisdem

233 656 364 696 rebus
384 656 581 711 exposita
600 655 816 711 leguntur,
842 657 1064 699 Platonem
1087 659 1212 700 facile
1235 664 1415 714 apparet
1434 657 1567 699 multa

235 709 406 764 quidem
438 712 567 752 etiam
603 712 648 752 in
678 711 745 753 his
776 714 1022 766 mutavisse,
1052 728 1133 755 nec
1162 719 1305 756 tamen
1337 715 1398 754 ita
1427 719 1565 754 muta·

235 767 363 819 visse,
395 774 442 808 ut
483 766 708 822 pristinam
738 769 994 810 sententiam
1026 783 1077 810 ac
1105 770 1314 811 rationem
1344 784 1463 811 suam
1493 768 1566 809 de-

234 822 420 863 seruisse
482 822 791 864 existimandus
842 824 915 865 sit.
1002 824 1176 866 Etenim
1228 823 1568 866 accommodavit

235 877 519 932 philosophus
558 877 627 919 hic
668 893 838 932 quoque
877 879 1018 921 omnia
1062 880 1355 921 sollertissime
1386 879 1566 921 consilio

234 933 310 986 illi,
342 947 429 986 quo
468 933 685 974 civitatem
727 949 821 974 eam
850 935 1118 987 informavit,
1157 950 1267 989 quae
1297 933 1567 990 philosophis

235 987 557 1043 magistratibus
601 988 811 1030 destituta
855 1005 963 1045 opus
993 990 1150 1032 habeat
1200 991 1343 1046 legum
1392 990 1565 1042 auxilio,

235 1043 495 1096 omninoque
534 1042 590 1084 ad
631 1044 744 1085 vitae
775 1046 1015 1088 communis
1056 1046 1376 1088 similitudinem
1406 1046 1466 1086 ita
1494 1059 1566 1087 ac-

235 1098 378 1152 cedat,
410 1105 458 1139 ut
487 1099 765 1140 humanarum
796 1100 1018 1143 civitatum
1048 1101 1208 1157 optima
1237 1116 1330 1143 esse
1359 1101 1565 1142 videatur.

236 1154 390 1208 Itaque
429 1154 472 1196 in
510 1154 704 1210 Legibus
746 1156 862 1198 cives
900 1170 1003 1203 suos
1039 1162 1082 1198 et
1119 1156 1359 1198 custodiam
1401 1156 1565 1212 patriae

236 1224 363 1266 agere
393 1210 514 1252 iubet
544 1218 586 1251 et
616 1225 719 1251 vero
751 1211 878 1251 etiam
907 1212 1049 1254 facere
1079 1212 1406 1267 agriculturam,
1439 1226 1567 1265 quam

235 1266 278 1306 in
303 1265 440 1320 prima
469 1266 642 1307 civitate
661 1281 686 1306 a
706 1267 822 1307 tertii
842 1267 1008 1310 ordinis
1032 1267 1198 1309 civibus
1219 1268 1410 1309 exerceri
1430 1267 1567 1310 iussit.

236 1321 305 1362 Ne
354 1335 455 1362 vcro
495 1321 558 1362 illi
605 1329 681 1363 aut
723 1322 876 1363 artium
925 1329 968 1365 et
1006 1323 1274 1378 opificiorum
1321 1323 1566 1364 adiumento

237 1383 411 1418 careant
441 1383 515 1417 aut
543 1378 604 1418 rei
634 1377 854 1419 familiaris
895 1393 997 1420 cura
1026 1385 1070 1420 et
1096 1378 1297 1433 operibus
1342 1378 1511 1420 rusticis
1541 1392 1568 1419 a

238 1432 350 1473 vitae
381 1432 518 1473 civilis
549 1434 846 1475 communione
877 1440 920 1475 et
951 1434 1218 1489 publicorum
1240 1448 1461 1475 munerum
1491 1432 1565 1474 ad-

237 1487 552 1529 ministratione
582 1488 696 1529 iusto
727 1489 863 1544 magis
893 1489 1194 1532 abstrahantur
1221 1489 1288 1530 vel
1340 1489 1436 1530 lane
1465 1503 1566 1531 avo—

237 1549 411 1596 centur,
452 1543 683 1599 prudenter
714 1559 765 1586 eo
796 1543 934 1599 cavit,
966 1545 1082 1599 quod
1112 1545 1228 1600 agris
1258 1505 1447 1586 coiendis
1478 1558 1567 1585 ser-

238 1614 315 1640 vos
364 1599 492 1640 iussit
520 1599 716 1640 adhiberi
755 1599 923 1655 (Legg.⁴
958 1600 1064 1642 V11.
1108 1615 1148 1654 p.
1181 1601 1276 1642 806.
1318 1599 1413 1653 D.),
1452 1605 1567 1640 artes

238 1660 379 1695 autem
412 1654 598 1696 factitari
634 1669 659 1695 a
696 1656 930 1710 peregrinis
959 1663 1002 1697 et
1028 1655 1248 1709 inquilinis
1278 1655 1441 1707 voluit,
1474 1654 1566 1708 qui-

238 1710 318 1751 bus
361 1710 404 1750 in
443 1710 576 1751 altera
605 1710 777 1751 civitate
807 1725 886 1751 sua
916 1711 1066 1765 utique
1096 1710 1312 1752 concessit
1339 1709 1485 1751 sedem
1515 1723 1566 1751 ac

238 1763 499 1806 domicilium
538 1764 689 1818 (VIII.
721 1766 1055 1820 p.846—848.).
1129 1765 1344 1818 Quocirca
1373 1770 1567 1820 apertum

238 1826 318 1873 est,
351 1821 503 1862 cives
531 1821 643 1874 illos,
676 1835 784 1874 quos
813 1821 856 1862 in
888 1821 1081 1877 Legibus
1111 1821 1321 1873 instituit,
1352 1820 1440 1861 fere
1471 1834 1566 1862 esse

238 1875 426 1928 eosdem,
471 1876 545 1929 qui
595 1883 694 1917 sunt
741 1876 784 1917 in
824 1876 984 1930 optima
1021 1876 1195 1918 civitate
1244 1875 1451 1917 milites
1512 1881 1568 1916 et

239 1931 532 1984 custodes,
572 1932 656 1973 nisi
694 1931 810 1985 quod
851 1932 912 1972 illi
951 1939 1113 1988 partem
1145 1931 1414 1987 negotiorum
1445 1944 1565 1973 acce-

239 1992 396 2041 perunt
433 1987 547 2028 tertii
585 1987 742 2028 civium
780 1987 967 2041 ordinis,
1008 1988 1082 2041 qui
1121 1988 1164 2028 in
1194 1987 1275 2028 hac
1305 1985 1566 2027 constitutus

239 2049 318 2082 est.
391 2042 488 2083 Iure
528 2042 659 2098 igitur
699 2042 863 2085 mireris
903 2044 1116 2084 Astium
1150 2043 1214 2083 De
1246 2042 1350 2083 Vita
1378 2046 1422 2082 et
1451 2040 1566 2082 Scri-

240 2097 325 2151 ptis
359 2097 466 2138 Plat.
500 2112 542 2151 p.
572 2099 667 2139 386.
703 2099 841 2154 Leges
883 2099 1009 2139 etiam
1040 2097 1137 2139 ideo
1167 2095 1565 2159 reprehendentem,

240 2153 342 2205 quia
379 2153 423 2193 in
464 2153 517 2194 iis
556 2153 785 2208 peculiaris
823 2154 1003 2195 militum
1034 2152 1140 2194 ordo
1170 2151 1460 2204 desideretur,
1493 2166 1567 2205 qui

239 2207 283 2247 in
323 2207 562 2261 Republica
602 2207 710 2249 adeo
750 2208 964 2250 subtiliter
1002 2213 1285 2261 accurateque
1325 2206 1566 2261 descriptus

239 2263 309 2303 sit.
368 2262 481 2305 Sunt
511 2263 624 2304 enim
653 2264 698 2304 in
716 2263 908 2318 Legibus
939 2263 1054 2306 cives
1083 2262 1259 2318 ingenui
1289 2277 1436 2304 omnes
1464 2262 1566 2303 item

238 2317 412 2371 milites,
451 2333 592 2372 neque
631 2319 674 2359 in
716 2319 769 2360 iis
815 2318 1083 2362 desideratur
1127 2333 1269 2359 rerum
1322 2317 1565 2359 militarium

239 2374 479 2415 accuratior
509 2374 648 2416 deseri
682 2374 756 2416 tio.
787 2390 826 2416 v.
858 2376 995 2430 Legg.
1026 2373 1108 2416 VI.
1139 2388 1181 2427 p.
1211 2374 1305 2415 755.
1337 2387 1431 2426 sqq.
1461 2371 1566 2415 VII.

236 2443 280 2482 p.
311 2430 393 2471 814
434 2443 528 2483 sqq.
570 2430 635 2470 VI
668 2430 700 2472 Ι.
740 2445 781 2484 p.
827 2431 922 2472 832.
962 2443 1057 2483 sqq.
1098 2428 1207 2469 XII.
1257 2444 1298 2483 p.
1338 2429 1433 2470 943.
1472 2441 1565 2481 sqq.

237 2482 512 2538 Quamquam
541 2485 680 2540 magis
709 2485 837 2527 etiam
869 2486 1037 2537 mirum,
1076 2483 1194 2537 quod
1222 2482 1566 2525 Aristoteles

238 2538 408 2580 Politic.
449 2539 506 2580 ΙΙ.
546 2554 581 2581 c.
614 2542 652 2580 3.
699 2556 767 2576 =
801 2555 838 2582 c.
867 2543 904 2582 6.
937 2538 1006 2582 ed.
1045 2539 1231 2580 Bekker.
1272 2538 1444 2582 Platoni
1489 2552 1565 2592 op·
1611 2583 1612 2586 Ἴ

233 2594 410 2647 ¹probrio
442 2594 589 2646 vertit,
622 2594 736 2648 quod
768 2595 809 2636 in
842 2595 1034 2651 Legibus
1073 2595 1263 2649 quinque
1293 2592 1561 2645 milliamili}
1609 2602 1612 2649 ξ
