1612 2872
484 97 654 140 LIBRI
685 95 981 140 SECUNDI.
1336 98 1410 137 141

52 210 337 255 illiberalibus
380 211 629 254 hominibus
659 210 842 268 dignos3
884 210 1073 267 iungunt
1101 224 1233 267 porro
1264 223 1415 251 nume-

51 268 112 311 ris
150 269 505 325 generosioribus
546 275 679 324 atque
718 267 910 310 motibus
951 266 1137 311 subinde
1175 266 1415 310 orationem

51 331 97 368 et
126 325 304 368 modum
330 326 543 368 musicum
575 330 756 367 naturae
786 324 958 367 illorum
990 325 1304 375 reluctantem3
1336 323 1415 366 mi-

0 405 2 417 ÷
51 389 176 425 scent
214 397 346 426 voces
382 383 645 435 bestiarum,
689 382 912 424 hominum
951 388 997 424 et
1034 397 1297 439 organorum
1336 380 1413 423 mi-

0 439 3 451 '
51 440 256 494 seri-ime,
299 445 350 481 ut
379 440 564 482 imitatio
595 453 774 495 prorsus
804 446 952 481 careat
991 439 1181 490 unitate3
1224 437 1415 494 denique

51 496 265 538 violenter
304 495 542 550 divellunt,
585 511 696 551 quae
734 502 892 537 natura
928 510 1008 538 sua
1048 496 1282 538 coniuncta
1319 510 1415 538 esse

51 552 255 607 debeant,
287 553 580 609 exhibentque
611 567 816 595 numeros
846 559 891 595 et
916 559 1068 609 gestus
1102 568 1127 595 a
1156 552 1297 595 modis
1320 568 1415 594 mu-

49 611 152 654 sicis
181 617 435 667 separatos,
476 609 616 652 nudas
648 610 864 652 orationes
894 610 1094 652 versibus
1124 609 1413 664 includentes,

49 682 101 709 ac
143 667 335 710 vicissim
372 666 549 709 modum
588 672 632 708 et
669 682 897 709 numerum
935 667 989 708 ab
1030 667 1228 709 oratione
1272 667 1414 709 divul-

48 739 167 778 sum,
206 723 326 766 nudo
363 730 540 766 utentes
571 723 763 765 citharae
803 729 847 766 et
875 723 1009 765 tibiae
1040 730 1192 766 cantu:
1233 724 1279 765 in
1317 724 1413 778 qui·

47 781 132 824 bus
170 780 302 838 longe
342 787 410 823 est
449 780 754 822 difficillimum
791 781 1040 837 perspicere
1074 788 1118 823 et
1146 781 1410 837 intelligere,

20 886 23 889 p
50 837 157 893 quid
187 838 331 880 omnia
360 838 446 880 ista
474 837 666 880 habeant
693 838 920 894 proposita
958 844 1003 880 et
1033 853 1248 893 quaenam
1278 839 1324 879 in
1358 838 1412 880 iis

47 895 233 938 imitatio
265 901 483 938 cernatur.
543 895 760 937 Nimirum
798 893 1023 937 fatendum
1062 901 1131 938 est
1167 910 1300 949 sane,
1343 905 1411 938 to-

48 958 141 995 tum
190 951 310 994 istud
363 952 591 1008 negotium
630 952 807 1009 plenum
848 967 944 994 esse
987 953 1106 1009 turpi
1154 952 1314 994 inertia
1360 968 1411 994 ac

47 1009 260 1066 singulari
289 1009 534 1052 rusticitate
567 1010 629 1065 (p.
662 1011 758 1051 669.
788 1009 842 1051 B.
874 1034 931 1041 --
961 1011 1057 1051 669.
1089 1009 1179 1064 Ε.).
1204 1035 1260 1040 ——
1320 1008 1412 1052 Sed

45 1066 236 1109 redimus
268 1065 324 1108 ad
354 1066 586 1109 choreutas
615 1072 790 1108 nostros
816 1072 924 1108 natu
941 1067 1142 1110 maiores.
1200 1067 1299 1109 Hos
1329 1066 1412 1123 igi-

46 1130 119 1165 tur
155 1130 354 1180 apertum
390 1130 458 1166 est
494 1124 561 1166 vel
605 1123 801 1180 inprimis
833 1124 1098 1166 exercitatos
1141 1138 1238 1165 esse
1279 1139 1409 1180 opor-

45 1187 161 1234 tere,
205 1196 292 1236 quo
331 1181 502 1236 possint
533 1196 666 1236 quum
694 1195 898 1222 numeros
931 1187 975 1222 et
999 1181 1249 1223 harmonias
1281 1187 1410 1223 acute

47 1238 208 1279 sentire
240 1252 290 1279 ac
318 1238 571 1295 percipere,
611 1244 703 1279 tum
745 1238 1002 1280 imitationis
1032 1238 1260 1279 veritatem
1291 1245 1410 1280 recte

46 1295 350 1351 sapienterque
392 1310 659 1351 cognoscere
700 1301 744 1337 et
782 1294 990 1337 iudicare.
1058 1294 1173 1337 Nam
1213 1295 1409 1349 alioquin

45 1366 98 1393 ne
137 1357 344 1408 poterunt
383 1351 559 1407 quidem
598 1361 701 1408 apte
739 1351 955 1408 deligere,
1006 1367 1118 1407 quae
1157 1351 1408 1395 hominibus

44 1408 92 1450 id
128 1408 284 1451 aetatis
323 1409 611 1463 conveniant,
665 1424 867 1464 quaeque
915 1410 978 1451 ita
1020 1417 1273 1465 comparata
1312 1425 1408 1452 esse

45 1464 221 1520 debent,
253 1472 303 1507 ut
331 1466 401 1507 vel
430 1466 516 1522 ipsi
545 1473 752 1508 canentes
779 1467 969 1523 ingenua
992 1467 1194 1508 fruantur
1213 1467 1408 1509 oblecta-

44 1522 190 1576 tione,
228 1522 299 1564 vel
327 1523 520 1565 iuniores
552 1523 607 1565 ad
638 1539 804 1566 morum
837 1524 1097 1580 probitatem
1130 1530 1173 1565 et
1203 1523 1407 1566 honesta-

43 1585 131 1622 tem
161 1579 388 1622 colendam
430 1579 727 1634 adducantur,
770 1580 1127 1636 quandoquidem
1164 1581 1195 1622 ii
1233 1580 1408 1623 demum

42 1642 208 1679 rectum
239 1637 567 1692 sapientemque
587 1638 826 1680 carminum
858 1645 902 1679 et
931 1637 1158 1680 modorum
1190 1637 1406 1680 delectum

43 1692 298 1748 instituent,
342 1695 417 1749 qui
459 1710 609 1738 omnes
650 1694 873 1750 deligendi
914 1699 1091 1737 caussas
1131 1702 1176 1737 et
1214 1696 1406 1738 rationes

74 1757 293 1806 erspectas
331 1757 375 1792 et
412 1751 658 1806 exploratas
688 1751 878 1794 habeant
909 1753 972 1808 (p.
1006 1753 1104 1794 (369.
1136 1752 1190 1794 Ε.
1222 1778 1277 1783 -
1309 1754 1404 1795 670.

85 1807 131 1862 .).
161 1831 216 1837 -
273 1807 569 1863 Exposuimus
599 1808 827 1862 hactenus,
860 1810 1142 1863 quamobrem
1173 1810 1273 1852 talis
1302 1810 1406 1852 cho-

42 1878 117 1905 rus
146 1863 336 1905 virorum
367 1863 646 1918 adultiorum,
679 1865 805 1920 isque
826 1866 1003 1908 Baccho
1036 1866 1296 1919 destinatus,
1329 1882 1406 1908 ne-

45 1920 262 1962 cessarius
293 1919 506 1962 videatur.
552 1921 707 1976 Itaque
724 1937 840 1963 nunc
861 1938 991 1978 porro
1011 1922 1249 1976 videamus,
1275 1938 1407 1977 quae-

44 1991 144 2018 nam
175 1977 232 2019 sit
263 1976 355 2018 eius
398 1977 460 2018 rei
499 1977 609 2019 ratio
641 1984 682 2019 et
712 1978 895 2021 utilitas.
956 1977 1310 2021 Consentaneum
1341 1986 1408 2022 est

45 2038 214 2088 autem,
259 2033 508 2076 istiusmodi
550 2041 837 2088 conventum,
888 2035 1029 2089 qualis
1056 2041 1124 2078 est
1152 2043 1407 2093 compotan-

42 2089 166 2145 tium,
197 2090 427 2146 paullatim
461 2090 558 2132 fieri
588 2091 963 2134 turbulentiorem.
1022 2092 1139 2134 Nam
1170 2094 1407 2148 unusquis-

46 2162 130 2202 que
161 2147 290 2190 solito
321 2147 506 2189 calidior
543 2148 706 2190 maiore
739 2149 927 2204 quadam
959 2148 1137 2191 effertur
1166 2150 1334 2193 laetitia
1364 2157 1407 2193 et

45 2203 255 2246 alacriore
302 2203 519 2247 libertatis
569 2220 702 2248 sensu
752 2206 1021 2260 concitatur,
1069 2207 1133 2248 ita
1181 2213 1231 2249 ut
1269 2214 1407 2250 semet

41 2259 185 2302 isum
232 2266 359 2315 putet
408 2262 599 2304 omnium
648 2262 965 2305 moderatorem
1018 2279 1147 2319 posse
1205 2265 1404 2308 existere.

80 2316 136 2358 ed
166 2316 278 2358 fiunt
305 2316 408 2360 item
437 2319 679 2361 bibentium
714 2320 844 2361 animi
882 2320 1100 2363 molliores
1130 2336 1181 2364 ac
1214 2322 1404 2364 tenerio-

42 2388 135 2428 res,
166 2379 216 2415 ut
244 2388 341 2416 sese
370 2390 580 2431 perquam
610 2376 757 2419 faciles
797 2376 853 2418 ad
879 2376 1124 2420 ducendum
1161 2379 1405 2435 praebeant

41 2429 108 2484 ei,
150 2429 227 2485 qui
262 2430 381 2487 ipsos
421 2431 588 2490 fingere
629 2440 673 2475 et
714 2433 885 2476 erudire
928 2435 1045 2477 velit.
1106 2435 1258 2478 Talem
1298 2451 1403 2478 vero

39 2485 237 2529 fictorem
267 2493 399 2543 atque
429 2488 586 2532 ducem
615 2496 792 2546 oportet
825 2505 919 2534 esse
947 2491 1295 2548 legumlatorem,
1328 2508 1403 2535 cu-

38 2542 108 2586 ius
147 2549 216 2586 est
252 2543 388 2588 bonas
427 2545 539 2588 ferre
592 2547 712 2604 leges
752 2547 1024 2603 convivales,
1067 2550 1228 2605 quibus
1267 2549 1405 2591 omnis

39 2599 284 2657 petulantia
322 2606 366 2643 et
405 2601 740 2660 intemperantia
791 2604 1074 2660 prohibeatur
1130 2606 1403 2663 pudorisque

41 2672 194 2702 sensus
226 2657 451 2702 excitetur.
510 2660 683 2718 Legum
714 2667 855 2704 autem
884 2661 1056 2705 illarum
1087 2663 1295 2706 custodes
1325 2678 1406 2719 par
