1612 2872
239 97 320 139 346
716 93 1085 139 PLATONIS

237 209 483 265 βοηθήσειν
517 208 667 259 αὐτοῖς
702 208 858 252 οὐδένα
894 233 959 241 —
991 215 1262 267 μεμνημένοι,
1298 208 1353 259 ὡς
1375 208 1460 253 οὐδ’
1493 209 1563 253 ὅτε

239 276 288 319 τὸ
325 279 498 330 πρῶτον
535 270 683 326 ἦλθον
715 278 783 318 καὶ
821 274 874 317 τα
901 279 995 329 περὶ
1015 276 1243 331 Ἐρέτριαν
1263 277 1564 332 διεπράξαντο,

238 345 357 398 σφίσι
393 358 439 394 γε
478 340 616 389 οὐδεὶς
652 341 747 383 τότε
786 342 1035 396 ἐβοήθησεν
1061 341 1148 384 οὐδ’
1174 341 1437 385 ἐκινδύνευσε
1465 343 1565 396 ξυμ-

239 405 503 461 μαχόμενος·
550 405 715 448 ταύτὸν
750 409 801 458 δη
849 406 1114 461 προςεδόκων
1161 410 1231 449 καὶ
1268 407 1363 450 τότε
1398 408 1567 461 γενησε-

241 475 358 513 σθαι
408 470 458 514 τό
506 488 551 524 γε
586 471 697 513 κατὰ
735 475 831 527 γῆν.
871 475 942 515 καὶ
982 470 1093 516 κατὰ
1140 473 1378 514 θάλατταν
1423 473 1461 515 δ’
1511 468 1567 515 αὖ

242 539 391 579 πᾶσαν
427 537 621 590 ἀπορίαν
657 537 801 592 ἐώρων
835 543 1049 593 σωτηρίας
1084 540 1190 580 νεῶν
1219 541 1367 593 χιλίων
1401 544 1472 580 καὶ
1506 543 1569 580 ἔτι

244 601 436 645 πλεόνων
473 607 804 661 ἐπιφερομένων.
839 609 945 659 μίαν
981 604 1029 655 δὴ
1075 609 1289 658 σωτηρίαν
1323 604 1569 655 ξυνενόουν,

243 667 406 720 λεπτὴν
448 670 526 722 μὲν
569 672 640 711 καὶ
685 669 881 726 ἄπορον,
913 669 1053 723 μόνην
1098 669 1134 710 δ’
1185 663 1286 719 οὖν,
1330 671 1570 728 βλέψαντες

337 804 406 839 ὅιε
440 806 482 838 ιό
520 818 687 848 πρωτον
722 802 881 852 ἦλθον]
914 807 949 840 τὸ
983 806 1148 849 πρότεροι
1179 811 1216 840 Α.
1227 819 1256 841 x.
1291 809 1455 849 probante
1485 810 1569 841 bek-

245 853 327 884 kero
354 857 388 883 et
411 851 630 884 Schneidero.

336 897 376 928 B.
424 895 641 928 θάλαττα]
672 894 707 928 δ’
739 909 787 929 av
822 897 870 940 π.]
905 898 940 929 in
969 897 1046 929 Par.
1075 898 1117 928 A.
1147 897 1304 937 primitus
1338 895 1379 938 δὴ
1413 908 1445 929 π.
1479 900 1572 939 quod

247 943 385 973 reduxit
410 941 611 974 Schneider.
647 942 716 974 Sed
736 943 856 974 Bastio
880 947 967 975 teste
992 938 1024 973 δ’
1051 937 1094 973 αντ
1119 943 1161 974 ab
1187 943 1305 973 eadem
1329 952 1430 974 manu
1455 954 1571 984 super-

246 988 408 1028 scriptum
433 992 537 1020 extat
587 988 640 1019 Ex
665 998 733 1030 quo
756 989 921 1030 sequitur,
947 992 983 1019 ut
1007 987 1119 1019 scriba
1143 988 1287 1028 primum
1313 997 1334 1019 a
1358 992 1451 1020 recto
1475 990 1571 1020 aber-

244 1106 336 1147 quod
365 1107 442 1140 libri
474 1107 597 1140 habent
630 1106 730 1140 οὔτε
753 1106 816 1151 γὰρ
842 1109 875 1150 β.

244 1152 339 1184 Nihil
362 1154 448 1186 enim
475 1158 528 1185 est
554 1155 645 1193 quod
673 1154 880 1196 respondeat

245 1200 299 1230 isti
327 1196 415 1230 οὔτε.
441 1199 532 1231 conf.
562 1199 706 1231 Phaedr.
742 1211 773 1242 p.
800 1199 878 1234 278.

245 1238 286 1276 Ε.
309 1244 418 1285 Legg.
443 1244 511 1276 111.
545 1255 577 1285 ρ.
603 1244 679 1278 680.
707 1247 745 1276 A.
772 1247 815 1279 x.
847 1255 880 1287 ρ.

244 1289 323 1324 892.
353 1288 393 1320 D.
433 1299 464 1330 p·
491 1289 568 1323 902.
594 1289 640 1320 D.
690 1290 776 1321 Sunt
801 1300 883 1322 vero

251 1338 331 1370 haec
357 1334 408 1366 διὸ
443 1335 548 1373 μέσου
573 1336 705 1376 posita,
735 1335 766 1366 id
794 1334 884 1376 quod

246 1381 526 1423 interpunctionis
577 1380 764 1412 mutatione
813 1382 884 1421 pia-

248 1437 325 1460 num
352 1425 464 1457 facere
488 1425 601 1457 conati
636 1435 764 1457 sumus.
800 1425 884 1458 Nam

247 1471 349 1503 verba
376 1471 550 1512 sequentia
568 1496 575 1503 .
604 1470 819 1512 μεμνημένοι,
842 1468 885 1508 ὥς

252 1513 326 1550 οὐδ’
352 1513 408 1547 ὅτε
432 1516 516 1553 κτλ,
547 1518 574 1549 si
601 1518 737 1558 quidem
770 1518 884 1558 vulga·

248 1568 320 1595 rem
354 1565 509 1594 tenemus
543 1563 723 1594 verborum
763 1562 882 1593 distin-

249 1607 422 1643 ctionem
466 1606 648 1638 cohaerent
686 1616 761 1638 cum
803 1603 883 1660 ἠχή-

253 1662 355 1684 σαντο
387 1649 465 1682 οὔτε
495 1650 577 1683 κατὰ
609 1652 673 1703 γῆν
710 1661 768 1691 σφ.
797 1662 883 1682 ειναι

250 1697 418 1737 σωτηρίαν
456 1697 535 1727 οὔτε
582 1692 663 1728 κατὰ
699 1695 878 1728 θάλατταν.

249 1745 478 1782 (Quamquam,
504 1746 539 1772 ut
569 1751 683 1773 verum
705 1741 880 1781 satem-‚ita

251 1793 427 1830 postrema
458 1785 540 1819 haec
578 1787 732 1818 videntur
768 1788 882 1818 otiose

253 1834 354 1874 plane
383 1835 488 1884 atque
525 1832 670 1863 moleste
710 1831 880 1864 inculcari.

255 1879 379 1918 Itaque
405 1877 600 1908 universum
625 1877 735 1909 locum
762 1877 810 1908 sic
828 1886 879 1908 re—

250 1921 443 1963 fingendum
470 1931 661 1961 censemus,
686 1926 724 1953 ut
745 1921 823 1954 inde
838 1921 880 1953 ab

251 1968 449 2008 μεμιημὲνοι
474 1963 520 1997 uis
545 1962 619 1998 οὐδ’
645 1963 700 1998 ὅτε
728 1967 792 2000 κτλ.
821 1976 880 1998 no-

252 2023 328 2045 vum
366 2012 530 2044 orationis
562 2012 747 2044 membrum
781 2021 880 2044 exor-

251 2058 377 2097 diatur,
401 2061 503 2097 atque
518 2061 685 2090 commate
706 2060 785 2099 post
801 2056 881 2097 ξυμ-

251 2101 440 2143 μαχόμενοε
463 2102 589 2143 posito,
616 2102 695 2134 inde
721 2113 738 2134 a
764 2100 885 2134 ταύτὸν

252 2146 295 2190 δὴ
304 2148 466 2189 apodosis
476 2147 604 2179 initium
614 2148 736 2188 capiat.
747 2148 885 2189 Quippe

254 2194 315 2226 hac
337 2193 426 2225 facta
445 2193 623 2224 verborum
645 2193 884 2234 interpunctio—

252 2248 294 2271 ne
324 2242 433 2271 totum
465 2237 554 2270 istud
588 2238 794 2270 membrum:
829 2248 883 2277 με·

253 2282 411 2324 μνημὲνοι
435 2301 479 2306 -
504 2281 542 2313 τό
566 2293 604 2325 γε
628 2281 710 2314 κατὰ
731 2283 807 2325 γῆν,
827 2292 882 2314 su-

253 2328 663 2369 perioribusillustrandis
677 2329 814 2360 inservit
832 2331 881 2359 at-

252 2382 321 2414 que
345 2382 406 2404 usu
438 2373 510 2405 fere
537 2373 706 2406 constanti
732 2382 796 2405 non
822 2372 882 2404 ad-

255 2418 326 2450 dita
365 2416 430 2459 γάρ
467 2419 631 2458 particula
677 2418 884 2458 antegressis

254 2461 396 2495 accedit.
435 2462 510 2494 Hac
533 2473 614 2495 vero
647 2462 884 2495 emendatione

253 2509 398 2550 probata
424 2508 532 2539 iocum
562 2511 656 2548 patet
683 2507 884 2539 Germanice

256 2555 306 2585 sic
331 2562 409 2584 esne
429 2552 711 2585 convertendum:
741 2553 805 2585 als
824 2553 885 2584 sie

257 2597 472 2634 arsum-en,
498 2597 648 2635 dass—
669 2608 712 2630 so
734 2597 883 2638 glaub-

254 2641 884 2682 tensie‚dasswederzui,a==-

944 1108 995 1140 de
1025 1107 1131 1141 noch
1161 1118 1235 1140 zur
1269 1109 1353 1140 See
1380 1109 1574 1150 Rettuug

945 1155 1014 1187 fiir
1044 1154 1108 1186 sie
1134 1153 1322 1194 miiglich
1355 1155 1441 1194 sei3
1467 1156 1572 1186 deun

947 1200 1096 1232 keiuer
1139 1198 1274 1230 werde
1316 1197 1442 1230 ilinen
1485 1200 1574 1231 Bei-

949 1244 1073 1276 stand
1100 1243 1268 1275 ieisten.
1320 1243 1574 1285 Eingedenk

950 1287 1374 1328 namucmdansauch
1397 1289 1574 1328 damnis,

953 1336 1014 1367 ais
1069 1333 1134 1364 die
1183 1332 1346 1365 Feinde
1380 1344 1473 1366 zum
1516 1344 1574 1366 er-

954 1383 1047 1412 sten
1067 1379 1181 1410 Male
1206 1379 1353 1410 kamen
1375 1378 1454 1410 und
1479 1379 1576 1412 iene

954 1423 1168 1457 Unthaten
1204 1424 1242 1455 in
1284 1423 1452 1456 Eretria
1484 1434 1576 1456 ver-

954 1470 1101 1508 fibten,
1139 1467 1262 1500 ihuen
1292 1468 1501 1501 Niemand
1525 1479 1575 1502 zu

955 1514 1087 1546 Hiiife
1111 1514 1360 1554 gekommen
1386 1524 1465 1546 war
1497 1513 1574 1546 und

953 1563 1027 1591 mit
1074 1567 1122 1590 zu
1168 1558 1365 1600 kampfen
1413 1562 1576 1601 gewagt

952 1603 1082 1643 hatte,
1099 1604 1454 1643 erwartetensie‚
1477 1603 1575 1635 dass

950 1647 1060 1680 auch
1085 1646 1575 1681 damalsdasniimliehe

950 1693 1022 1725 der
1065 1691 1153 1723 Fal!
1193 1693 1283 1724 sein
1310 1693 1469 1731 wurde‚
1503 1704 1575 1726 we-

949 1738 1141 1779 nigstens
1166 1746 1217 1768 zu
1245 1737 1395 1771 hande.
1429 1737 1489 1770 Sic
1514 1739 1574 1780 igi-

949 1787 1003 1814 tur
1041 1781 1125 1812 haec
1163 1781 1372 1823 expedienda
1411 1792 1489 1815 esse
1521 1793 1575 1815 ar·-

951 1828 1124 1859 bitrnmur.

994 1871 1223 1912 χιλι’ων,καὶ
1256 1871 1315 1902 ἔτι
1345 1871 1576 1916 πλειόνων]

948 1917 1103 1957 „Classis
1127 1917 1312 1948 Persarum
1337 1919 1429 1949 mille
1458 1923 1493 1950 et
1516 1920 1576 1950 du·

948 1963 1578 2003 cantarumnaviumlongarumfuisse

949 2008 1098 2040 traditur
1135 2009 1176 2039 ab
1209 2008 1406 2040 Isocrate
1446 2009 1575 2050 Paneg.

950 2063 979 2085 c.
1003 2051 1131 2087 2627.
1153 2052 1208 2087 33.
1235 2052 1447 2085 Cornelio
1472 2054 1574 2096 Nep.

950 2099 1021 2130 Vit.
1053 2098 1174 2130 Them.
1205 2108 1234 2129 c.
1269 2097 1301 2130 2.
1333 2099 1577 2140 Aeschylus

951 2153 1033 2175 vero
1064 2142 1160 2174 Pers.
1192 2153 1224 2174 v.
1258 2141 1336 2176 339.
1372 2144 1576 2177 Herodot.

952 2189 1033 2220 VII.
1064 2187 1119 2222 89.
1154 2187 1371 2219 Plutarch.
1410 2189 1577 2222 Themist.

952 2244 979 2266 c.
1014 2232 1068 2267 14.
1098 2233 1143 2264 al.
1175 2233 1269 2264 mille
1298 2234 1522 2266 ducentarum
1545 2240 1578 2267 et

950 2282 1079 2320 septem
1110 2279 1248 2309 navium
1280 2288 1355 2311 eam
1384 2279 1493 2312 fuisse
1526 2290 1575 2312 re-

950 2324 1075 2355 ferunt.
1095 2333 1127 2354 v.
1145 2322 1327 2355 Stanlei.
1354 2325 1398 2356 ad
1411 2325 1574 2366 Aeschyl.

949 2370 970 2400 l.
996 2370 1049 2400 c.“
1075 2369 1244 2400 Aetius.

995 2411 1153 2453 λεπτὴν
1185 2413 1258 2452 μὲν
1289 2413 1355 2445 καὶ
1392 2411 1576 2454 ἄπορον.

950 2457 1078 2500 μόνην
1104 2456 1138 2489 δ’
1166 2453 1258 2489 οὔτ’
1268 2458 1466 2501 Jtenuem
1490 2460 1576 2500 qui-

951 2506 1040 2537 dem
1078 2505 1199 2536 illam
1236 2514 1281 2535 ac
1321 2504 1575 2540 difficilem

953 2554 1229 2582 veruntamen
1283 2559 1403 2580 uuam
1451 2554 1574 2580 εει-ιι.

955 2595 1135 2627 Postremo
1165 2595 1255 2626 enim
1287 2596 1373 2633 isto,
1405 2592 1512 2634 μόνην
1542 2591 1575 2624 δ’

955 2636 1032 2673 οὖν.
1064 2645 1298 2680 antegressum
1332 2641 1410 2677 μίαν
1441 2650 1514 2670 euni
1544 2642 1573 2670 vi
