1612 2872
248 113 300 153 70
711 110 1091 155 PLATONIS

247 226 431 279 ἡδονάς,
477 226 740 278 ἀνθρώποις
784 230 926 269 ἐνίοτε.
970 227 1224 271 παντάπασι
1272 236 1447 279 κακοῖς,
1501 233 1574 274 καὶ

248 294 328 345 τὴν
367 291 511 350 ψυχὴν
563 293 612 348 τῇ
648 297 726 344 μὲν
764 294 925 343 &ovim
971 295 1020 351 τῇ
1068 296 1111 335 δὲ
1147 297 1384 350 ἐλευθέραν
1418 295 1578 347 ἕξουσι-

247 363 317 401 καὶ
353 359 430 401 οὐκ
467 357 521 407 αξ

524 373 581 398 toa
617 355 765 406 ἁπλῶς
801 357 993 411 ἀνδρεῖοι
1028 362 1099 402 καὶ
1132 363 1370 415 ἐλευθέριοι
1398 365 1575 406 ἔσονται.

248 426 668 480 προςαγοοευεσθαι.
716 433 910 466 σκοπεῖτε
956 417 1058 474 οὖν,
1101 427 1139 468 εἴ
1174 444 1222 469 τι
1271 430 1356 470 τῶν
1393 431 1472 470 νῦν
1507 432 1572 471 λε-

245 495 436 545 γομένων
466 487 568 543 ὑμῖν
602 487 713 531 κατὰ
751 490 917 566 τρόπον
953 494 1068 534 δοκεῖ
1102 494 1322 545 λέγεσθαι.

355 557 453 598 ΚΛ.
497 558 621 597 Δοκεῖ
654 557 733 610 μὲν
767 554 870 610 ἡμῖν
913 561 957 608 γέ
994 574 1083 607 πως
1118 561 1350 613 λεγομένου
1388 562 1465 603 τοῦ
1500 562 1574 607 λό-

247 638 339 673 γου,
374 623 470 675 περὶ
505 622 548 662 δὲ
583 620 847 673 τηλικούτων
882 621 1021 673 εὐθὺς
1056 632 1381 669 πεπισῑευκέναι
1413 626 1573 685 ῥαδίως

246 687 305 741 μὴ
341 691 446 730 ’νέων
480 703 524 728 τε
559 680 584 745 ἶ]
620 690 789 741 μᾶλλον
823 705 894 730 και
931 688 1152 741 ἀνοήτων.

344 754 443 796 ΛΘ.
473 751 580 795 Ἀλλ.
621 758 657 795 ει
691 753 741 796 τὸ
776 753 884 808 μετὰ
919 757 1059 798 ταῦτα
1094 756 1319 811 διεξίοιμεν
1348 752 1409 800 ὦν
1433 758 1571 813 πρού-

337 902 584 944 ἐλευθέριοι
616 903 808 946 ἔσονται]
842 903 900 936 Sic
927 903 1003 937 Par.
1028 908 1073 938 A.
1102 903 1139 936 Ω.
1165 904 1194 937 h.
1222 905 1252 939 δ.
1277 917 1309 940 x
1333 919 1367 940 z.
1393 913 1429 942 et
1453 909 1571 952 steph.

248 948 278 980 in
304 959 409 990 marg.
458 953 544 981 Ante
572 949 763 980 Bekkerum
790 949 1004 981 scribebatur
1028 948 1215 991 ἐλεύθεροι.

339 994 377 1027 Ε.
401 992 453 1035 μή
482 996 582 1024 νέων
606 1005 647 1024 τε
672 1008 690 1034 ῃ
716 993 772 1035 μ.]
803 993 897 1026 Vett.
924 994 1020 1026 editt.
1045 995 1106 1036 εἴη.
1133 996 1245 1028 Recte
1273 996 1467 1030 Boeckhius
1489 1009 1569 1032 cou-

253 1040 435 1072 iuuctivum
461 1039 613 1079 requirit,
639 1048 740 1080 quem
766 1038 891 1079 liquido
916 1039 1076 1081 seriptum
1101 1039 1235 1074 exhibet
1258 1042 1335 1075 Par.
1363 1046 1402 1075 A.

319 1152 365 1192 τῇ
414 1150 487 1190 μὲν
524 1149 700 1192 δούλην,
746 1151 791 1191 τῇ
837 1149 879 1182 δὲ

249 1195 484 1238 ἐλευθέραν
507 1195 677 1237 ἕξουσι]
701 1196 791 1228 Nam
808 1206 878 1228 ser-

249 1254 327 1275 vum
363 1242 531 1274 habebunt
563 1243 726 1282 animuin,
757 1246 878 1283 quate-

249 1299 311 1321 nus
359 1288 582 1320 succumbent
633 1288 879 1329 voluptatibus;

250 1333 311 1366 sed
344 1332 487 1365 eundem
522 1333 663 1364 liberum
695 1332 878 1373 habebunt,

250 1383 418 1421 quatenus
443 1379 475 1410 iu
502 1378 603 1410 rebus
627 1378 782 1410 adversis
806 1382 880 1410 tue-

250 1424 374 1456 buntur
398 1423 641 1456 fortitudinem.
670 1442 712 1446 —
741 1418 880 1456 artinis·

251 1464 461 1511 ανδρεῖοι,
493 1468 523 1500 b.
552 1479 582 1500 e.
617 1468 684 1501 sic
716 1469 878 1510 simpli

251 1516 361 1548 citer
402 1525 448 1546 ac
487 1515 577 1546 sine
614 1515 706 1547 ulia
754 1524 878 1547 exce-

252 1561 412 1603 ptione.
461 1578 503 1582 —-
551 1554 653 1591 κατὰ
701 1557 878 1602 τρόπον,

251 1610 396 1645 recte,
444 1606 508 1636 rei
550 1608 880 1644 convenienter,

251 1656 289 1683 ut
320 1650 532 1687 sexcenties;
568 1649 600 1682 in
635 1660 699 1690 qua
737 1651 879 1682 formula

250 1699 346 1727 recte
397 1695 564 1727 omittitur
599 1695 778 1734 articulus,
822 1695 878 1726 ubi

250 1739 411 1781 simplicis
443 1739 593 1772 adverbii
631 1750 770 1772 munere
803 1740 878 1771 sun·

250 1786 357 1827 gitur,
390 1785 423 1817 id
450 1784 540 1826 quod
567 1786 666 1817 etiam
692 1786 723 1817 in
749 1783 802 1818 διὰ
829 1783 878 1816 ιε’-

251 1832 348 1867 λουε,
381 1828 435 1862 διὰ
467 1831 566 1871 βίου,
598 1832 690 1868 aliis,
730 1832 776 1863 ita
809 1829 880 1862 fiori

250 1877 392 1909 assolet.
440 1876 600 1908 Recurrit
630 1877 774 1910 formula
797 1875 880 1907 infra

250 1934 282 1964 p.
306 1921 383 1957 638.
411 1922 449 1953 C.
477 1921 553 1955 641.
582 1921 619 1953 Β.
644 1921 777 1956 681.Β.
802 1921 880 1955 687.

252 1970 291 1999 Α.
324 1967 400 2002 931.
436 1970 473 1998 Α.
509 1965 588 2000 942.
622 1970 665 1998 A.
697 1968 740 1999 ai.
798 1966 878 1999 Fre-

251 2015 455 2054 quentarunt
480 2012 622 2043 candem
639 2013 738 2045 etiam
765 2017 879 2055 poste-

250 2059 347 2091 rioris
372 2057 493 2089 aetatis
520 2058 714 2099 scriptores,
734 2069 763 2090 v.
790 2058 878 2090 Iso·

251 2107 354 2135 crat.
390 2102 432 2134 ad
473 2102 601 2134 Nicoci.
633 2113 661 2134 c.
695 2103 728 2136 2.
766 2105 879 2144 ibique

251 2148 467 2180 Coraium.
509 2149 620 2189 Epist
658 2148 791 2181 Socrat.
822 2147 877 2182 33.

251 2205 283 2235 ρ.
318 2193 373 2227 41.
406 2192 459 2225 ed.
502 2193 606 2226 Oreli.
657 2187 878 2227 lamblich.

253 2237 392 2270 Adhort.
427 2235 470 2268 ad
503 2238 580 2280 phil.
613 2249 643 2278 p.
669 2239 723 2273 20.
748 2243 782 2271 et
807 2240 878 2272 Vit.

250 2283 348 2325 Pyth.
375 2294 406 2325 p.
432 2282 510 2316 154.
538 2283 590 2315 ed.
616 2283 740 2317 Kiessi.
767 2286 808 2317 ai.

294 2329 336 2360 Ε.
383 2328 526 2363 Δοκεῖ
566 2328 641 2368 μὲν
695 2326 794 2371 ἡμῖν
842 2331 883 2372 γε’

251 2372 401 2415 nme—j
430 2373 560 2405 Nobis
577 2380 710 2415 certe,
731 2377 880 2407 nescio

250 2429 332 2461 quo
386 2419 527 2459 modo,
577 2420 638 2455 ita
686 2421 878 2461 videtur,

251 2465 345 2496 dum
370 2474 438 2497 res
466 2465 727 2506 explicatum
752 2466 877 2498 sedin

247 2510 381 2542 tantis
405 2509 535 2541 rebus
570 2510 630 2541 sic
656 2510 801 2543 statim
834 2510 877 2543 fi·

246 2554 338 2587 dem
364 2553 540 2593 habere,
569 2554 668 2587 vide
694 2566 739 2588 ue
763 2557 876 2588 iuve—

249 2609 344 2632 num
378 2600 526 2641 potius
564 2599 624 2632 sit
656 2604 694 2633 et
723 2601 876 2642 insipi-

249 2644 416 2678 entium.
446 2644 495 2677 De
521 2653 602 2683 nm,
628 2645 773 2679 nescio
797 2656 876 2687 quo

944 1149 1088 1192 modo,
1125 1161 1155 1183 v.
1186 1151 1228 1184 ad
1254 1151 1398 1187 Phaedr.
1453 1155 1571 1190 .235.

946 1197 983 1228 C.
1022 1195 1150 1246 Cratyh
1185 1208 1217 1238 p.
1240 1198 1317 1232 428.
1352 1198 1396 1233 G:
1435 1197 1484 1231 ὅτι
1516 1212 1572 1240 μοι

945 1250 1017 1273 πως
1047 1240 1214 1284 ἐπέρχεται
1248 1243 1353 1286 λέγειν
1384 1246 1447 1277 κτλ..
1482 1246 1573 1279 Men.

946 1287 1572 1332 Ρ..73Α..95Ε.Τίω.ρ..37Ε.

945 1331 1090 1365 Theaet.
1109 1344 1142 1376 p.
1159 1333 1234 1368 144.
1247 1335 1285 1366 Β.
1300 1335 1375 1370 777.
1395 1338 1441 1370 A.
1468 1337 1575 1370 Vitio-

946 1387 1019 1410 sum
1043 1378 1094 1419 εἴη
1119 1389 1207 1411 nuuc
1230 1385 1423 1415 correctum
1449 1393 1492 1415 ex
1514 1393 1574 1416 co-

946 1422 1079 1456 dicibus
1104 1423 1218 1457 habes.

990 1509 1087 1546 'AM‘
1110 1514 1147 1546 εἰ
1168 1514 1211 1546 τὸ
1228 1513 1330 1555 μετὰ
1355 1528 1381 1548 τ,
1402 1514 1574 1557 διεξίοι-

946 1562 1040 1598 μεν]
1095 1559 1176 1592 Sed
1216 1561 1249 1592 si
1276 1572 1422 1603 porro,
1456 1574 1482 1596 s.
1509 1564 1574 1597 de-

946 1604 1059 1642 inde,
1110 1607 1436 1640 consideremus
1478 1619 1574 1651 non-

946 1649 1064 1682 nulla
1089 1660 1252 1691 eorum,
1287 1662 1395 1693 quae
1419 1664 1575 1696 propo-

946 1695 1108 1727 suimus
1146 1714 1188 1718 —
1221 1706 1307 1729 nam
1358 1705 1453 1740 post
1492 1700 1573 1733 for-

947 1740 1175 1773 titudinem
1220 1741 1483 1776 disseramus
1519 1744 1574 1779 de

945 1785 1230 1826 temperantia
1255 1806 1296 1811 -—
1330 1789 1483 1830 ecquid
1516 1790 1573 1832 in—

948 1832 1164 1863 veniemus
1189 1833 1229 1864 in
1253 1832 1355 1865 istis
1379 1836 1575 1871 civitati.-

948 1876 1022 1908 bus
1083 1878 1243 1910 vestris
1297 1874 1572 1920 praestabili-

947 1930 1010 1962 us,
1041 1931 1157 1963 quam
1190 1923 1232 1956 in
1257 1923 1309 1955 iis
1335 1935 1435 1965 quae
1460 1926 1574 1959 nulla

946 1978 1038 1999 cum
1061 1968 1232 2001 ratione
1255 1969 1573 2012 gubernantur,

947 2013 1296 2054 quemadmodum
1315 2015 1438 2047 modo
1460 2019 1496 2047 in
1514 2027 1573 2048 re-

947 2059 1024 2090 bue
1041 2059 1335 2092 militaribus?
1356 2060 1572 2102 Locuspaul-

947 2104 980 2136 lo
1007 2103 1201 2144 obscurior,
1226 2105 1277 2136 cui
1303 2109 1428 2144 tamen,
1454 2110 1574 2139 tenore

945 2148 1180 2190 disputationis
1204 2149 1386 2191 diligenter
1412 2151 1574 2184 observa-

946 2199 998 2232 to,
1027 2193 1113 2226 facili
1138 2177 1286 2236 negoti?
1300 2201 1417 2237 optata
1437 2196 1497 2228 lux
1522 2196 1573 2229 af-

945 2239 1036 2272 fundi
1062 2243 1188 2293 potest.
1216 2239 1333 2280 ltaque
1358 2242 1499 2282 primum
1522 2247 1573 2275 te-

946 2283 1109 2325 nendum,
1142 2281 1163 2316 ἃ
1189 2282 1414 2326 προυθέμεθα
1436 2293 1572 2327 specta-

946 2339 982 2362 re
1006 2329 1047 2361 ad
1074 2331 1247 2371 superiora
1279 2330 1335 2364 illa
1360 2342 1394 2373 p.
1419 2330 1495 2365 632.
1527 2331 1574 2364 E:

946 2372 983 2416 ἐξ
1005 2371 1108 2416 ἀρχῆς
1134 2373 1258 2407 πάλιν
1245 2376 1358 2418 ἐμοιγε
1380 2375 1476 2408 δοκεῖ
1494 2377 1573 2419 χρῆ-

947 2431 1003 2452 ναι
1025 2418 1224 2460 διεξελθεῖν,
1250 2419 1405 2462 καθάπερ
1430 2421 1570 2464 ἠρξάμε-

946 2465 1006 2504 θα,
1030 2464 1068 2497 τὰ
1093 2467 1151 2508 τῆς
1173 2463 1329 2508 ἀνδρείας·
1348 2467 1481 2509 πρῶτον
1501 2466 1571 2501 ἑπι-

946 2509 1139 2552 ιηδεύματα,
1164 2512 1274 2544 ἔπειτα
1298 2511 1413 2554 ἕτερον
1437 2513 1490 2544 καὶ
1509 2524 1569 2545 αυ-

902 2591 907 2594 .
945 2555 1004 2588 θις
1027 2555 1141 2598 ἕτερον
1165 2553 1257 2590 εἶδος
1282 2561 1337 2598 τῆς
1362 2555 1482 2600 ἀρετῆς
1505 2556 1572 2590 διέ-

945 2601 1036 2643 ξιμεν
1060 2604 1124 2637 κτλ.
1159 2603 1236 2636 Vult
1259 2603 1360 2644 igitur
1382 2602 1572 2636 Athenien-

945 2648 990 2680 sis
1020 2648 1085 2681 iam
1117 2647 1158 2681 nd
1184 2648 1266 2682 alius
1301 2649 1432 2682 virtutis
1461 2650 1572 2682 consi-
