1612 2872
486 83 568 126 DE
604 81 878 126 LEGIBUS
911 88 991 124 etc.
1287 77 1399 122 CIII

54 200 120 243 De
163 199 405 256 Republica
443 199 485 240 in
525 199 712 240 maxima
750 194 1102 239 dissimilitudine.
1144 201 1287 236 tamen
1328 194 1400 234 mi-

52 258 165 304 nime
205 256 507 309 adversentur,
559 255 637 299 sed
689 254 726 297 si
766 268 975 297 summam
1025 252 1084 293 rei
1134 257 1399 309 spectemus,

52 314 226 381 egregie
291 319 546 369 argumento
611 318 656 355 et
724 310 908 354 consilio
976 308 1251 352 conveniant.
1340 307 1401 349 Et

53 372 123 414 hic
154 370 329 427 quidem
368 377 467 412 ante
509 370 654 412 omnia
685 384 738 412 ea
776 367 980 410 videntur
1023 364 1400 409 commemoranda

51 443 171 483 esse,
216 443 329 484 quae
359 427 416 469 ad
444 427 672 483 imperium
704 432 749 468 et
777 425 971 481 regimen
1002 423 1218 476 civitatis,
1260 421 1316 464 ad
1347 422 1397 463 fi-

51 501 149 528 nem
179 485 220 527 ei
248 484 538 542 propositum,
568 482 625 525 ad
654 482 931 538 disciplinam
961 480 1134 523 virtutis
1152 486 1285 535 atque
1307 479 1398 536 pie·

52 548 153 586 tatis
190 543 251 584 illi
289 548 422 584 attem
456 547 642 593 eratam,
683 540 857 594 aliaque
905 539 1088 593 similia,
1133 538 1397 594 pertineant,

50 598 401 655 quandoquidem
463 613 540 640 aec
574 597 721 640 omnia
749 595 962 639 eiusmodi
993 601 1118 650 sunt,
1150 594 1204 637 de
1236 594 1398 650 quibus

49 657 105 700 ad
136 657 250 699 hunc
278 670 419 710 usque
449 654 564 697 diem
594 656 638 697 in
668 654 810 696 varias
841 658 986 709 partes
1009 652 1277 710 disputatum
1303 666 1398 704 esse

47 714 319 772 exploratum
348 712 568 755 habemus.
1361 712 1366 716 ’

160 826 219 868 Et
255 826 394 869 forma
434 824 608 881 quidem
653 831 784 880 atque
824 824 1082 867 constitutio
1120 823 1312 866 civitatis
1353 823 1398 864 in

47 884 244 941 Legibus
287 883 532 939 descriptae
573 882 762 925 dubitari
801 897 888 924 non
927 887 1075 937 potest
1112 881 1218 936 quin
1259 879 1397 922 multo

47 941 173 983 aliter
194 941 429 983 constituta
452 941 524 994 sit,
546 955 676 996 quam
696 940 742 980 in
763 939 883 982 libris
915 938 1215 994 Reipublicae
1282 937 1397 980 Nam

46 1000 90 1040 in
121 999 285 1055 optima
325 997 501 1054 quidem
542 998 616 1039 illa
662 996 861 1050 civitate,
904 996 1045 1051 qualis
1082 997 1128 1037 in
1168 995 1235 1038 his
1273 995 1398 1037 libris

48 1056 328 1108 informatur,
377 1055 583 1110 quoniam
614 1053 794 1110 perfecti
826 1054 1043 1110 sapientes
1074 1059 1226 1095 tenent
1253 1053 1397 1108 reipu—

47 1113 185 1156 blicae
217 1111 586 1169 gubernaculum,
626 1111 1028 1166 aristocratia,
1069 1109 1155 1152 hoc
1186 1115 1275 1164 est,
1319 1111 1397 1151 im-

48 1170 215 1226 perium
259 1185 432 1223 eorum,
474 1169 548 1224 qui
590 1184 677 1211 non
718 1168 890 1225 generis
931 1168 1009 1211 sed
1041 1168 1213 1210 virtutis
1255 1177 1299 1210 et
1329 1181 1398 1210 sa-

49 1227 238 1283 pientiae
269 1226 482 1283 dignitate
545 1225 877 1268 raestantissimi
921 1226 1039 1278 sint,
1080 1225 1208 1267 unice
1254 1223 1398 1267 locum

49 1284 244 1332 obtinere
277 1290 438 1340 potest.
498 1243 719 1337 (Quocirca
747 1282 813 1325 his
837 1283 935 1326 unis
968 1282 1096 1339 etiam
1129 1297 1296 1325 summa
1326 1297 1395 1324 re-

48 1356 142 1383 rum
171 1346 367 1397 potestas
399 1346 466 1384 est
503 1340 681 1393 tradita,
713 1338 824 1382 adeo
854 1346 903 1382 ut
931 1355 986 1383 ne
1015 1339 1186 1396 legibus
1219 1338 1398 1394 quidem

47 1397 412 1454 opusvideatur,
452 1398 612 1453 quibus
654 1396 739 1454 ipsi
778 1397 824 1439 in
856 1397 1141 1454 gubernanda
1170 1396 1399 1452 republica

47 1462 249 1508 utantur,
299 1455 461 1512 quippe
492 1470 626 1511 quum
657 1454 812 1496 mentis
841 1455 1110 1510 rationisque
1151 1454 1194 1496 vi
1226 1460 1398 1496 tantum

47 1512 266 1570 polleant,
319 1519 366 1555 ut
415 1512 497 1554 hac
538 1528 624 1555 una
663 1514 906 1554 sustineant
947 1513 1085 1555 totius
1127 1511 1398 1568 reipublicae

43 1569 256 1613 ·salutem.'
312 1569 383 1612 De
420 1569 551 1613 variis
593 1575 737 1611 autem
775 1569 1040 1626 reipublicae
1085 1568 1398 1626 gubernandae

48 1627 291 1669 rationibus
320 1633 452 1683 atque
483 1627 647 1681 formis,
679 1626 837 1681 quibus
867 1627 1000 1684 vulgo
1030 1633 1212 1669 utantur
1244 1626 1398 1669 civita-

47 1690 136 1738 tes,
175 1680 397 1738 iudicatur
437 1684 548 1729 libro
579 1684 855 1738 octavo'sic,
896 1691 945 1726 ut
982 1684 1057 1727 uni
1097 1684 1161 1726 illi
1203 1684 1398 1739 optimae

49 1741 238 1795 civitati,
280 1742 446 1797 optimo
486 1741 649 1784 homini
681 1741 946 1795 simillimae,
993 1748 1396 1798 quattuonpravae

49 1798 313 1855 reipublicae
354 1813 515 1855 genera
556 1805 857 1856 opponantur,
908 1814 1020 1854 quae
1066 1799 1216 1841 eadem
1266 1799 1398 1840 etiam

49 1855 95 1896 in
125 1855 395 1911 singulorum
437 1855 657 1898 hominum
697 1856 883 1912 ingeniis
922 1863 1052 1912 atque
1091 1856 1284 1898 moribus
1325 1871 1398 1897 ex-

50 1926 202 1967 pressa
222 1918 477 1954 cernantur.
507 1913 853 1969 Distinguuntur
869 1913 1005 1970 igitur
1025 1913 1286 1968 timocratia,
1319 1912 1398 1954 oli-

50 1967 252 2025 garchia,
285 1967 551 2011 democratia
578 1976 623 2011 et
651 1970 864 2026 tyrannis,
897 1986 1079 2025 quarum
1112 1970 1257 2025 prima
1284 1970 1401 2011 inter

48 2031 278 2082 corruptas
310 2026 496 2082 optima,
542 2026 696 2068 ultima
723 2033 869 2068 autem
907 2027 1036 2084 longe
1067 2027 1260 2084 pessima
1286 2026 1400 2074 iudi-

50 2089 186 2125 catur.
253 2082 470 2125 Nimirum
510 2082 591 2125 hae
631 2098 780 2129 omnes
822 2084 998 2126 omnino
1038 2100 1117 2140 pro
1156 2085 1324 2127 vitiosis
1354 2090 1399 2126 et

51 2139 268 2195 corruptis
297 2139 536 2195 habentur,
576 2146 626 2182 ut
663 2140 783 2182 nulla
816 2155 961 2183 earum
994 2141 1249 2198 simpliciter
1279 2157 1396 2185 com-

53 2196 226 2252 probari
254 2211 306 2239 ac
333 2196 502 2239 laudari
532 2204 679 2253 queat.
748 2197 850 2240 Alia
881 2199 1025 2241 omnia
1054 2214 1157 2242 vero
1186 2199 1232 2242 in
1263 2199 1397 2256 Legi-

52 2253 134 2296 bus
165 2259 427 2296 statuuntur.
503 2256 554 2296 ln
585 2254 745 2310 quibus
776 2256 959 2311 primum
992 2256 1166 2311 quidem
1194 2272 1283 2299 non
1314 2257 1398 2298 ari-

53 2311 264 2353 stocratia
292 2326 430 2354 novae
449 2310 692 2355 destinatur
721 2312 905 2367 civitati,
937 2313 1013 2356 sed
1045 2314 1193 2371 potius
1214 2314 1398 2356 mixtum

53 2366 277 2422 quoddam
306 2368 474 2424 imperii
504 2384 669 2427 genuS,
713 2369 831 2424 quod
877 2371 1004 2425 quale
1041 2372 1123 2425 sit,
1164 2370 1396 2427 postmodo

53 2423 316 2477 videbimus3
350 2425 520 2469 ‘deinde
562 2442 662 2469 vero
702 2426 758 2469 de
796 2428 928 2471 variis
957 2429 1191 2486 generibus
1232 2445 1396 2471 rerum-

56 2481 327 2535 publicarum
357 2484 491 2526 multo
521 2484 649 2526 aliter
688 2483 906 2528 iudicatur
946 2493 1076 2542 atque
1122 2487 1174 2528 fit
1217 2486 1261 2528 in
1311 2486 1396 2528 Re-

86 2538 242 2603 ublica.
309 2539 422 2583 Nam
461 2547 512 2583 ut
555 2541 610 2584 de
651 2541 734 2583 hoc
770 2541 954 2599 primum
985 2543 1208 2598 dicamus,
1256 2544 1397 2600 Legg.

98 2594 177 2660 ibr.
218 2595 303 2638 III.
342 2613 383 2654 p.
422 2599 518 2641 678.
562 2599 600 2640 B
640 2614 735 2655 sqq.
776 2600 996 2657 regiminis
1041 2601 1204 2644 formae
1245 2599 1397 2644 ordine

55 2650 261 2709 deinceps
292 2653 379 2697 fere
408 2655 488 2698 hae
520 2663 837 2700 enumerantur.
905 2658 1094 2701 Primum
1136 2663 1398 2701 memoratur
1435 2656 1441 2660 ”
