1612 2872
222 101 275 141 98
703 95 1078 140 PLATONIS

221 213 276 264 ὡς
313 212 338 265 ἡ
377 212 500 261 πόλις
534 204 720 265 ὑμῶν,ὦ
758 212 955 264 Μέγιλλε,
977 210 1291 268 ἕῳασαν,ὴμᾶς
1326 211 1376 256 οὐ
1416 216 1557 263 καλῶς

222 268 250 331 ἢ
286 280 427 327 καλῶς
460 276 612 334 ἔρῥεξε,
635 301 691 307 -
724 278 865 318 ταῦτα
903 273 955 327 δὴ
992 275 1166 319 ἀκούων
1205 281 1275 320 καὶ
1311 279 1558 334 μαχόμενος

177 343 180 344 ’
224 343 334 400 πρὸς
368 342 482 385 αὐτοὶ
520 340 628 396 ὑπὲρ
664 339 787 396 ὑμῶν
822 342 889 384 ἀεὶ
935 341 1044 395 πρὸς
1079 341 1183 392 τοὺς
1219 341 1300 395 τὴν
1339 344 1467 387 πόλιν
1502 349 1560 394 εἰς

223 408 371 468 ψόγον
412 406 606 461 ἄγοντας
649 409 798 450 πᾶσαν
844 405 1020 449 εὔνοιαν
1067 411 1206 464 ἔσχον.
1250 412 1323 452 καί
1364 428 1441 464 μοι
1479 413 1560 452 νῦν

224 474 251 526 ἥ
289 491 333 516 τε
369 471 493 530 φωνὴ
531 471 774 531 προςᾳιλὴς
810 471 956 528 ὑμῶν,
994 472 1043 515 τό
1083 491 1127 517 τε
1163 473 1248 517 ὑπὸ
1286 478 1460 518 πολλῶν
1495 478 1560 518 λε-

225 538 424 594 γόμενον,
443 536 499 588 ὡς
518 537 616 581 ὅσοι
631 538 886 591 Ἀθηναίων
916 542 1022 582 εἰσιν
1057 539 1231 595 ἀγαθοὶ
1268 540 1562 600 διαφερόντως

318 702 358 736 Ι).
405 698 597 734 ἀκούσαι·
627 713 666 734 τε
703 703 769 734 καὶ
799 699 1152 746 ἀποδεξάμενος]
1186 703 1323 736 Inserui
1357 715 1390 735 τε
1414 715 1455 736 ex
1479 704 1560 737 Par.

228 849 285 883 11.
331 849 386 881 Ac
410 849 558 881 fortasse
583 850 685 882 etiam
713 851 750 882 in
779 859 860 890 pro-

228 895 331 926 ximis
366 895 601 936 reponendum
630 899 698 927 est:
723 891 862 926 ἀκούων

229 939 293 982 γὰρ
318 937 363 970 ἐκ
388 940 454 970 τῶν
478 938 607 971 παίδων
627 937 751 976 εὐθύς,
768 940 862 980 quod

229 985 361 1026 placuit
385 986 530 1016 Astio.
559 985 770 1017 Memoravit
803 995 863 1016 au-

230 1035 301 1062 tem
324 1028 610 1071 iamStephan.
635 1029 672 1061 ἐκ
699 1031 765 1061 τῶν
789 1031 862 1061 παί-

231 1074 302 1107 δων
326 1078 489 1116 tanquam
511 1085 583 1106 var.
608 1076 802 1107 lectionem.

278 1120 316 1152 C.
366 1117 418 1151 ὥς
457 1117 476 1162 ἡ
515 1118 638 1152 πόλις
675 1117 803 1159 ὑμῶν,
839 1115 866 1150 οὗ

233 1164 293 1203 Μ.,
330 1164 515 1205 ἔφασαν,
557 1162 631 1207 ἦμ]
681 1165 865 1197 Fervidius

231 1211 378 1252 loquens
402 1211 446 1242 ad
470 1215 599 1242 rectam
631 1212 757 1242 transit
787 1221 865 1242 ora-

231 1256 375 1295 tionem,
388 1256 595 1297 interposito
609 1255 752 1296 ἔφασαν.
775 1256 867 1288 Nam

233 1297 292 1340 ωε,
316 1301 416 1332 sicuti
443 1298 511 1341 ὅτι,
536 1311 628 1334 nunc
654 1306 768 1334 rectae
789 1311 867 1333 oru-

233 1346 323 1377 tioni
346 1347 590 1387 praemittitur.
638 1345 754 1384 lstud,
780 1343 867 1388 ἡμᾶς

235 1401 279 1422 ου
305 1391 413 1422 καλῶς
439 1389 459 1433 ἦ
483 1392 592 1423 καλως
612 1387 738 1435 ἔρρεξε,
754 1392 866 1423 iudice

232 1436 458 1468 Boeekhio
483 1447 518 1492 p.
537 1437 601 1476 70„
621 1437 866 1469 Laeonismum

235 1482 336 1522 sapit.
366 1481 456 1514 Nam
482 1479 586 1524 ῥέζειν
610 1482 728 1519 καλῶς,
746 1490 867 1518 namus,

235 1523 327 1563 καλά,
353 1524 450 1566 κακά,
476 1532 539 1559 etc.
586 1528 811 1559 Homericum
835 1532 869 1559 et

233 1572 459 1604 Pindaricum
497 1576 568 1612 est,
607 1573 709 1604 sicuti
749 1574 869 1604 docuit

234 1617 485 1658 Stephanus
519 1618 556 1649 in
585 1617 789 1657 Thesaur03
824 1617 866 1650 ab

234 1662 354 1693 Attico
394 1672 460 1693 usu
504 1672 648 1703 prorsus
691 1662 866 1693 abhorret.

236 1705 467 1744 Quamobrem
521 1707 580 1738 ille
633 1708 868 1738 ver=similiter

236 1752 374 1791 statuit,
402 1751 581 1783 Platonem
603 1751 689 1783 illud
714 1762 732 1783 e
755 1752 865 1783 Laco-

234 1797 314 1828 nico
362 1796 527 1828 Dorismo
578 1797 784 1837 arripuisse3
830 1798 867 1828 id

235 1841 330 1883 quod
374 1842 459 1872 satis
522 1842 614 1872 clare
659 1843 866 1882 interposito

236 1886 371 1926 ἔφασαν
395 1886 621 1927 significatur.

282 1928 382 1962 ὅσοι
410 1927 650 1972 Ἀθηναίων
679 1949 721 1953 --
763 1931 868 1973 λέγε·

238 1976 364 2017 σθαι]
399 1976 580 2008 Similibus
609 1976 772 2008 laudibus
808 1987 867 2017 pa-

232 2022 335 2053 triam
359 2031 399 2053 ac
422 2023 514 2053 cives
539 2032 621 2054 suos
642 2022 778 2053 extollit
791 2023 867 2062 phi-

234 2067 403 2107 losophus
433 2067 537 2098 etiam
560 2067 698 2098 Menex.
728 2077 760 2107 p.
787 2067 865 2100 240.

235 2111 380 2146 Cs237.
405 2112 449 2143 A.
481 2112 567 2143 Crit.
598 2122 631 2152 p.
665 2111 741 2145 109.
766 2111 805 2143 C.
830 2122 863 2153 p.

232 2156 311 2189 112.
344 2157 386 2188 E.
419 2157 510 2188 Tim.
541 2167 574 2198 p.
610 2156 665 2190 24.
700 2157 738 2188 C.
778 2167 866 2198 quos

231 2201 329 2232 locos
361 2203 462 2233 etiam
493 2201 744 2233 Boeckhius
775 2213 866 2233 com-

231 2247 380 2289 paravit.
434 2247 573 2278 Laudes
603 2248 773 2286 aliorum,
806 2248 866 2288 qui

235 2291 387 2325 Athenas
435 2297 626 2332 ornarunt,
674 2296 867 2323 memorant

233 2335 262 2369 C
282 2345 303 2368 a
319 2346 334 2367 s
349 2346 369 2368 a
385 2346 407 2366 u
425 2337 444 2368 b
461 2347 480 2368 o
501 2347 534 2368 n.
564 2337 609 2369 ad
635 2336 866 2378 Theophrast.

231 2379 338 2412 Char.
374 2381 405 2412 1.
441 2392 473 2424 p.
510 2381 564 2415 13.
603 2382 864 2414 Valckenar.

231 2426 277 2462 ad
299 2425 443 2463 Luciau.
495 2426 607 2460 ..346
629 2426 864 2460 42201811-

228 2480 313 2507 7er.
340 2470 436 2508 Orat.
463 2436 508 2507 de
522 2471 652 2503 Athen.
674 2482 707 2512 p.
725 2471 770 2506 33
787 2483 864 2513 sqq.

273 2515 378 2570 θείᾳ
419 2516 549 2557 μοίρᾳ
585 2513 756 2558 ἀληθῶς
796 2517 864 2548 καὶ

233 2557 329 2591 οὔτι
371 2561 589 2601 πλαστῶς-’5
629 2561 724 2594 Haec
759 2563 867 2594 verba

230 2605 436 2638 videbantur
466 2606 765 2638 Valckenario
801 2607 866 2641 Di-

229 2651 332 2683 atrib.
362 2651 398 2682 in
423 2651 548 2695 Eurip.
575 2650 715 2691 Fragm.
751 2662 783 2693 p.
810 2651 864 2686 41,

929 850 1271 890 interpretamentum
1320 851 1417 882 vocis
1462 847 1562 882 αὖτο-

930 895 1028 934 φυιῦς
1041 896 1218 926 continere
1235 896 1383 937 ideoque
1400 901 1564 938 tanquam

930 950 1187 980 supervacanea
1246 942 1418 973 eiicienda
1477 952 1563 975 esse.

931 984 1035 1022 Quod
1073 986 1211 1026 quidem
1248 987 1313 1016 viri
1347 988 1479 1027 egregii
1513 989 1564 1019 iu-

931 1030 1058 1061 dicium
1084 1031 1113 1062 si
1138 1041 1256 1062 verum
1282 1036 1384 1071 esset,
1407 1042 1565 1073 superse-

931 1076 1013 1107 dere
1047 1085 1229 1115 possemus
1260 1078 1381 1117 utique
1417 1079 1564 1110 molesto

933 1121 1075 1160 negotio
1102 1122 1322 1153 examinandi
1341 1132 1393 1161 ea,
1411 1133 1498 1163 quae
1523 1124 1566 1155 de

932 1166 999 1196 hoo
1023 1166 1103 1196 loco
1128 1175 1240 1206 nuper
1256 1167 1565 1200 disseruitZelle-

933 1221 1007 1242 rus
1034 1210 1188 1242 Studior.
1214 1211 1354 1243 Platon.
1372 1222 1405 1253 p.
1423 1213 1490 1246 109
1514 1224 1564 1254 sq.

932 1256 969 1287 Is
995 1256 1086 1287 enim
1111 1256 1205 1287 istud
1225 1256 1307 1299 θείᾳ
1334 1259 1436 1300 μοίρᾳ
1452 1259 1568 1300 inepte

934 1301 1003 1333 diei
1028 1305 1164 1340 censet,
1189 1307 1375 1343 propterea
1409 1305 1503 1344 quod
1527 1314 1568 1336 ea

933 1346 1086 1378 formula
1109 1356 1245 1387 semper
1270 1348 1483 1388 significetur
1498 1350 1566 1381 vir-

932 1396 1000 1431 tus,
1027 1402 1115 1432 quae
1140 1402 1245 1432 quum
1263 1403 1344 1424 casu
1357 1397 1391 1424 et
1407 1394 1567 1426 fortunae
1586 1421 1590 1426 .

933 1437 1101 1468 beneficio
1136 1437 1241 1469 alicui
1276 1438 1456 1479 obtigerit,
1495 1445 1566 1471 tum

934 1486 1050 1514 careat
1073 1483 1155 1514 item
1179 1483 1265 1514 recti
1288 1484 1433 1516 seientia
1457 1489 1566 1516 certa-

934 1537 1000 1568 que
1025 1527 1133 1558 officii
1158 1529 1396 1569 persuasione,
1422 1540 1567 1571 eamque

936 1572 979 1603 ob
1011 1582 1166 1604 caussam
1197 1583 1267 1604 non
1299 1574 1335 1604 in
1373 1575 1475 1606 laude
1507 1576 1568 1607 sed

936 1617 1010 1648 fere
1042 1618 1079 1648 in
1111 1618 1198 1648 vitio
1228 1623 1389 1658 ponatur.
1437 1620 1568 1652 Verum

934 1661 1112 1693 enimvero
1159 1672 1231 1693 non
1277 1668 1361 1703 puto
1409 1666 1569 1705 equidem

935 1707 1069 1738 Valok
1080 1707 1272 1738 enarium
1285 1714 1378 1740 recte
1393 1711 1567 1741 statuisse.

934 1750 1025 1783 Nam
1055 1756 1093 1782 ut
1122 1756 1255 1783 taceam
1284 1754 1326 1785 de
1360 1756 1567 1787 auctoritate

935 1797 1103 1835 codicum,
1135 1798 1193 1838 qui
1219 1798 1394 1838 vulgatam
1420 1801 1565 1841 scriptu-

934 1851 1008 1872 ram
1033 1843 1205 1873 communi
1226 1845 1455 1876 consensione
1467 1850 1566 1877 tuen-

934 1891 999 1928 tur,
1014 1887 1162 1927 primum
1188 1888 1326 1928 quidem
1351 1890 1463 1931 istud,
1486 1887 1566 1932 α’λη-

933 1930 1012 1962 θως
1044 1931 1098 1962 καὶ
1130 1929 1175 1963 οὔ
1211 1943 1239 1963 τι
1271 1934 1440 1972 πλαστως,
1474 1937 1568 1977 quod

933 1977 1059 2007 dieitur
1092 1980 1130 2007 ut
1162 1976 1317 2032 Sophist.
1348 1990 1381 2020 p.
1414 1980 1493 2013 216.
1526 1980 1564 2014 C.

933 2019 977 2062 μὴ
1003 2022 1156 2053 πλαστῶς
1191 2018 1257 2053 ἀλλ’
1291 2021 1399 2055 ὅντως
1424 2023 1565 2065 φιλόσο-

934 2075 1013 2106 φος.
1053 2066 1152 2107 Reip.
1187 2067 1251 2098 VI.
1282 2079 1304 2109 p
1350 2069 1429 2103 485.
1452 2071 1496 2102 D.
1522 2068 1566 2112 μὴ

933 2110 1172 2150 πεπλασμένως
1205 2108 1271 2142 ἀλλ’
1309 2110 1463 2155 ἀληθως,
1496 2117 1568 2148 alia

934 2157 1074 2195 similia,
1099 2156 1204 2197 longe
1229 2157 1323 2190 aliud
1349 2161 1432 2200 quid
1456 2162 1566 2201 signi-

932 2202 1012 2233 ficat
1051 2211 1151 2242 quam
1190 2207 1425 2243 antegressum
1464 2205 1565 2237 av’to-

934 2247 1043 2287 φυῶε,
1066 2246 1213 2287 ideoque
1237 2257 1307 2280 non
1332 2251 1446 2289 potuit
1469 2253 1566 2283 nasci

932 2301 975 2324 ex
987 2292 1284 2345 interpretatione.
1308 2293 1445 2327 Deinde
1463 2297 1566 2328 etiam

931 2336 1013 2390 θείᾳ
1035 2337 1137 2378 μοίρᾳ
1162 2341 1253 2369 certe
1286 2340 1363 2379 plus
1388 2344 1440 2372 est
1464 2351 1565 2382 quam

932 2369 1129 2421 αὐτοφυῶς,
1154 2383 1434 2424 quandoquidem
1454 2387 1565 2418 divini

929 2427 1088 2458 beneficii
1137 2426 1221 2458 facit
1267 2429 1443 2463 indicium.
1511 2433 1565 2463 Ac

931 2472 1139 2504 discernitur
1163 2476 1348 2527 utrumque
1372 2476 1475 2507 etiam
1488 2476 1564 2508 Me-

931 2527 1013 2549 11011.
1049 2520 1136 2548 extr.
1176 2513 1278 2558 ἀρετὴ
1317 2516 1360 2550 ἂν
1390 2520 1448 2574 εἴη
1485 2519 1564 2552 οὔτε

932 2559 1034 2603 φύσει
1069 2559 1149 2592 οὔτε
1178 2560 1353 2602 διδακτόν,
1378 2561 1456 2596 ἀλλὰ
1481 2565 1564 2607 θείᾳ

931 2607 1052 2663 μοίρᾳ
1070 2608 1343 2651 παραγιγνομένη
1381 2607 1463 2642 ἄνευ
1498 2611 1564 2641 νοῦ

933 2648 985 2683 οιε
1029 2648 1072 2684 ἄν
1118 2653 1373 2695 παραγιᾘγνηιαι
1436 2654 1563 2697 Itaque
