1612 2872
241 99 323 140 41‘2
723 98 1129 141 PLATONIS

342 216 441 255 ΚΛ.
480 212 630 265 μἸσιιις.

337 281 432 321 ΜΕ
513 281 600 320 Καὶ
634 277 722 332 μὴν
755 278 948 329 ξυννοῶν
982 294 1039 329 γε,
1074 271 1105 318 ὦ
1142 279 1242 328 ξένε,
1277 279 1357 331 τὴν
1392 285 1437 322 ὲν
1471 282 1566 322 Λα-
1610 290 1612 293 “

237 347 459 398 κεδαίμονι
494 345 715 385 πολιτείαν
752 343 832 387 οὐκ
874 346 953 398 ἔχω
987 358 1056 385 σοι
1088 343 1269 400 φράζειν
1305 344 1456 395 οὕτως,
1495 344 1568 395 ἣν·

240 426 335 452 τινα
373 407 708 463 προςαγορεύειν
742 406 884 459 αὐτὴν
917 411 990 451 δεῖ.
1012 411 1098 450 *καὶ
1135 407 1218 462 γὰρ
1253 414 1475 465 τυραννίδι
1498 413 1566 452 δο-

239 483 301 516 κεῖ
329 490 403 527 μοι
439 478 758 530 προςεοικέναι·
796 471 844 516 τὸ
883 472 967 530 γὰρ
999 476 1083 516 τῶν
1105 473 1277 531 ἐφόρων
1301 476 1569 530 θαυμαστὸν

236 539 294 588 ὠς
338 537 599 594 τυραννικὸν
641 545 687 582 ὲν
723 538 836 598 αὐτῇ
877 544 1046 594 γέγονε·
1090 543 1163 582 καί
1191 551 1271 590 ’τις
1314 545 1449 583 ἐνίοτέ
1492 554 1568 594 μοι

235 608 439 663 φαίνεται
473 607 623 647 πασῶν
659 608 744 647 τῶν
780 604 943 647 πόλεων
978 607 1365 660 δημοκρατουμένη
1399 605 1562 660 μάλιστ’

331 735 375 765 D.
423 745 493 765 και
525 742 585 764 τις
614 731 752 764 ἐνίοτέ
781 743 850 772 μοι
876 732 1092 774 φαίνεται]
1123 732 1320 773 Stephanus
1346 734 1441 765 dedit
1465 735 1571 768 καίτοι

240 778 347 811 §vium
372 790 390 810 κ
432 790 455 812 τ.
484 779 510 809 λ.
560 778 628 809 Sed
654 782 792 809 tuentur
819 779 877 809 καί
895 787 942 809 τις
971 777 1017 810 ἐν.
1045 789 1076 817 μ.
1102 789 1136 818 φ.
1163 780 1206 809 A.
1232 778 1272 810 Β.
1302 776 1338 811 Ω.
1365 778 1403 812 Ξ.
1427 790 1458 810 v.
1485 778 1510 810 f.
1535 778 1569 810 h.

242 836 269 856 r.
296 835 325 856 a.
351 835 379 855 o.
405 822 433 855 δ.
461 835 490 854 o.
514 833 546 854 x.
583 834 659 854 cum
688 823 768 854 And.
794 823 894 855 Bass.
921 825 952 857 1.
977 824 1027 863 2.,
1052 827 1089 854 ut
1112 823 1205 863 quod
1230 822 1426 864 Stephanus
1451 823 1571 862 edidit,

241 871 277 901 id
302 870 459 901 codicum
481 869 687 900 auctoritate
710 870 811 909 plane
834 869 1035 901 destitutum
1060 868 1228 900 videatur.
1271 868 1389 909 ltaque
1412 869 1572 909 deinceps

242 916 346 947 etiam
369 924 432 955 pro
459 913 755 955 δημοκρατουμένῃ
779 914 992 945 nominativo
1029 923 1109 945 casu
1136 914 1353 945 scribendum
1377 914 1573 954 putavimus

244 1024 357 1065 λέγεις,
380 1024 474 1065 quod
498 1034 602 1065 quum
626 1023 683 1055 alii
709 1025 789 1055 libii
815 1024 874 1055 ha-

245 1071 337 1109 bent,
362 1074 432 1100 tum
449 1069 529 1100 Bas
539 1070 599 1100 tio
626 1069 763 1110 quidem
787 1074 875 1101 teste

242 1117 345 1147 etiam
370 1115 449 1146 Par.
475 1116 519 1146 A.
547 1119 580 1146 et
604 1115 682 1146 Vat.
714 1111 751 1145 Ω.
777 1119 874 1146 tuen-

245 1167 311 1191 tur.
358 1160 544 1192 Praeterea
573 1169 637 1200 pro
669 1155 744 1190 οἷον
775 1157 817 1199 δὴ
848 1160 880 1191 u'

244 1206 403 1237 dedimus
427 1207 530 1236 etiam
542 1201 618 1236 οἷον
643 1202 685 1246 δή
712 1216 748 1235 τι.
788 1205 875 1240 Nam

246 1251 357 1304 quod
376 1251 501 1290 legitur
541 1250 687 1282 lheaet.
729 1260 762 1290 p.
800 1250 879 1284 206

246 1296 292 1327 E:
320 1291 397 1326 οἷον
423 1297 455 1326 τί
476 1294 599 1336 λέγεις;
623 1299 657 1326 et
680 1305 713 1335 p
728 1295 806 1329 208·

247 1337 324 1372 οἶον
349 1342 420 1371 τίνα
451 1342 542 1372 nvos·
574 1341 658 1380 ἔχεις
687 1351 742 1379 μοι
775 1338 879 1382 λόγον

246 1385 369 1424 elne-lm
397 1386 432 1416 id
465 1386 530 1417 huc
565 1386 686 1417 referri
716 1395 786 1417 non
815 1396 879 1427 po·

244 1436 322 1470 test,
348 1432 512 1472 quoniam
536 1432 584 1462 ibi
609 1427 685 1462 οἷον
709 1432 881 1471 significat

247 1477 608 1516 veluti,exempli
633 1477 788 1517 gratia.
814 1477 879 1508 His

245 1531 329 1554 νει-ο
354 1522 404 1552 ita
428 1522 616 1553 emendatis
645 1522 764 1552 omnia
787 1523 880 1553 clara

245 1567 332 1598 fiunt
369 1571 404 1598 et
440 1568 633 1608 perspicua.
680 1566 770 1598 Nam
803 1563 879 1598 οἶόν

247 1623 274 1642 τι
307 1610 411 1652 λέγεις
439 1612 566 1643 dicitur
605 1623 680 1643 eum
711 1613 878 1644 exclama-

245 1659 342 1688 tione
374 1661 479 1697 atque
509 1658 668 1688 mirantis
699 1661 761 1687 est.
809 1657 878 1687 Eu-

250 1702 388 1756 thyphr.
429 1712 461 1742 p.
493 1701 547 1734 15.
581 1702 633 1734 E:
670 1698 725 1732 οἶα
762 1705 880 1739 ποιεῖς,

251 1758 276 1777 ω
303 1745 423 1786 ἑταῖρεὲ
452 1742 513 1777 ἀπ’
542 1745 680 1778 ἐλπίδος
714 1757 752 1786 με
784 1758 880 1778 κατα-

252 1789 368 1832 βαλιύν
398 1789 542 1832 μεγάλης
573 1789 718 1846 ἀπὲρχξι.
772 1792 882 1823 Char-

252 1838 336 1869 mid.
375 1846 407 1877 p.
452 1837 530 1870 166.
570 1837 614 1868 C:
648 1833 739 1873 οἷον,
776 1832 817 1878 ἦν
847 1833 883 1867 δ’

252 1879 338 1924 ἐγω,
369 1885 477 1913 ποιεῖς
508 1878 716 1923 ἦγούμειος,
745 1882 779 1914 εί
804 1879 825 1913 ὅ
855 1893 883 1913 τι

252 1925 389 1966 μάλιστα
420 1927 458 1958 σὲ
487 1925 627 1970 ἐλέγχω,
658 1925 760 1958 ἄλλου
792 1925 883 1959 τινὸς

254 1973 350 2004 ἕνεκα
383 1971 537 2013 ἐλέγχειν.
585 1972 760 2004 Alcibiad.
795 1974 817 2005 Ι.
848 1983 883 2013 p.

254 2019 332 2052 113.
350 2019 396 2051 E:
424 2014 499 2049 οἷον
516 2019 616 2050 τοῦτο
642 2021 760 2049 ποιεῖς.
793 2018 885 2050 The-

250 2068 318 2096 aet.
353 2074 386 2104 p.
420 2063 497 2097 142.
522 2063 567 2094 B:
602 2060 678 2094 οἷον
702 2061 809 2104 ἄνδρα
834 2063 883 2093 λέ-

254 2117 323 2150 γεις
348 2107 385 2140 ἐν
410 2107 556 2151 κινδύνῳ
581 2105 676 2140 εἶναι.
711 2108 885 2140 Phaedon.

255 2152 361 2197 p.:61.
379 2154 425 2185 G.-
451 2151 527 2186 οἷον
541 2151 757 2195 παρακελεύει
773 2154 885 2184 τοῦτο.

255 2199 481 2241 Participium
536 2199 726 2241 βουληθεὶς
772 2204 885 2231 autem

255 2246 429 2285 quomodo
454 2246 717 2287 intelligendum
748 2246 811 2284 sit,
836 2245 884 2275 fa-

254 2290 320 2321 cile
355 2292 535 2331 apparebit
574 2301 616 2322 ex
645 2291 755 2322 hisce:
789 2289 886 2320 Libr.

255 2335 282 2366 1.
304 2345 336 2375 p
351 2335 429 2368 630.
447 2335 491 2368 C:
518 2347 544 2366 ιι
570 2333 723 2376 φανερὸν
748 2334 887 2375 ποιῆσαι

256 2379 446 2421 βουληθεὶς
484 2380 569 2422 λε’)ει
606 2380 886 2419 mfim;1v.p

258 2424 335 2460 722.
367 2425 420 2456 D:
454 2436 482 2456 τι
519 2422 612 2457 ταῦτ’
649 2427 784 2467 εἴρηκα·
815 2421 889 2455 τόδ’

256 2473 361 2502 ειπεῖι·
379 2470 578 2511 βουληθείς,
596 2469 644 2503 ὅτι
663 2482 690 2502 κ.
712 2482 736 2501 τ.
755 2472 780 2501 λ.
808 2459 888 2501 Phi-

257 2517 323 2548 leb.
355 2526 389 2556 p.
422 2515 477 2549 27.
511 2515 554 2546 C.-
587 2518 620 2547 τί
654 2527 734 2546 note
764 2515 889 2556 βουλη-

258 2561 378 2592 θέντες
386 2560 434 2592 εἰς
445 2557 540 2592 ταῦτ’
555 2557 753 2600 ἀφικόμεθα
762 2560 888 2601 ‚·Soph.

258 2618 291 2647 p.
322 2604 401 2640 226.
429 2605 480 2637 'Bt
512 2606 702 2647 βουληθεὶς
733 2604 891 2646 δηλῶσαι.

258 2653 302 2684 al.
351 2649 474 2693 Itaque
504 2653 677 2685 sententia
707 2652 891 2683 verborum

942 1025 1026 1056 haec
1041 1028 1107 1055 est:
1128 1023 1266 1061 Quale
1291 1025 1463 1055 tandem
1490 1024 1573 1054 tibi

943 1071 1008 1101 vis
1045 1074 1175 1110 atque,
1212 1069 1467 1109 significas!
1509 1069 1573 1100 dn-

942 1115 1059 1146 clara
1097 1124 1182 1145 rem
1229 1116 1354 1146 etiam
1398 1124 1572 1146 accura-

944 1161 1044 1198 tius3
1078 1158 1213 1191 veluti
1250 1160 1322 1191 dio
1357 1159 1574 1191 democra-

945 1206 1044 1236 tiam
1085 1205 1149 1235 vel
1184 1204 1472 1244 oligarehiam
1509 1204 1573 1234 vel

944 1251 1272 1282 aristocratiam
1308 1249 1393 1282 vel
1411 1249 1574 1303 regium

945 1295 1179 1336 imperium.
1245 1294 1336 1326 Nam
1378 1298 1458 1334 post
1500 1290 1576 1324 οἶνοι

945 1342 1059 1372 denuo
1085 1337 1189 1381 φράζε
1219 1339 1273 1370 vel
1302 1338 1375 1380 λέγε
1397 1349 1574 1371 assumeu

945 1387 1028 1418 dum
1054 1396 1141 1424 esse,
1164 1385 1266 1416 facile
1289 1384 1506 1424 intelligitur.

991 1431 1035 1462 D.
1084 1429 1160 1462 οὐκ
1190 1429 1267 1470 ἔχω
1301 1439 1367 1460 σοι
1399 1427 1578 1470 φράζειν

948 1473 1121 1516 οἵτως,]
1165 1485 1247 1506 ιιοιι
1285 1484 1453 1515 possum
1492 1474 1577 1505 tibi

948 1522 1012 1553 sie
1037 1520 1410 1552 statimindicare.
1439 1519 1578 1551 Plenius

947 1567 1029 1598 alibi
1054 1563 1166 1596 οὕτως
1189 1561 1258 1596 α’πὸ
1283 1563 1457 1603 στόματος.
1486 1564 1577 1595 The-

947 1616 1014 1643 aet.
1039 1618 1073 1651 p.
1099 1609 1177 1643 114.
1202 1610 1250 1640 D.
1276 1605 1358 1650 ἀτὰρ
1382 1610 1468 1639 τίνες
1493 1604 1579 1650 ἧσαι

949 1655 986 1687 οἱ
1004 1653 1122 1709 λόγοις
1147 1654 1237 1694 ἔχοις
1264 1651 1306 1684 α“ν
1331 1652 1579 1695 διηγήσασθαι,

949 1696 1023 1732 Ev.
1062 1697 1112 1732 Oti
1155 1696 1199 1738 μὰ
1234 1696 1294 1730 τὸν
1323 1699 1411 1735 Δι’,α
1448 1696 1579 1729 οὔκουι

951 1743 1041 1777 οὕτω
1056 1756 1093 1787 γε
1109 1741 1176 1776 απὸ
1191 1742 1365 1783 στόματος.
1386 1744 1577 1785 Xenoph.

949 1791 1052 1822 Mem.
1081 1791 1147 1821 111.
1171 1789 1209 1828 5,
1234 1790 1274 1822 9:
1306 1800 1371 1820 ουκ
1403 1786 1445 1820 ἂν
1476 1790 1583 1828 ἔχοιμί

951 1845 1006 1867 σοι
1032 1833 1122 1867 οὕτω
1148 1845 1185 1876 γε
1199 1830 1266 1865 α’πό
1285 1833 1449 1873 στόματος
1463 1833 1578 1865 εἰπεῖν.

951 1881 1059 1913 Sicuti
1090 1881 1158 1912 hoo
1187 1881 1283 1918 loco,
1309 1879 1418 1921 Gorg.
1443 1890 1476 1920 p.
1502 1877 1580 1913 464.

950 1926 996 1959 B:
1025 1924 1135 1957 οὕτως
1151 1921 1327 1965 ὀνομάζειν
1344 1921 1408 1956 οὐκ
1423 1924 1485 1964 ἔχω
1512 1933 1578 1955 σοι.

950 1972 1102 2003 Pbaedr.
1128 1981 1161 2025 p.
1184 1970 1262 2003 235.
1279 1970 1324 2001 C:
1350 1970 1413 2001 νῦν
1437 1968 1493 2008 μὲν
1518 1965 1579 2000 οὕ-

951 2025 1016 2048 τως
1041 2013 1104 2048 οὐκ
1129 2016 1191 2056 ἔχω
1223 2014 1339 2048 ειπεῐν.
1387 2015 1473 2046 Mox
1498 2018 1580 2046 sect.

951 2063 993 2094 Ε.
1008 2063 1050 2093 ab
1084 2063 1161 2103 ipso
1184 2060 1390 2092 Atheniensi
1414 2060 1582 2091 formulae

951 2117 1074 2139 sensus
1107 2107 1301 2138 declaratur
1329 2105 1485 2136 uberius·
1517 2101 1583 2146 ἐγώ

953 2151 988 2184 δὲ
1023 2150 1114 2183 οὕτω
1145 2151 1208 2182 νῦν
1239 2149 1411 2204 ἐξαίφνης
1433 2147 1475 2180 ἄν
1499 2148 1581 2203 ἐρω-

954 2197 1070 2239 ιηθεις
1105 2193 1229 2233 ὅπως,
1263 2205 1345 2236 οπερ
1380 2190 1494 2231 εἷπον,
1519 2205 1583 2226 ουκ

953 2243 1015 2284 ἔχω
1042 2238 1276 2282 διορισάμενος
1300 2239 1415 2277 εἰπεῖν,
1427 2241 1480 2271 τίς
1505 2237 1582 2271 τού-

955 2300 1019 2319 των
1050 2286 1118 2318 ἐστὶ
1149 2287 1214 2317 τῶν
1251 2286 1434 2317 πολιτειῶν.
1482 2284 1583 2323 Quod

954 2334 1115 2374 congruit
1153 2333 1226 2363 fere
1262 2342 1338 2363 cum
1367 2330 1511 2362 Theaet.
1549 2340 1583 2370 p.

954 2378 1032 2413 158.
1057 2378 1098 2408 B:
1125 2377 1160 2407 εἴ
1177 2385 1224 2407 τις
1249 2377 1360 2418 ἔροιτο
1386 2376 1449 2406 νῦν
1475 2372 1585 2406 οὕτως

956 2423 991 2456 ἐν
1030 2424 1075 2464 τῷ
1115 2421 1265 2462 παρόν.τι
1336 2421 1416 2452 Alia
1453 2421 1586 2452 dabunt

956 2468 1199 2502 Markland.
1238 2467 1282 2498 ad
1319 2467 1462 2497 Maxim.
1501 2464 1584 2504 Tyr.

955 2514 1054 2546 XVI.
1079 2514 1109 2546 1.
1138 2511 1405 2543 etscilaefer.
1430 2511 1475 2542 ad
1498 2510 1584 2540 Dio-

957 2569 1030 2600 nys.
1053 2559 1105 2590 De
1132 2567 1282 2598 compos.
1311 2557 1444 2588 verbor.
1461 2566 1494 2596 p.
1507 2553 1585 2587 480-

1004 2604 1071 2636 καὶ
1105 2601 1184 2644 γὰρ
1216 2599 1435 2641 τυραννίδι
1467 2599 1587 2630 δοκεῖ

959 2661 1026 2689 μοι
1054 2667 1093 2672 —-
1111 2650 1122 2687 Ι
1146 2648 1400 2690 Rempublicam
1416 2646 1442 2678 1.
1444 2645 1582 2676 aeedae-
