<?xml version="1.0" encoding="UTF-8"?>
<!DOCTYPE html PUBLIC "-//W3C//DTD XHTML 1.0 Transitional//EN"
    "http://www.w3.org/TR/xhtml1/DTD/xhtml1-transitional.dtd">
<html xmlns="http://www.w3.org/1999/xhtml" xml:lang="en" lang="en">
 <head>
  <title>
</title>
<meta http-equiv="Content-Type" content="text/html;charset=utf-8" />
  <meta name='ocr-system' content='tesseract 3.04.00' />
  <meta name='ocr-capabilities' content='ocr_page ocr_carea ocr_par ocr_line ocrx_word'/>
</head>
<body>
  <div class='ocr_page' id='page_1' title='image "./s1operaomniarece10platuoft_0440.png"; bbox 0 0 1612 2872; ppageno 0'>
   <div class='ocr_carea' id='block_1_1' title="bbox 255 110 451 268">
    <p class='ocr_par' dir='ltr' id='par_1_1' title="bbox 255 110 451 268">
     <span class='ocr_line' id='line_1_1' title="bbox 255 110 338 151; baseline 0 0"><span class='ocrx_word' id='word_1_1' title='bbox 255 110 338 151; x_wconf 76' lang='lat'><strong>260</strong></span> 
     </span>
     <span class='ocr_line' id='line_1_2' title="bbox 315 200 451 268; baseline 0.007 -1"><span class='ocrx_word' id='word_1_2' title='bbox 315 200 319 205; x_wconf 65' lang='grc'>’</span> <span class='ocrx_word' id='word_1_3' title='bbox 359 227 451 268; x_wconf 72' lang='grc' dir='ltr'><strong>ΑΘ,</strong></span> 
     </span>
    </p>
   </div>
   <div class='ocr_carea' id='block_1_2' title="bbox 760 108 1132 153">
    <p class='ocr_par' dir='ltr' id='par_1_2' title="bbox 760 108 1132 153">
     <span class='ocr_line' id='line_1_3' title="bbox 760 108 1132 153; baseline 0.011 -4"><span class='ocrx_word' id='word_1_4' title='bbox 760 108 1132 153; x_wconf 82' lang='lat' dir='ltr'>PLATONIS</span> 
     </span>
    </p>
   </div>
   <div class='ocr_carea' id='block_1_3' title="bbox 524 224 1576 281">
    <p class='ocr_par' dir='ltr' id='par_1_3' title="bbox 524 224 1576 281">
     <span class='ocr_line' id='line_1_4' title="bbox 524 224 1576 281; baseline 0.002 -14"><span class='ocrx_word' id='word_1_5' title='bbox 524 224 696 272; x_wconf 81' lang='grc' dir='ltr'><em>Πόλεως</em></span> <span class='ocrx_word' id='word_1_6' title='bbox 730 227 774 266; x_wconf 79' lang='grc' dir='ltr'><strong>δὲ</strong></span> <span class='ocrx_word' id='word_1_7' title='bbox 808 228 879 267; x_wconf 81' lang='grc' dir='ltr'><strong>καὶ</strong></span> <span class='ocrx_word' id='word_1_8' title='bbox 905 228 1121 274; x_wconf 81' lang='grc' dir='ltr'><strong><em>πολιτείας</em></strong></span> <span class='ocrx_word' id='word_1_9' title='bbox 1154 231 1248 281; x_wconf 81' lang='grc' dir='ltr'><strong><em>πὲρι</em></strong></span> <span class='ocrx_word' id='word_1_10' title='bbox 1282 229 1351 268; x_wconf 77' lang='grc' dir='ltr'><strong>καὶ</strong></span> <span class='ocrx_word' id='word_1_11' title='bbox 1386 229 1576 281; x_wconf 76' lang='grc' dir='ltr'><strong><em>νομοθε·</em></strong></span> 
     </span>
    </p>
   </div>
   <div class='ocr_carea' id='block_1_4' title="bbox 258 285 1581 413">
    <p class='ocr_par' dir='ltr' id='par_1_4' title="bbox 258 285 1581 413">
     <span class='ocr_line' id='line_1_5' title="bbox 259 285 1581 347; baseline 0.001 -14"><span class='ocrx_word' id='word_1_12' title='bbox 259 295 367 346; x_wconf 83' lang='grc' dir='ltr'><strong><em>σίας,</em></strong></span> <span class='ocrx_word' id='word_1_13' title='bbox 402 286 463 332; x_wconf 80' lang='grc' dir='ltr'><strong><em>ὧν</em></strong></span> <span class='ocrx_word' id='word_1_14' title='bbox 497 293 577 332; x_wconf 85' lang='grc' dir='ltr'><strong>νῦν</strong></span> <span class='ocrx_word' id='word_1_15' title='bbox 613 288 634 332; x_wconf 85' lang='grc' dir='ltr'><strong>ὁ</strong></span> <span class='ocrx_word' id='word_1_16' title='bbox 669 289 795 344; x_wconf 81' lang='grc' dir='ltr'><em>λόγος</em></span> <span class='ocrx_word' id='word_1_17' title='bbox 830 289 931 344; x_wconf 78' lang='grc' dir='ltr'><strong><em>ἡμῖν</em></strong></span> <span class='ocrx_word' id='word_1_18' title='bbox 965 295 1248 347; x_wconf 76' lang='grc' dir='ltr'><strong><em>παρέστηκεν,</em></strong></span> <span class='ocrx_word' id='word_1_19' title='bbox 1285 285 1349 347; x_wconf 79' lang='grc' dir='ltr'><strong>ἆρ’</strong></span> <span class='ocrx_word' id='word_1_20' title='bbox 1389 291 1446 341; x_wconf 80' lang='grc' dir='ltr'><strong>ὡς</strong></span> <span class='ocrx_word' id='word_1_21' title='bbox 1482 295 1581 342; x_wconf 75' lang='grc' dir='ltr'><strong><em>ἔπος</em></strong></span> 
     </span>
     <span class='ocr_line' id='line_1_6' title="bbox 258 355 1434 413; baseline 0.002 -15"><span class='ocrx_word' id='word_1_22' title='bbox 258 363 389 399; x_wconf 74' lang='grc' dir='ltr'><strong><em>εἰπεῖν</em></strong></span> <span class='ocrx_word' id='word_1_23' title='bbox 424 355 618 409; x_wconf 68' lang='grc' dir='ltr'><strong><em>οἰόμεθα</em></strong></span> <span class='ocrx_word' id='word_1_24' title='bbox 650 358 723 398; x_wconf 85' lang='grc' dir='ltr'><strong>καὶ</strong></span> <span class='ocrx_word' id='word_1_25' title='bbox 755 355 931 411; x_wconf 81' lang='grc' dir='ltr'><em>μνήμην</em></span> <span class='ocrx_word' id='word_1_26' title='bbox 966 356 1072 399; x_wconf 82' lang='grc' dir='ltr'><strong><em>εἶναι</em></strong></span> <span class='ocrx_word' id='word_1_27' title='bbox 1109 356 1158 399; x_wconf 83' lang='grc' dir='ltr'><strong>τὸ</strong></span> <span class='ocrx_word' id='word_1_28' title='bbox 1194 359 1434 413; x_wconf 62' lang='lat' dir='ltr'><strong>antoninam</strong></span> 
     </span>
    </p>
   </div>
   <div class='ocr_carea' id='block_1_5' title="bbox 355 421 748 476">
    <p class='ocr_par' dir='ltr' id='par_1_5' title="bbox 355 421 748 476">
     <span class='ocr_line' id='line_1_7' title="bbox 355 421 748 476; baseline 0.008 -13"><span class='ocrx_word' id='word_1_29' title='bbox 355 423 454 465; x_wconf 83' lang='lat' dir='ltr'><strong>KA.</strong></span> <span class='ocrx_word' id='word_1_30' title='bbox 524 421 748 476; x_wconf 78' lang='grc' dir='ltr'><strong><em>Οὐδαμῶς,</em></strong></span> 
     </span>
    </p>
   </div>
   <div class='ocr_carea' id='block_1_6' title="bbox 257 487 1578 677">
    <p class='ocr_par' dir='ltr' id='par_1_6' title="bbox 257 487 1578 677">
     <span class='ocr_line' id='line_1_8' title="bbox 357 487 1577 542; baseline 0.002 -14"><span class='ocrx_word' id='word_1_31' title='bbox 357 488 453 530; x_wconf 86' lang='grc' dir='ltr'><strong>ΑΘ.</strong></span> <span class='ocrx_word' id='word_1_32' title='bbox 525 487 695 530; x_wconf 71' lang='grc' dir='ltr'><strong><em>Οὐκοῦν</em></strong></span> <span class='ocrx_word' id='word_1_33' title='bbox 741 487 783 540; x_wconf 73' lang='grc' dir='ltr'><strong>ἐξ</strong></span> <span class='ocrx_word' id='word_1_34' title='bbox 825 490 993 530; x_wconf 73' lang='grc' dir='ltr'><strong><em>ἐκείνων</em></strong></span> <span class='ocrx_word' id='word_1_35' title='bbox 1038 489 1123 530; x_wconf 80' lang='grc' dir='ltr'><strong><em>τῶν</em></strong></span> <span class='ocrx_word' id='word_1_36' title='bbox 1157 490 1429 542; x_wconf 78' lang='grc' dir='ltr'><em>διακειμένων</em></span> <span class='ocrx_word' id='word_1_37' title='bbox 1465 487 1577 533; x_wconf 80' lang='grc' dir='ltr'><strong><em>οὕτω</em></strong></span> 
     </span>
     <span class='ocr_line' id='line_1_9' title="bbox 258 551 1578 608; baseline 0.003 -14"><span class='ocrx_word' id='word_1_38' title='bbox 258 553 309 594; x_wconf 78' lang='grc' dir='ltr'><strong>τά</strong></span> <span class='ocrx_word' id='word_1_39' title='bbox 345 554 424 595; x_wconf 87' lang='grc' dir='ltr'><strong>νῦν</strong></span> <span class='ocrx_word' id='word_1_40' title='bbox 457 559 630 608; x_wconf 70' lang='grc' dir='ltr'><strong><em>γέγονεν</em></strong></span> <span class='ocrx_word' id='word_1_41' title='bbox 663 551 766 608; x_wconf 86' lang='grc' dir='ltr'><strong><em>ἡμῖν</em></strong></span> <span class='ocrx_word' id='word_1_42' title='bbox 800 553 1048 608; x_wconf 79' lang='grc' dir='ltr'><em>ξύμπαντα,</em></span> <span class='ocrx_word' id='word_1_43' title='bbox 1083 551 1228 604; x_wconf 81' lang='grc' dir='ltr'><strong><em>πόλεις</em></strong></span> <span class='ocrx_word' id='word_1_44' title='bbox 1273 571 1317 597; x_wconf 83' lang='grc' dir='ltr'><strong>τε</strong></span> <span class='ocrx_word' id='word_1_45' title='bbox 1352 558 1424 598; x_wconf 84' lang='grc' dir='ltr'><strong>καὶ</strong></span> <span class='ocrx_word' id='word_1_46' title='bbox 1459 558 1578 598; x_wconf 78' lang='grc' dir='ltr'><strong><em>πολι-</em></strong></span> 
     </span>
     <span class='ocr_line' id='line_1_10' title="bbox 257 618 1578 677; baseline 0.002 -17"><span class='ocrx_word' id='word_1_47' title='bbox 257 627 366 662; x_wconf 80' lang='grc' dir='ltr'><strong><em>τεῖαι</em></strong></span> <span class='ocrx_word' id='word_1_48' title='bbox 402 624 472 662; x_wconf 76' lang='grc' dir='ltr'><strong>καὶ</strong></span> <span class='ocrx_word' id='word_1_49' title='bbox 508 625 650 675; x_wconf 77' lang='grc' dir='ltr'><strong><em>τέχναι</em></strong></span> <span class='ocrx_word' id='word_1_50' title='bbox 684 622 756 663; x_wconf 83' lang='grc' dir='ltr'><strong>καὶ</strong></span> <span class='ocrx_word' id='word_1_51' title='bbox 793 618 941 675; x_wconf 81' lang='grc' dir='ltr'><strong><em>νόμοι,</em></strong></span> <span class='ocrx_word' id='word_1_52' title='bbox 976 622 1046 662; x_wconf 80' lang='grc' dir='ltr'><strong>καὶ</strong></span> <span class='ocrx_word' id='word_1_53' title='bbox 1093 618 1231 672; x_wconf 83' lang='grc' dir='ltr'><strong><em>πολλὴ</em></strong></span> <span class='ocrx_word' id='word_1_54' title='bbox 1265 623 1344 676; x_wconf 71' lang='grc' dir='ltr'><strong><em>μὲν</em></strong></span> <span class='ocrx_word' id='word_1_55' title='bbox 1376 624 1578 677; x_wconf 83' lang='grc' dir='ltr'><strong><em>πονηρία,</em></strong></span> 
     </span>
    </p>
   </div>
   <div class='ocr_carea' id='block_1_7' title="bbox 257 682 820 806">
    <p class='ocr_par' dir='ltr' id='par_1_7' title="bbox 257 682 820 806">
     <span class='ocr_line' id='line_1_11' title="bbox 257 682 779 740; baseline 0.006 -13"><span class='ocrx_word' id='word_1_56' title='bbox 257 682 395 736; x_wconf 79' lang='grc' dir='ltr'><strong><em>πολλὴ</em></strong></span> <span class='ocrx_word' id='word_1_57' title='bbox 432 687 475 727; x_wconf 81' lang='grc' dir='ltr'><strong>δὲ</strong></span> <span class='ocrx_word' id='word_1_58' title='bbox 511 688 580 728; x_wconf 83' lang='grc' dir='ltr'><strong>καὶ</strong></span> <span class='ocrx_word' id='word_1_59' title='bbox 615 684 779 740; x_wconf 74' lang='grc' dir='ltr'><strong><em>ἀρετῆς</em></strong></span> 
     </span>
     <span class='ocr_line' id='line_1_12' title="bbox 362 752 820 806; baseline 0.007 -13"><span class='ocrx_word' id='word_1_60' title='bbox 362 752 462 794; x_wconf 86' lang='grc' dir='ltr'><strong>ΚΛ.</strong></span> <span class='ocrx_word' id='word_1_61' title='bbox 533 753 634 802; x_wconf 82' lang='grc' dir='ltr'><strong>Πῶς</strong></span> <span class='ocrx_word' id='word_1_62' title='bbox 667 753 820 806; x_wconf 50' lang='lat' dir='ltr'><strong>nysam</strong></span> 
     </span>
    </p>
   </div>
   <div class='ocr_carea' id='block_1_8' title="bbox 258 810 1577 1004">
    <p class='ocr_par' dir='ltr' id='par_1_8' title="bbox 258 810 1577 1004">
     <span class='ocr_line' id='line_1_13' title="bbox 353 810 1577 874; baseline 0.001 -16"><span class='ocrx_word' id='word_1_63' title='bbox 353 818 449 862; x_wconf 84' lang='grc' dir='ltr'><strong>ΑΘ.</strong></span> <span class='ocrx_word' id='word_1_64' title='bbox 506 811 604 874; x_wconf 73' lang='lat' dir='ltr'><strong>&#39;A9&#39;</strong></span> <span class='ocrx_word' id='word_1_65' title='bbox 646 810 902 872; x_wconf 78' lang='grc' dir='ltr'><strong><em>οὶὸμεθα,ὦ</em></strong></span> <span class='ocrx_word' id='word_1_66' title='bbox 928 816 1163 872; x_wconf 75' lang='grc' dir='ltr'><strong><em>θαυμάσιε,</em></strong></span> <span class='ocrx_word' id='word_1_67' title='bbox 1201 814 1301 866; x_wconf 80' lang='grc' dir='ltr'><strong><em>τοὺς</em></strong></span> <span class='ocrx_word' id='word_1_68' title='bbox 1336 816 1432 860; x_wconf 79' lang='grc' dir='ltr'><em>τότε</em></span> <span class='ocrx_word' id='word_1_69' title='bbox 1455 818 1577 859; x_wconf 63' lang='lat' dir='ltr'><strong>ainsi·</strong></span> 
     </span>
     <span class='ocr_line' id='line_1_14' title="bbox 258 880 1576 939; baseline -0.002 -13"><span class='ocrx_word' id='word_1_70' title='bbox 258 899 360 939; x_wconf 78' lang='grc' dir='ltr'><strong><em>ρους</em></strong></span> <span class='ocrx_word' id='word_1_71' title='bbox 406 880 539 933; x_wconf 81' lang='grc' dir='ltr'><strong><em>ὄντας</em></strong></span> <span class='ocrx_word' id='word_1_72' title='bbox 582 885 756 926; x_wconf 79' lang='grc' dir='ltr'><strong><em>πολλῶν</em></strong></span> <span class='ocrx_word' id='word_1_73' title='bbox 799 884 877 938; x_wconf 81' lang='grc' dir='ltr'><strong><em>μὲν</em></strong></span> <span class='ocrx_word' id='word_1_74' title='bbox 914 885 1058 925; x_wconf 80' lang='grc' dir='ltr'><strong><em>καλῶν</em></strong></span> <span class='ocrx_word' id='word_1_75' title='bbox 1090 884 1176 925; x_wconf 80' lang='grc' dir='ltr'><strong><em>τῶν</em></strong></span> <span class='ocrx_word' id='word_1_76' title='bbox 1210 880 1321 924; x_wconf 78' lang='grc' dir='ltr'><strong><em>κατὰ</em></strong></span> <span class='ocrx_word' id='word_1_77' title='bbox 1360 881 1414 924; x_wconf 80' lang='grc' dir='ltr'><strong>τὰ</strong></span> <span class='ocrx_word' id='word_1_78' title='bbox 1451 882 1576 934; x_wconf 77' lang='grc' dir='ltr'><strong><em>ἄστη,</em></strong></span> 
     </span>
     <span class='ocr_line' id='line_1_15' title="bbox 258 945 1575 1004; baseline -0.001 -13"><span class='ocrx_word' id='word_1_79' title='bbox 258 950 430 993; x_wconf 82' lang='grc' dir='ltr'><strong><em>πολλῶν</em></strong></span> <span class='ocrx_word' id='word_1_80' title='bbox 467 951 510 990; x_wconf 82' lang='grc' dir='ltr'><strong>δὲ</strong></span> <span class='ocrx_word' id='word_1_81' title='bbox 544 952 614 991; x_wconf 85' lang='grc' dir='ltr'><strong>καὶ</strong></span> <span class='ocrx_word' id='word_1_82' title='bbox 651 951 735 991; x_wconf 76' lang='grc' dir='ltr'><strong><em>τῶν</em></strong></span> <span class='ocrx_word' id='word_1_83' title='bbox 770 952 977 991; x_wconf 75' lang='grc' dir='ltr'><strong><em>ἐναντίων</em></strong></span> <span class='ocrx_word' id='word_1_84' title='bbox 1012 951 1178 998; x_wconf 75' lang='grc' dir='ltr'><strong><em>τελέους</em></strong></span> <span class='ocrx_word' id='word_1_85' title='bbox 1215 946 1322 1004; x_wconf 79' lang='grc' dir='ltr'><strong><em>πρὸς</em></strong></span> <span class='ocrx_word' id='word_1_86' title='bbox 1355 947 1516 1003; x_wconf 80' lang='grc' dir='ltr'><strong><em>ἀρετὴν</em></strong></span> <span class='ocrx_word' id='word_1_87' title='bbox 1551 945 1575 1000; x_wconf 80' lang='grc' dir='ltr'><em>ἢ</em></span> 
     </span>
    </p>
   </div>
   <div class='ocr_carea' id='block_1_9' title="bbox 259 1013 831 1072">
    <p class='ocr_par' dir='ltr' id='par_1_9' title="bbox 259 1013 831 1072">
     <span class='ocr_line' id='line_1_16' title="bbox 259 1013 831 1072; baseline -0.003 -15"><span class='ocrx_word' id='word_1_88' title='bbox 259 1013 368 1072; x_wconf 81' lang='grc' dir='ltr'><strong><em>πρὸς</em></strong></span> <span class='ocrx_word' id='word_1_89' title='bbox 400 1018 555 1057; x_wconf 84' lang='grc' dir='ltr'><strong><em>κακίαν</em></strong></span> <span class='ocrx_word' id='word_1_90' title='bbox 592 1019 831 1068; x_wconf 67' lang='grc' dir='ltr'><strong><em>γεγονέναις</em></strong></span> 
     </span>
    </p>
   </div>
   <div class='ocr_carea' id='block_1_10' title="bbox 358 1081 457 1125">
    <p class='ocr_par' dir='ltr' id='par_1_10' title="bbox 358 1081 457 1125">
     <span class='ocr_line' id='line_1_17' title="bbox 358 1081 457 1125; baseline 0.02 -2"><span class='ocrx_word' id='word_1_91' title='bbox 358 1081 457 1125; x_wconf 90' lang='grc' dir='ltr'><strong>ΚΛ.</strong></span> 
     </span>
    </p>
   </div>
   <div class='ocr_carea' id='block_1_11' title="bbox 529 1077 1510 1135">
    <p class='ocr_par' dir='ltr' id='par_1_11' title="bbox 529 1077 1510 1135">
     <span class='ocr_line' id='line_1_18' title="bbox 529 1077 1510 1135; baseline -0.001 -11"><span class='ocrx_word' id='word_1_92' title='bbox 529 1083 684 1131; x_wconf 78' lang='grc' dir='ltr'><strong><em>Καλῶς</em></strong></span> <span class='ocrx_word' id='word_1_93' title='bbox 720 1080 843 1131; x_wconf 81' lang='grc' dir='ltr'><strong><em>εἶπες,</em></strong></span> <span class='ocrx_word' id='word_1_94' title='bbox 878 1083 950 1123; x_wconf 79' lang='grc' dir='ltr'><strong>καὶ</strong></span> <span class='ocrx_word' id='word_1_95' title='bbox 982 1079 1276 1135; x_wconf 74' lang='grc' dir='ltr'><strong><em>μανθάνομεν</em></strong></span> <span class='ocrx_word' id='word_1_96' title='bbox 1310 1077 1333 1122; x_wconf 87' lang='grc' dir='ltr'>ὃ</span> <span class='ocrx_word' id='word_1_97' title='bbox 1370 1082 1510 1135; x_wconf 75' lang='grc' dir='ltr'><strong>λὲγεις.</strong></span> 
     </span>
    </p>
   </div>
   <div class='ocr_carea' id='block_1_12' title="bbox 349 1216 1574 1263">
    <p class='ocr_par' dir='ltr' id='par_1_12' title="bbox 349 1216 1574 1263">
     <span class='ocr_line' id='line_1_19' title="bbox 349 1216 1574 1263; baseline 0 -10"><span class='ocrx_word' id='word_1_98' title='bbox 349 1221 387 1253; x_wconf 87' lang='lat' dir='ltr'><strong>P.</strong></span> <span class='ocrx_word' id='word_1_99' title='bbox 413 1220 488 1255; x_wconf 84' lang='grc'><strong>678.</strong></span> <span class='ocrx_word' id='word_1_100' title='bbox 538 1221 577 1255; x_wconf 89' lang='grc' dir='ltr'><strong>Β.</strong></span> <span class='ocrx_word' id='word_1_101' title='bbox 623 1216 698 1263; x_wconf 75' lang='grc' dir='ltr'><strong>Ἆρ’</strong></span> <span class='ocrx_word' id='word_1_102' title='bbox 724 1219 928 1262; x_wconf 79' lang='grc' dir='ltr'><strong><em>οἰόμεθα]</em></strong></span> <span class='ocrx_word' id='word_1_103' title='bbox 956 1219 1076 1253; x_wconf 82' lang='lat' dir='ltr'><strong>SieA.</strong></span> <span class='ocrx_word' id='word_1_104' title='bbox 1096 1220 1136 1253; x_wconf 92' lang='lat' dir='ltr'><strong>B.</strong></span> <span class='ocrx_word' id='word_1_105' title='bbox 1156 1218 1248 1254; x_wconf 48' lang='grc' dir='ltr'><strong>ΩΗΞ</strong></span> <span class='ocrx_word' id='word_1_106' title='bbox 1275 1231 1304 1253; x_wconf 81' lang='lat' dir='ltr'><strong>V.</strong></span> <span class='ocrx_word' id='word_1_107' title='bbox 1330 1220 1352 1252; x_wconf 81' lang='lat' dir='ltr'><strong>f.</strong></span> <span class='ocrx_word' id='word_1_108' title='bbox 1378 1221 1410 1254; x_wconf 92' lang='lat' dir='ltr'><strong>h.</strong></span> <span class='ocrx_word' id='word_1_109' title='bbox 1435 1230 1463 1252; x_wconf 87' lang='lat' dir='ltr'><strong>r.</strong></span> <span class='ocrx_word' id='word_1_110' title='bbox 1489 1231 1519 1253; x_wconf 78' lang='lat' dir='ltr'><strong>a.</strong></span> <span class='ocrx_word' id='word_1_111' title='bbox 1547 1231 1574 1252; x_wconf 84' lang='lat' dir='ltr'><strong>c.</strong></span> 
     </span>
    </p>
   </div>
   <div class='ocr_carea' id='block_1_13' title="bbox 257 1265 752 1308">
    <p class='ocr_par' dir='ltr' id='par_1_13' title="bbox 257 1265 752 1308">
     <span class='ocr_line' id='line_1_20' title="bbox 257 1265 752 1308; baseline -0.002 -10"><span class='ocrx_word' id='word_1_112' title='bbox 257 1265 286 1298; x_wconf 78' lang='grc' dir='ltr'><strong>δ.</strong></span> <span class='ocrx_word' id='word_1_113' title='bbox 308 1269 342 1298; x_wconf 90' lang='lat' dir='ltr'><strong>o.</strong></span> <span class='ocrx_word' id='word_1_114' title='bbox 367 1277 400 1298; x_wconf 96' lang='grc' dir='ltr'><strong>Χ.</strong></span> <span class='ocrx_word' id='word_1_115' title='bbox 450 1267 565 1308; x_wconf 82' lang='lat' dir='ltr'>Vulgo</span> <span class='ocrx_word' id='word_1_116' title='bbox 589 1265 752 1306; x_wconf 79' lang='grc' dir='ltr'><strong><em>οἰώμεθα.</em></strong></span> 
     </span>
    </p>
   </div>
   <div class='ocr_carea' id='block_1_14' title="bbox 348 1308 1574 1354">
    <p class='ocr_par' dir='ltr' id='par_1_14' title="bbox 348 1308 1574 1354">
     <span class='ocr_line' id='line_1_21' title="bbox 348 1308 1574 1354; baseline -0.002 -11"><span class='ocrx_word' id='word_1_117' title='bbox 348 1309 368 1353; x_wconf 80' lang='grc' dir='ltr'><em>ἢ</em></span> <span class='ocrx_word' id='word_1_118' title='bbox 394 1309 499 1352; x_wconf 74' lang='grc' dir='ltr'><strong><em>πρὸς</em></strong></span> <span class='ocrx_word' id='word_1_119' title='bbox 524 1312 693 1353; x_wconf 81' lang='grc' dir='ltr'><strong><em>κακίαν]</em></strong></span> <span class='ocrx_word' id='word_1_120' title='bbox 722 1312 758 1343; x_wconf 94' lang='lat' dir='ltr'><strong>V.</strong></span> <span class='ocrx_word' id='word_1_121' title='bbox 789 1309 809 1354; x_wconf 82' lang='grc' dir='ltr'><em>ἢ</em></span> <span class='ocrx_word' id='word_1_122' title='bbox 833 1311 886 1343; x_wconf 81' lang='grc' dir='ltr'><strong>καὶ</strong></span> <span class='ocrx_word' id='word_1_123' title='bbox 911 1308 997 1351; x_wconf 78' lang='grc' dir='ltr'><strong><em>πρὸς</em></strong></span> <span class='ocrx_word' id='word_1_124' title='bbox 1022 1311 1151 1342; x_wconf 80' lang='grc' dir='ltr'><strong><em>κακίαν</em></strong></span> <span class='ocrx_word' id='word_1_125' title='bbox 1186 1309 1308 1341; x_wconf 81' lang='lat' dir='ltr'><strong>Abieei</strong></span> <span class='ocrx_word' id='word_1_126' title='bbox 1334 1310 1387 1341; x_wconf 85' lang='grc' dir='ltr'><strong>καὶ</strong></span> <span class='ocrx_word' id='word_1_127' title='bbox 1403 1320 1477 1342; x_wconf 83' lang='lat' dir='ltr'><strong>cum</strong></span> <span class='ocrx_word' id='word_1_128' title='bbox 1494 1310 1574 1343; x_wconf 79' lang='lat' dir='ltr'><strong>Par.</strong></span> 
     </span>
    </p>
   </div>
   <div class='ocr_carea' id='block_1_15' title="bbox 260 1352 1574 1440">
    <p class='ocr_par' dir='ltr' id='par_1_15' title="bbox 260 1352 1574 1440">
     <span class='ocr_line' id='line_1_22' title="bbox 260 1352 1574 1399; baseline -0.003 -9"><span class='ocrx_word' id='word_1_129' title='bbox 260 1358 303 1391; x_wconf 77' lang='lat' dir='ltr'><strong>A.</strong></span> <span class='ocrx_word' id='word_1_130' title='bbox 329 1359 386 1399; x_wconf 86' lang='lat' dir='ltr'><strong>qui</strong></span> <span class='ocrx_word' id='word_1_131' title='bbox 411 1362 497 1389; x_wconf 84' lang='lat' dir='ltr'><strong>teste</strong></span> <span class='ocrx_word' id='word_1_132' title='bbox 524 1357 642 1390; x_wconf 79' lang='lat' dir='ltr'><strong>Bastio</strong></span> <span class='ocrx_word' id='word_1_133' title='bbox 665 1358 751 1389; x_wconf 84' lang='lat' dir='ltr'><strong>illud</strong></span> <span class='ocrx_word' id='word_1_134' title='bbox 775 1359 926 1399; x_wconf 81' lang='lat' dir='ltr'>ignorat,</span> <span class='ocrx_word' id='word_1_135' title='bbox 941 1366 1047 1397; x_wconf 72' lang='lat' dir='ltr'><strong>marg.</strong></span> <span class='ocrx_word' id='word_1_136' title='bbox 1071 1355 1198 1387; x_wconf 85' lang='lat' dir='ltr'><strong>codicis</strong></span> <span class='ocrx_word' id='word_1_137' title='bbox 1218 1352 1255 1386; x_wconf 82' lang='grc' dir='ltr'><strong>Ω,</strong></span> <span class='ocrx_word' id='word_1_138' title='bbox 1281 1359 1314 1386; x_wconf 83' lang='lat' dir='ltr'><strong>et</strong></span> <span class='ocrx_word' id='word_1_139' title='bbox 1332 1355 1488 1387; x_wconf 83' lang='lat' dir='ltr'><strong>Riccard.</strong></span> <span class='ocrx_word' id='word_1_140' title='bbox 1514 1356 1574 1397; x_wconf 84' lang='lat' dir='ltr'><strong>(h.)</strong></span> 
     </span>
     <span class='ocr_line' id='line_1_23' title="bbox 260 1400 1537 1440; baseline -0.002 -6"><span class='ocrx_word' id='word_1_141' title='bbox 260 1402 354 1435; x_wconf 81' lang='lat' dir='ltr'><strong>Flor.</strong></span> <span class='ocrx_word' id='word_1_142' title='bbox 379 1413 410 1435; x_wconf 81' lang='lat' dir='ltr'><strong>a.</strong></span> <span class='ocrx_word' id='word_1_143' title='bbox 436 1413 464 1435; x_wconf 79' lang='grc' dir='ltr'><strong>ο.</strong></span> <span class='ocrx_word' id='word_1_144' title='bbox 490 1401 520 1435; x_wconf 84' lang='grc' dir='ltr'><strong>δ.</strong></span> <span class='ocrx_word' id='word_1_145' title='bbox 567 1403 770 1435; x_wconf 73' lang='lat' dir='ltr'><strong>&#39;renuerunt</strong></span> <span class='ocrx_word' id='word_1_146' title='bbox 794 1403 949 1436; x_wconf 77' lang='lat' dir='ltr'><strong>voculam</strong></span> <span class='ocrx_word' id='word_1_147' title='bbox 972 1402 1033 1434; x_wconf 75' lang='lat' dir='ltr'><strong>alii</strong></span> <span class='ocrx_word' id='word_1_148' title='bbox 1056 1410 1186 1440; x_wconf 76' lang='lat' dir='ltr'><strong>omnes,</strong></span> <span class='ocrx_word' id='word_1_149' title='bbox 1211 1401 1314 1432; x_wconf 78' lang='lat' dir='ltr'><strong>etiam</strong></span> <span class='ocrx_word' id='word_1_150' title='bbox 1338 1400 1537 1434; x_wconf 74' lang='lat' dir='ltr'><strong>Schneider.</strong></span> 
     </span>
    </p>
   </div>
   <div class='ocr_carea' id='block_1_16' title="bbox 251 1525 884 2697">
    <p class='ocr_par' dir='ltr' id='par_1_16' title="bbox 251 1525 884 2697">
     <span class='ocr_line' id='line_1_24' title="bbox 260 1525 881 1564; baseline 0.002 -8"><span class='ocrx_word' id='word_1_151' title='bbox 260 1525 318 1558; x_wconf 85' lang='lat' dir='ltr'><strong>det</strong></span> <span class='ocrx_word' id='word_1_152' title='bbox 333 1535 373 1556; x_wconf 89' lang='lat' dir='ltr'><strong>ex</strong></span> <span class='ocrx_word' id='word_1_153' title='bbox 390 1535 478 1557; x_wconf 78' lang='grc' dir='ltr'><strong><em>σπαι</em></strong></span> <span class='ocrx_word' id='word_1_154' title='bbox 481 1535 535 1564; x_wconf 86' lang='grc' dir='ltr'><strong><em>ια</em></strong></span> <span class='ocrx_word' id='word_1_155' title='bbox 547 1526 767 1558; x_wconf 51' lang='lat' dir='ltr'><strong>mutuantem</strong></span> <span class='ocrx_word' id='word_1_156' title='bbox 777 1525 881 1557; x_wconf 75' lang='lat' dir='ltr'><strong>refer-</strong></span> 
     </span>
     <span class='ocr_line' id='line_1_25' title="bbox 258 1568 881 1625; baseline 0 -24"><span class='ocrx_word' id='word_1_157' title='bbox 258 1576 314 1602; x_wconf 90' lang='lat' dir='ltr'><strong>tur</strong></span> <span class='ocrx_word' id='word_1_158' title='bbox 327 1571 372 1602; x_wconf 81' lang='lat' dir='ltr'><strong>ad</strong></span> <span class='ocrx_word' id='word_1_159' title='bbox 388 1568 554 1624; x_wconf 73' lang='grc' dir='ltr'><strong><em>βουκόλια</em></strong></span> <span class='ocrx_word' id='word_1_160' title='bbox 569 1571 622 1603; x_wconf 82' lang='grc' dir='ltr'><strong>καὶ</strong></span> <span class='ocrx_word' id='word_1_161' title='bbox 641 1569 745 1625; x_wconf 77' lang='grc' dir='ltr'><strong><em>αἰγῶν</em></strong></span> <span class='ocrx_word' id='word_1_162' title='bbox 771 1569 881 1612; x_wconf 67' lang='grc' dir='ltr'><strong><em>γένος.</em></strong></span> 
     </span>
     <span class='ocr_line' id='line_1_26' title="bbox 333 1609 883 1656; baseline -0.008 -5.728"><span class='ocrx_word' id='word_1_163' title='bbox 333 1616 446 1650; x_wconf 87' lang='grc'><strong>,.678</strong></span> <span class='ocrx_word' id='word_1_164' title='bbox 492 1609 546 1648; x_wconf 78' lang='grc' dir='ltr'><strong><em>ὧν</em></strong></span> <span class='ocrx_word' id='word_1_165' title='bbox 581 1617 660 1647; x_wconf 87' lang='grc' dir='ltr'><strong>νῦν</strong></span> <span class='ocrx_word' id='word_1_166' title='bbox 697 1611 716 1647; x_wconf 83' lang='grc' dir='ltr'>ό</span> <span class='ocrx_word' id='word_1_167' title='bbox 753 1613 883 1656; x_wconf 73' lang='grc' dir='ltr'><strong><em>λόγος</em></strong></span> 
     </span>
     <span class='ocr_line' id='line_1_27' title="bbox 259 1657 883 1702; baseline -0.002 -10"><span class='ocrx_word' id='word_1_168' title='bbox 259 1657 354 1701; x_wconf 75' lang='grc' dir='ltr'><strong><em>ἡμῖν</em></strong></span> <span class='ocrx_word' id='word_1_169' title='bbox 379 1660 680 1702; x_wconf 81' lang='grc' dir='ltr'><strong><em>παρέσιηκεν,]</em></strong></span> <span class='ocrx_word' id='word_1_170' title='bbox 710 1661 755 1692; x_wconf 86' lang='lat' dir='ltr'><strong>H.</strong></span> <span class='ocrx_word' id='word_1_171' title='bbox 780 1671 810 1692; x_wconf 88' lang='lat' dir='ltr'><strong>e.</strong></span> <span class='ocrx_word' id='word_1_172' title='bbox 835 1661 883 1692; x_wconf 90' lang='lat' dir='ltr'><strong>de</strong></span> 
     </span>
     <span class='ocr_line' id='line_1_28' title="bbox 257 1706 884 1746; baseline 0.003 -10"><span class='ocrx_word' id='word_1_173' title='bbox 257 1706 412 1746; x_wconf 85' lang='lat' dir='ltr'><strong>quibus</strong></span> <span class='ocrx_word' id='word_1_174' title='bbox 444 1716 558 1738; x_wconf 83' lang='lat' dir='ltr'><strong>nuno</strong></span> <span class='ocrx_word' id='word_1_175' title='bbox 592 1706 838 1746; x_wconf 80' lang='lat' dir='ltr'><strong>disputatio</strong></span> <span class='ocrx_word' id='word_1_176' title='bbox 863 1716 884 1738; x_wconf 76' lang='lat' dir='ltr'><strong>a</strong></span> 
     </span>
     <span class='ocr_line' id='line_1_29' title="bbox 260 1742 884 1792; baseline -0.002 -10"><span class='ocrx_word' id='word_1_177' title='bbox 260 1752 385 1783; x_wconf 85' lang='lat' dir='ltr'><strong>nobis</strong></span> <span class='ocrx_word' id='word_1_178' title='bbox 418 1756 619 1792; x_wconf 80' lang='lat' dir='ltr'><strong>suscepta</strong></span> <span class='ocrx_word' id='word_1_179' title='bbox 649 1757 724 1782; x_wconf 86' lang='lat' dir='ltr'><strong>est.</strong></span> <span class='ocrx_word' id='word_1_180' title='bbox 755 1752 812 1782; x_wconf 83' lang='lat' dir='ltr'><strong>Ad</strong></span> <span class='ocrx_word' id='word_1_181' title='bbox 836 1742 884 1781; x_wconf 80' lang='grc' dir='ltr'><strong><em>ὥν</em></strong></span> 
     </span>
     <span class='ocr_line' id='line_1_30' title="bbox 258 1797 880 1838; baseline -0.002 -10"><span class='ocrx_word' id='word_1_182' title='bbox 258 1806 300 1828; x_wconf 89' lang='lat' dir='ltr'><strong>ne</strong></span> <span class='ocrx_word' id='word_1_183' title='bbox 325 1798 400 1838; x_wconf 89' lang='lat' dir='ltr'><strong>quis</strong></span> <span class='ocrx_word' id='word_1_184' title='bbox 426 1797 499 1838; x_wconf 80' lang='grc' dir='ltr'><em>περὶ</em></span> <span class='ocrx_word' id='word_1_185' title='bbox 516 1797 682 1838; x_wconf 82' lang='lat' dir='ltr'><strong>requirat,</strong></span> <span class='ocrx_word' id='word_1_186' title='bbox 707 1807 738 1827; x_wconf 86' lang='lat' dir='ltr'><strong>v.</strong></span> <span class='ocrx_word' id='word_1_187' title='bbox 763 1801 880 1828; x_wconf 83' lang='lat' dir='ltr'><strong>annot.</strong></span> 
     </span>
     <span class='ocr_line' id='line_1_31' title="bbox 257 1838 884 1883; baseline -0.002 -11"><span class='ocrx_word' id='word_1_188' title='bbox 257 1842 301 1873; x_wconf 77' lang='lat' dir='ltr'><strong>ad</strong></span> <span class='ocrx_word' id='word_1_189' title='bbox 319 1842 417 1883; x_wconf 80' lang='lat' dir='ltr'><strong>Apol.</strong></span> <span class='ocrx_word' id='word_1_190' title='bbox 439 1842 574 1874; x_wconf 79' lang='lat' dir='ltr'><strong>Socrat.</strong></span> <span class='ocrx_word' id='word_1_191' title='bbox 595 1852 628 1883; x_wconf 87' lang='lat' dir='ltr'><strong>p.</strong></span> <span class='ocrx_word' id='word_1_192' title='bbox 653 1840 708 1875; x_wconf 80' lang='lat'><strong>26.</strong></span> <span class='ocrx_word' id='word_1_193' title='bbox 732 1841 771 1873; x_wconf 91' lang='grc' dir='ltr'><strong>Β.</strong></span> <span class='ocrx_word' id='word_1_194' title='bbox 798 1838 884 1882; x_wconf 74' lang='grc' dir='ltr'><strong>πρός</strong></span> 
     </span>
     <span class='ocr_line' id='line_1_32' title="bbox 258 1880 884 1924; baseline 0 -7"><span class='ocrx_word' id='word_1_195' title='bbox 258 1882 370 1918; x_wconf 79' lang='grc' dir='ltr'><strong><em>αὐτῶν</em></strong></span> <span class='ocrx_word' id='word_1_196' title='bbox 393 1884 522 1918; x_wconf 78' lang='grc' dir='ltr'><strong><em>τούτων</em></strong></span> <span class='ocrx_word' id='word_1_197' title='bbox 540 1887 605 1918; x_wconf 75' lang='grc' dir='ltr'><strong>τῶν</strong></span> <span class='ocrx_word' id='word_1_198' title='bbox 629 1886 733 1924; x_wconf 78' lang='grc' dir='ltr'><strong><em>θεῶν,</em></strong></span> <span class='ocrx_word' id='word_1_199' title='bbox 748 1880 796 1918; x_wconf 80' lang='grc' dir='ltr'><strong><em>ὧν</em></strong></span> <span class='ocrx_word' id='word_1_200' title='bbox 820 1887 884 1917; x_wconf 76' lang='grc' dir='ltr'><strong>ιῦν</strong></span> 
     </span>
     <span class='ocr_line' id='line_1_33' title="bbox 255 1929 883 1974; baseline 0.003 -12"><span class='ocrx_word' id='word_1_201' title='bbox 255 1929 360 1974; x_wconf 70' lang='grc' dir='ltr'><strong><em>λόγος</em></strong></span> <span class='ocrx_word' id='word_1_202' title='bbox 383 1930 483 1964; x_wconf 79' lang='grc' dir='ltr'><strong><em>ἐστίν.</em></strong></span> <span class='ocrx_word' id='word_1_203' title='bbox 507 1932 695 1965; x_wconf 89' lang='lat' dir='ltr'><strong>Dorvill.</strong></span> <span class='ocrx_word' id='word_1_204' title='bbox 720 1932 764 1964; x_wconf 80' lang='lat' dir='ltr'><strong>ad</strong></span> <span class='ocrx_word' id='word_1_205' title='bbox 793 1931 883 1964; x_wconf 79' lang='lat' dir='ltr'>Cha-</span> 
     </span>
     <span class='ocr_line' id='line_1_34' title="bbox 258 1977 883 2019; baseline 0.002 -11"><span class='ocrx_word' id='word_1_206' title='bbox 258 1978 359 2011; x_wconf 87' lang='lat' dir='ltr'><strong>riton.</strong></span> <span class='ocrx_word' id='word_1_207' title='bbox 384 1988 417 2019; x_wconf 88' lang='lat' dir='ltr'><strong>p.</strong></span> <span class='ocrx_word' id='word_1_208' title='bbox 441 1978 518 2012; x_wconf 85' lang='grc'><strong>592.</strong></span> <span class='ocrx_word' id='word_1_209' title='bbox 543 1977 813 2011; x_wconf 82' lang='lat' dir='ltr'><strong>Schaefer.</strong></span> <span class='ocrx_word' id='word_1_210' title='bbox 839 1978 883 2010; x_wconf 78' lang='lat' dir='ltr'><strong>ad</strong></span> 
     </span>
     <span class='ocr_line' id='line_1_35' title="bbox 256 2021 644 2078; baseline 0.008 -24"><span class='ocrx_word' id='word_1_211' title='bbox 256 2021 367 2078; x_wconf 45' lang='lat' dir='ltr'><strong>Sosii.</strong></span> <span class='ocrx_word' id='word_1_212' title='bbox 391 2025 507 2078; x_wconf 77' lang='lat' dir='ltr'><strong>Antig.</strong></span> <span class='ocrx_word' id='word_1_213' title='bbox 532 2034 564 2056; x_wconf 74' lang='grc' dir='ltr'><strong>ν.</strong></span> <span class='ocrx_word' id='word_1_214' title='bbox 589 2023 644 2057; x_wconf 91' lang='grc'><strong>11.</strong></span> 
     </span>
     <span class='ocr_line' id='line_1_36' title="bbox 301 2064 881 2110; baseline -0.004 -10"><span class='ocrx_word' id='word_1_215' title='bbox 301 2080 348 2110; x_wconf 82' lang='grc' dir='ltr'><strong><em>αρ</em></strong></span> <span class='ocrx_word' id='word_1_216' title='bbox 401 2065 453 2100; x_wconf 69' lang='grc' dir='ltr'><strong>ὥς</strong></span> <span class='ocrx_word' id='word_1_217' title='bbox 483 2069 585 2100; x_wconf 67' lang='grc' dir='ltr'><strong><em>ἔπος</em></strong></span> <span class='ocrx_word' id='word_1_218' title='bbox 618 2068 752 2100; x_wconf 80' lang='grc' dir='ltr'><strong><em>εἰπεῖν</em></strong></span> <span class='ocrx_word' id='word_1_219' title='bbox 793 2064 881 2098; x_wconf 76' lang='grc' dir='ltr'><strong><em>οἰό-</em></strong></span> 
     </span>
     <span class='ocr_line' id='line_1_37' title="bbox 254 2110 880 2157; baseline -0.002 -13"><span class='ocrx_word' id='word_1_220' title='bbox 254 2112 364 2152; x_wconf 80' lang='grc' dir='ltr'><strong><em>μεθα</em></strong></span> <span class='ocrx_word' id='word_1_221' title='bbox 387 2115 453 2145; x_wconf 87' lang='grc' dir='ltr'><strong>καὶ</strong></span> <span class='ocrx_word' id='word_1_222' title='bbox 473 2113 636 2157; x_wconf 84' lang='grc' dir='ltr'><strong><em>μνήμην</em></strong></span> <span class='ocrx_word' id='word_1_223' title='bbox 652 2110 880 2155; x_wconf 60' lang='lat' dir='ltr'><strong>§lucifluum</strong></span> 
     </span>
     <span class='ocr_line' id='line_1_38' title="bbox 257 2158 880 2192; baseline 0 -2"><span class='ocrx_word' id='word_1_224' title='bbox 257 2159 525 2192; x_wconf 77' lang='lat' dir='ltr'><strong>arbitramur</strong></span> <span class='ocrx_word' id='word_1_225' title='bbox 576 2160 646 2191; x_wconf 84' lang='lat' dir='ltr'><strong>vel</strong></span> <span class='ocrx_word' id='word_1_226' title='bbox 707 2158 880 2191; x_wconf 82' lang='lat' dir='ltr'><strong>levissi-</strong></span> 
     </span>
     <span class='ocr_line' id='line_1_39' title="bbox 257 2204 879 2246; baseline 0 -11"><span class='ocrx_word' id='word_1_227' title='bbox 257 2214 356 2236; x_wconf 79' lang='lat' dir='ltr'><strong>mam</strong></span> <span class='ocrx_word' id='word_1_228' title='bbox 380 2205 657 2246; x_wconf 76' lang='lat' dir='ltr'><strong>superfuisse</strong></span> <span class='ocrx_word' id='word_1_229' title='bbox 691 2204 879 2237; x_wconf 88' lang='lat' dir='ltr'><strong>memori-</strong></span> 
     </span>
     <span class='ocr_line' id='line_1_40' title="bbox 257 2249 879 2284; baseline 0 -4"><span class='ocrx_word' id='word_1_230' title='bbox 257 2250 341 2281; x_wconf 76' lang='lat' dir='ltr'><strong>am?</strong></span> <span class='ocrx_word' id='word_1_231' title='bbox 367 2250 401 2284; x_wconf 88' lang='lat' dir='ltr'><strong>h.</strong></span> <span class='ocrx_word' id='word_1_232' title='bbox 416 2261 444 2282; x_wconf 90' lang='lat' dir='ltr'><strong>e.</strong></span> <span class='ocrx_word' id='word_1_233' title='bbox 462 2251 591 2283; x_wconf 82' lang='lat' dir='ltr'><strong>nullam</strong></span> <span class='ocrx_word' id='word_1_234' title='bbox 615 2249 879 2282; x_wconf 75' lang='lat' dir='ltr'><strong>existimandum</strong></span> 
     </span>
     <span class='ocr_line' id='line_1_41' title="bbox 257 2295 879 2335; baseline 0.003 -11"><span class='ocrx_word' id='word_1_235' title='bbox 257 2298 308 2325; x_wconf 82' lang='lat' dir='ltr'><strong>est</strong></span> <span class='ocrx_word' id='word_1_236' title='bbox 330 2297 485 2328; x_wconf 75' lang='lat' dir='ltr'>extitisse</span> <span class='ocrx_word' id='word_1_237' title='bbox 507 2296 717 2328; x_wconf 76' lang='lat' dir='ltr'><strong>memoriam.</strong></span> <span class='ocrx_word' id='word_1_238' title='bbox 763 2295 879 2335; x_wconf 76' lang='lat' dir='ltr'><strong>ltaque</strong></span> 
     </span>
     <span class='ocr_line' id='line_1_42' title="bbox 255 2337 879 2381; baseline 0.002 -11"><span class='ocrx_word' id='word_1_239' title='bbox 255 2339 402 2372; x_wconf 78' lang='lat' dir='ltr'><strong>formula</strong></span> <span class='ocrx_word' id='word_1_240' title='bbox 432 2337 479 2372; x_wconf 72' lang='lat' dir='ltr'><strong>nis</strong></span> <span class='ocrx_word' id='word_1_241' title='bbox 512 2341 595 2372; x_wconf 69' lang='grc' dir='ltr'><strong><em>ἔπος</em></strong></span> <span class='ocrx_word' id='word_1_242' title='bbox 623 2340 742 2377; x_wconf 79' lang='grc' dir='ltr'><strong><em>εἰπεῖν,</em></strong></span> <span class='ocrx_word' id='word_1_243' title='bbox 770 2349 879 2381; x_wconf 85' lang='lat' dir='ltr'><strong>prope</strong></span> 
     </span>
     <span class='ocr_line' id='line_1_43' title="bbox 253 2385 878 2424; baseline 0 -9"><span class='ocrx_word' id='word_1_244' title='bbox 253 2385 415 2424; x_wconf 82' lang='lat' dir='ltr'><strong>dixerim,</strong></span> <span class='ocrx_word' id='word_1_245' title='bbox 445 2387 625 2419; x_wconf 75' lang='lat' dir='ltr'><strong>referenda</strong></span> <span class='ocrx_word' id='word_1_246' title='bbox 661 2391 713 2418; x_wconf 82' lang='lat' dir='ltr'><strong>est</strong></span> <span class='ocrx_word' id='word_1_247' title='bbox 747 2385 789 2417; x_wconf 82' lang='lat' dir='ltr'><strong>ad</strong></span> <span class='ocrx_word' id='word_1_248' title='bbox 825 2385 878 2416; x_wconf 81' lang='grc' dir='ltr'><strong>καὶ</strong></span> 
     </span>
     <span class='ocr_line' id='line_1_44' title="bbox 253 2425 879 2474; baseline 0.002 -14"><span class='ocrx_word' id='word_1_249' title='bbox 253 2427 384 2471; x_wconf 86' lang='grc' dir='ltr'><strong><em>μνήμην</em></strong></span> <span class='ocrx_word' id='word_1_250' title='bbox 404 2425 497 2468; x_wconf 79' lang='grc' dir='ltr'><strong><em>εἶναι,</em></strong></span> <span class='ocrx_word' id='word_1_251' title='bbox 515 2433 550 2463; x_wconf 91' lang='lat' dir='ltr'><strong>in</strong></span> <span class='ocrx_word' id='word_1_252' title='bbox 573 2441 641 2474; x_wconf 88' lang='lat' dir='ltr'><strong>quo</strong></span> <span class='ocrx_word' id='word_1_253' title='bbox 655 2433 746 2464; x_wconf 86' lang='lat' dir='ltr'><strong>inest</strong></span> <span class='ocrx_word' id='word_1_254' title='bbox 768 2431 879 2462; x_wconf 80' lang='lat' dir='ltr'><strong>maior</strong></span> 
     </span>
     <span class='ocr_line' id='line_1_45' title="bbox 253 2475 878 2516; baseline -0.002 -9"><span class='ocrx_word' id='word_1_255' title='bbox 253 2475 422 2516; x_wconf 76' lang='lat' dir='ltr'><strong>quaedam</strong></span> <span class='ocrx_word' id='word_1_256' title='bbox 452 2478 601 2516; x_wconf 79' lang='lat' dir='ltr'><strong>negandi</strong></span> <span class='ocrx_word' id='word_1_257' title='bbox 631 2478 682 2509; x_wconf 85' lang='lat' dir='ltr'><strong>vis</strong></span> <span class='ocrx_word' id='word_1_258' title='bbox 713 2481 747 2508; x_wconf 88' lang='lat' dir='ltr'><strong>et</strong></span> <span class='ocrx_word' id='word_1_259' title='bbox 771 2475 878 2516; x_wconf 87' lang='lat' dir='ltr'><strong>signi·</strong></span> 
     </span>
     <span class='ocr_line' id='line_1_46' title="bbox 251 2519 878 2563; baseline 0 -12"><span class='ocrx_word' id='word_1_260' title='bbox 251 2519 379 2560; x_wconf 77' lang='lat' dir='ltr'><strong>ficatio,</strong></span> <span class='ocrx_word' id='word_1_261' title='bbox 391 2530 434 2552; x_wconf 88' lang='lat' dir='ltr'><strong>ex</strong></span> <span class='ocrx_word' id='word_1_262' title='bbox 449 2521 729 2563; x_wconf 77' lang='lat' dir='ltr'><strong>interrogationis</strong></span> <span class='ocrx_word' id='word_1_263' title='bbox 743 2521 878 2553; x_wconf 76' lang='lat' dir='ltr'><strong>ratione</strong></span> 
     </span>
     <span class='ocr_line' id='line_1_47' title="bbox 253 2565 876 2608; baseline 0.003 -11"><span class='ocrx_word' id='word_1_264' title='bbox 253 2569 367 2598; x_wconf 77' lang='lat' dir='ltr'><strong>enata.</strong></span> <span class='ocrx_word' id='word_1_265' title='bbox 390 2576 422 2597; x_wconf 84' lang='lat' dir='ltr'><strong>v.</strong></span> <span class='ocrx_word' id='word_1_266' title='bbox 447 2576 526 2599; x_wconf 86' lang='lat' dir='ltr'><strong>ann.</strong></span> <span class='ocrx_word' id='word_1_267' title='bbox 550 2567 595 2599; x_wconf 79' lang='lat' dir='ltr'><strong>ad</strong></span> <span class='ocrx_word' id='word_1_268' title='bbox 613 2567 719 2607; x_wconf 83' lang='lat' dir='ltr'><strong>Gorg.</strong></span> <span class='ocrx_word' id='word_1_269' title='bbox 747 2576 778 2608; x_wconf 86' lang='lat' dir='ltr'><strong>p.</strong></span> <span class='ocrx_word' id='word_1_270' title='bbox 796 2565 876 2599; x_wconf 84' lang='lat'><strong>450.</strong></span> 
     </span>
     <span class='ocr_line' id='line_1_48' title="bbox 256 2610 656 2653; baseline 0 -10"><span class='ocrx_word' id='word_1_271' title='bbox 256 2610 297 2643; x_wconf 85' lang='grc' dir='ltr'><strong>Β.</strong></span> <span class='ocrx_word' id='word_1_272' title='bbox 327 2610 425 2653; x_wconf 80' lang='lat' dir='ltr'><strong>Reip.</strong></span> <span class='ocrx_word' id='word_1_273' title='bbox 455 2611 485 2644; x_wconf 94' lang='lat' dir='ltr'><strong>I.</strong></span> <span class='ocrx_word' id='word_1_274' title='bbox 519 2622 551 2653; x_wconf 90' lang='lat' dir='ltr'><strong>p.</strong></span> <span class='ocrx_word' id='word_1_275' title='bbox 581 2611 656 2646; x_wconf 87' lang='lat'><strong>341.</strong></span> 
     </span>
     <span class='ocr_line' id='line_1_49' title="bbox 254 2655 457 2697; baseline -0.015 -6"><span class='ocrx_word' id='word_1_276' title='bbox 254 2666 286 2697; x_wconf 85' lang='lat' dir='ltr'><strong>p.</strong></span> <span class='ocrx_word' id='word_1_277' title='bbox 312 2655 388 2691; x_wconf 74' lang='lat'><strong>179.</strong></span> <span class='ocrx_word' id='word_1_278' title='bbox 412 2657 457 2689; x_wconf 82' lang='lat' dir='ltr'><strong>A.</strong></span> 
     </span>
    </p>
   </div>
   <div class='ocr_carea' id='block_1_17' title="bbox 694 2611 875 2652">
    <p class='ocr_par' dir='ltr' id='par_1_17' title="bbox 694 2611 875 2652">
     <span class='ocr_line' id='line_1_50' title="bbox 694 2611 875 2652; baseline 0.006 -9"><span class='ocrx_word' id='word_1_279' title='bbox 694 2611 733 2643; x_wconf 91' lang='grc' dir='ltr'><strong>Β.</strong></span> <span class='ocrx_word' id='word_1_280' title='bbox 759 2611 875 2652; x_wconf 88' lang='lat' dir='ltr'><strong>Symp.</strong></span> 
     </span>
    </p>
   </div>
   <div class='ocr_carea' id='block_1_18' title="bbox 938 1517 1576 2696">
    <p class='ocr_par' dir='ltr' id='par_1_18' title="bbox 945 1517 1576 2327">
     <span class='ocr_line' id='line_1_51' title="bbox 998 1517 1573 1563; baseline -0.003 -8"><span class='ocrx_word' id='word_1_281' title='bbox 998 1523 1035 1557; x_wconf 87' lang='grc' dir='ltr'><strong>Β.</strong></span> <span class='ocrx_word' id='word_1_282' title='bbox 1081 1517 1163 1563; x_wconf 74' lang='grc' dir='ltr'><strong>Ἆρ’</strong></span> <span class='ocrx_word' id='word_1_283' title='bbox 1189 1520 1386 1561; x_wconf 77' lang='grc' dir='ltr'><strong><em>οἰόμεθα,</em></strong></span> <span class='ocrx_word' id='word_1_284' title='bbox 1411 1518 1438 1554; x_wconf 77' lang='grc' dir='ltr'><em>ὦ</em></span> <span class='ocrx_word' id='word_1_285' title='bbox 1472 1522 1573 1554; x_wconf 76' lang='grc' dir='ltr'><strong><em>θαυ-</em></strong></span> 
     </span>
     <span class='ocr_line' id='line_1_52' title="bbox 949 1566 1576 1609; baseline 0 -10"><span class='ocrx_word' id='word_1_286' title='bbox 949 1566 1000 1607; x_wconf 86' lang='grc' dir='ltr'><strong>μά</strong></span> <span class='ocrx_word' id='word_1_287' title='bbox 1011 1567 1111 1609; x_wconf 81' lang='grc' dir='ltr'><strong>σιε,]</strong></span> <span class='ocrx_word' id='word_1_288' title='bbox 1138 1567 1327 1599; x_wconf 70' lang='lat' dir='ltr'><strong>indicativo</strong></span> <span class='ocrx_word' id='word_1_289' title='bbox 1351 1569 1471 1607; x_wconf 84' lang='lat' dir='ltr'><strong>utitur,</strong></span> <span class='ocrx_word' id='word_1_290' title='bbox 1495 1569 1576 1608; x_wconf 74' lang='lat' dir='ltr'><strong>quia</strong></span> 
     </span>
     <span class='ocr_line' id='line_1_53' title="bbox 950 1613 1574 1653; baseline 0 -9"><span class='ocrx_word' id='word_1_291' title='bbox 950 1613 1159 1644; x_wconf 81' lang='lat' dir='ltr'><strong>contrarium</strong></span> <span class='ocrx_word' id='word_1_292' title='bbox 1195 1613 1268 1643; x_wconf 89' lang='lat' dir='ltr'><strong>vult</strong></span> <span class='ocrx_word' id='word_1_293' title='bbox 1304 1613 1449 1653; x_wconf 81' lang='lat' dir='ltr'><strong>eogitari</strong></span> <span class='ocrx_word' id='word_1_294' title='bbox 1489 1613 1574 1652; x_wconf 86' lang='lat' dir='ltr'><strong>eius,</strong></span> 
     </span>
     <span class='ocr_line' id='line_1_54' title="bbox 950 1656 1574 1699; baseline 0 -9"><span class='ocrx_word' id='word_1_295' title='bbox 950 1658 1042 1699; x_wconf 87' lang='lat' dir='ltr'><strong>quod</strong></span> <span class='ocrx_word' id='word_1_296' title='bbox 1073 1657 1186 1688; x_wconf 81' lang='lat' dir='ltr'><strong>verbis</strong></span> <span class='ocrx_word' id='word_1_297' title='bbox 1217 1657 1443 1698; x_wconf 79' lang='lat' dir='ltr'><strong>significatur.</strong></span> <span class='ocrx_word' id='word_1_298' title='bbox 1485 1656 1574 1690; x_wconf 78' lang='lat' dir='ltr'><strong>Nam</strong></span> 
     </span>
     <span class='ocr_line' id='line_1_55' title="bbox 948 1702 1575 1742; baseline 0 -7"><span class='ocrx_word' id='word_1_299' title='bbox 948 1703 1082 1735; x_wconf 79' lang='lat' dir='ltr'><strong>sublata</strong></span> <span class='ocrx_word' id='word_1_300' title='bbox 1127 1703 1411 1742; x_wconf 79' lang='lat' dir='ltr'><strong>interrogationis</strong></span> <span class='ocrx_word' id='word_1_301' title='bbox 1464 1702 1575 1735; x_wconf 76' lang='lat' dir='ltr'><strong>forms</strong></span> 
     </span>
     <span class='ocr_line' id='line_1_56' title="bbox 950 1747 1573 1781; baseline 0 -2"><span class='ocrx_word' id='word_1_302' title='bbox 950 1757 1070 1779; x_wconf 88' lang='lat' dir='ltr'><strong>sensus</strong></span> <span class='ocrx_word' id='word_1_303' title='bbox 1100 1748 1284 1779; x_wconf 83' lang='lat' dir='ltr'><strong>verborum</strong></span> <span class='ocrx_word' id='word_1_304' title='bbox 1312 1748 1362 1779; x_wconf 81' lang='lat' dir='ltr'><strong>sic</strong></span> <span class='ocrx_word' id='word_1_305' title='bbox 1396 1747 1573 1781; x_wconf 75' lang='lat' dir='ltr'><strong>declaran-</strong></span> 
     </span>
     <span class='ocr_line' id='line_1_57' title="bbox 948 1792 1573 1834; baseline 0.003 -10"><span class='ocrx_word' id='word_1_306' title='bbox 948 1795 1012 1825; x_wconf 88' lang='lat' dir='ltr'><strong>dus</strong></span> <span class='ocrx_word' id='word_1_307' title='bbox 1046 1796 1115 1823; x_wconf 86' lang='lat' dir='ltr'><strong>est:</strong></span> <span class='ocrx_word' id='word_1_308' title='bbox 1163 1792 1423 1834; x_wconf 83' lang='lat' dir='ltr'><strong>Neutiq·uam</strong></span> <span class='ocrx_word' id='word_1_309' title='bbox 1473 1803 1573 1826; x_wconf 76' lang='lat' dir='ltr'><strong>sane</strong></span> 
     </span>
     <span class='ocr_line' id='line_1_58' title="bbox 947 1838 1572 1879; baseline 0 -8"><span class='ocrx_word' id='word_1_310' title='bbox 947 1838 1234 1877; x_wconf 78' lang='lat' dir='ltr'><strong>arbitramur,</strong></span> <span class='ocrx_word' id='word_1_311' title='bbox 1249 1847 1326 1869; x_wconf 86' lang='lat' dir='ltr'><strong>eos</strong></span> <span class='ocrx_word' id='word_1_312' title='bbox 1346 1838 1572 1879; x_wconf 82' lang='lat' dir='ltr'><strong>perfectos</strong></span> 
     </span>
     <span class='ocr_line' id='line_1_59' title="bbox 948 1884 1571 1924; baseline 0.002 -9"><span class='ocrx_word' id='word_1_313' title='bbox 948 1884 998 1916; x_wconf 78' lang='lat' dir='ltr'><strong>ad</strong></span> <span class='ocrx_word' id='word_1_314' title='bbox 1033 1884 1235 1915; x_wconf 86' lang='lat' dir='ltr'><strong>virtutem</strong></span> <span class='ocrx_word' id='word_1_315' title='bbox 1282 1884 1346 1914; x_wconf 83' lang='lat' dir='ltr'><strong>vel</strong></span> <span class='ocrx_word' id='word_1_316' title='bbox 1387 1885 1571 1924; x_wconf 78' lang='lat' dir='ltr'><strong>pravita-</strong></span> 
     </span>
     <span class='ocr_line' id='line_1_60' title="bbox 947 1927 1571 1970; baseline 0.002 -10"><span class='ocrx_word' id='word_1_317' title='bbox 947 1934 1029 1960; x_wconf 90' lang='lat' dir='ltr'><strong>tem</strong></span> <span class='ocrx_word' id='word_1_318' title='bbox 1061 1929 1280 1960; x_wconf 83' lang='lat' dir='ltr'><strong>extitisse.</strong></span> <span class='ocrx_word' id='word_1_319' title='bbox 1329 1927 1432 1967; x_wconf 85' lang='lat' dir='ltr'><strong>Quod</strong></span> <span class='ocrx_word' id='word_1_320' title='bbox 1461 1929 1571 1970; x_wconf 83' lang='lat' dir='ltr'><strong>ipsum</strong></span> 
     </span>
     <span class='ocr_line' id='line_1_61' title="bbox 948 1973 1571 2007; baseline 0.003 -2"><span class='ocrx_word' id='word_1_321' title='bbox 948 1973 1073 2006; x_wconf 87' lang='lat' dir='ltr'><strong>deinde</strong></span> <span class='ocrx_word' id='word_1_322' title='bbox 1102 1983 1123 2005; x_wconf 74' lang='lat' dir='ltr'><strong>a</strong></span> <span class='ocrx_word' id='word_1_323' title='bbox 1153 1973 1268 2005; x_wconf 78' lang='lat' dir='ltr'><strong>Clinia</strong></span> <span class='ocrx_word' id='word_1_324' title='bbox 1296 1973 1486 2006; x_wconf 71' lang='lat' dir='ltr'><strong>affirmatur</strong></span> <span class='ocrx_word' id='word_1_325' title='bbox 1519 1984 1571 2007; x_wconf 85' lang='lat' dir='ltr'><strong>re-</strong></span> 
     </span>
     <span class='ocr_line' id='line_1_62' title="bbox 950 2014 1570 2062; baseline 0 -11"><span class='ocrx_word' id='word_1_326' title='bbox 950 2028 1078 2062; x_wconf 87' lang='lat' dir='ltr'><strong>sponso</strong></span> <span class='ocrx_word' id='word_1_327' title='bbox 1114 2018 1198 2050; x_wconf 81' lang='lat' dir='ltr'><strong>hoc:</strong></span> <span class='ocrx_word' id='word_1_328' title='bbox 1225 2018 1332 2050; x_wconf 68' lang='grc' dir='ltr'><strong><em>καλῶς</em></strong></span> <span class='ocrx_word' id='word_1_329' title='bbox 1354 2014 1455 2050; x_wconf 68' lang='grc' dir='ltr'><strong>εἶπες.</strong></span> <span class='ocrx_word' id='word_1_330' title='bbox 1501 2020 1570 2051; x_wconf 75' lang='lat' dir='ltr'><strong>Its.-</strong></span> 
     </span>
     <span class='ocr_line' id='line_1_63' title="bbox 948 2063 1571 2107; baseline 0.002 -10"><span class='ocrx_word' id='word_1_331' title='bbox 948 2075 1014 2107; x_wconf 88' lang='lat' dir='ltr'><strong>que</strong></span> <span class='ocrx_word' id='word_1_332' title='bbox 1048 2065 1226 2096; x_wconf 81' lang='lat' dir='ltr'><strong>verissime</strong></span> <span class='ocrx_word' id='word_1_333' title='bbox 1270 2063 1367 2095; x_wconf 87' lang='lat' dir='ltr'><strong>codd.</strong></span> <span class='ocrx_word' id='word_1_334' title='bbox 1411 2064 1571 2098; x_wconf 76' lang='lat' dir='ltr'><strong>meliores</strong></span> 
     </span>
     <span class='ocr_line' id='line_1_64' title="bbox 947 2106 1569 2151; baseline 0 -9"><span class='ocrx_word' id='word_1_335' title='bbox 947 2107 1094 2149; x_wconf 74' lang='grc' dir='ltr'><strong><em>οἰόμεθα</em></strong></span> <span class='ocrx_word' id='word_1_336' title='bbox 1117 2119 1179 2150; x_wconf 86' lang='lat' dir='ltr'><strong>pro</strong></span> <span class='ocrx_word' id='word_1_337' title='bbox 1203 2109 1295 2149; x_wconf 79' lang='lat' dir='ltr'><strong>vulg.</strong></span> <span class='ocrx_word' id='word_1_338' title='bbox 1321 2106 1472 2149; x_wconf 77' lang='grc' dir='ltr'><strong><em>οἰώμεθα</em></strong></span> <span class='ocrx_word' id='word_1_339' title='bbox 1489 2120 1569 2151; x_wconf 80' lang='lat' dir='ltr'><strong>sup-</strong></span> 
     </span>
     <span class='ocr_line' id='line_1_65' title="bbox 945 2153 1569 2197; baseline -0.002 -9"><span class='ocrx_word' id='word_1_340' title='bbox 945 2156 1158 2197; x_wconf 78' lang='lat' dir='ltr'><strong>peditarunt3</strong></span> <span class='ocrx_word' id='word_1_341' title='bbox 1183 2153 1249 2186; x_wconf 84' lang='lat' dir='ltr'><strong>hoe</strong></span> <span class='ocrx_word' id='word_1_342' title='bbox 1277 2155 1368 2185; x_wconf 89' lang='lat' dir='ltr'><strong>enim</strong></span> <span class='ocrx_word' id='word_1_343' title='bbox 1397 2155 1486 2186; x_wconf 74' lang='lat' dir='ltr'><strong>foret</strong></span> <span class='ocrx_word' id='word_1_344' title='bbox 1509 2155 1569 2187; x_wconf 84' lang='lat' dir='ltr'><strong>dn-</strong></span> 
     </span>
     <span class='ocr_line' id='line_1_66' title="bbox 945 2199 1568 2240; baseline -0.003 -6"><span class='ocrx_word' id='word_1_345' title='bbox 945 2200 1088 2233; x_wconf 80' lang='lat' dir='ltr'><strong>bitantis</strong></span> <span class='ocrx_word' id='word_1_346' title='bbox 1103 2204 1206 2240; x_wconf 76' lang='lat' dir='ltr'><strong>atque</strong></span> <span class='ocrx_word' id='word_1_347' title='bbox 1226 2199 1460 2240; x_wconf 78' lang='lat' dir='ltr'><strong>deliberantis,</strong></span> <span class='ocrx_word' id='word_1_348' title='bbox 1477 2201 1568 2232; x_wconf 89' lang='lat' dir='ltr'><strong>ideo-</strong></span> 
     </span>
     <span class='ocr_line' id='line_1_67' title="bbox 946 2244 1568 2288; baseline 0 -10"><span class='ocrx_word' id='word_1_349' title='bbox 946 2256 1011 2288; x_wconf 85' lang='lat' dir='ltr'><strong>que</strong></span> <span class='ocrx_word' id='word_1_350' title='bbox 1047 2244 1090 2277; x_wconf 80' lang='lat' dir='ltr'><strong>ab</strong></span> <span class='ocrx_word' id='word_1_351' title='bbox 1124 2245 1188 2277; x_wconf 82' lang='lat' dir='ltr'><strong>hae</strong></span> <span class='ocrx_word' id='word_1_352' title='bbox 1235 2246 1391 2278; x_wconf 78' lang='lat' dir='ltr'><strong>oratione</strong></span> <span class='ocrx_word' id='word_1_353' title='bbox 1427 2255 1568 2287; x_wconf 80' lang='lat' dir='ltr'><strong>prorsus</strong></span> 
     </span>
     <span class='ocr_line' id='line_1_68' title="bbox 946 2291 1157 2327; baseline -0.014 -4"><span class='ocrx_word' id='word_1_354' title='bbox 946 2291 1157 2327; x_wconf 79' lang='lat' dir='ltr'><strong>abhorreret.</strong></span> 
     </span>
    </p>

    <p class='ocr_par' dir='ltr' id='par_1_19' title="bbox 942 2333 1568 2696">
     <span class='ocr_line' id='line_1_69' title="bbox 990 2333 1567 2377; baseline 0 -11"><span class='ocrx_word' id='word_1_355' title='bbox 990 2333 1109 2367; x_wconf 81' lang='grc' dir='ltr'><strong><em>κατὰ</em></strong></span> <span class='ocrx_word' id='word_1_356' title='bbox 1144 2333 1357 2377; x_wconf 80' lang='grc' dir='ltr'><strong><em>σμικρὸν</em></strong></span> <span class='ocrx_word' id='word_1_357' title='bbox 1389 2333 1458 2376; x_wconf 84' lang='grc' dir='ltr'><strong>δὲ]</strong></span> <span class='ocrx_word' id='word_1_358' title='bbox 1485 2335 1567 2367; x_wconf 82' lang='lat' dir='ltr'><strong>sed</strong></span> 
     </span>
     <span class='ocr_line' id='line_1_70' title="bbox 944 2380 1568 2423; baseline -0.002 -10"><span class='ocrx_word' id='word_1_359' title='bbox 944 2381 1240 2423; x_wconf 79' lang='lat' dir='ltr'><strong>paullatim.</strong></span> <span class='ocrx_word' id='word_1_360' title='bbox 1286 2380 1396 2419; x_wconf 75' lang='lat' dir='ltr'><strong>Quam</strong></span> <span class='ocrx_word' id='word_1_361' title='bbox 1426 2380 1463 2412; x_wconf 90' lang='lat' dir='ltr'><strong>in</strong></span> <span class='ocrx_word' id='word_1_362' title='bbox 1496 2389 1568 2412; x_wconf 87' lang='lat' dir='ltr'><strong>rem</strong></span> 
     </span>
     <span class='ocr_line' id='line_1_71' title="bbox 943 2425 1566 2466; baseline -0.003 -8"><span class='ocrx_word' id='word_1_363' title='bbox 943 2426 1241 2459; x_wconf 78' lang='lat' dir='ltr'><strong>Heindorfius</strong></span> <span class='ocrx_word' id='word_1_364' title='bbox 1277 2427 1323 2458; x_wconf 80' lang='lat' dir='ltr'><strong>ad</strong></span> <span class='ocrx_word' id='word_1_365' title='bbox 1349 2425 1501 2466; x_wconf 88' lang='lat' dir='ltr'><strong>Sophist.</strong></span> <span class='ocrx_word' id='word_1_366' title='bbox 1532 2435 1566 2466; x_wconf 83' lang='lat' dir='ltr'><strong>p.</strong></span> 
     </span>
     <span class='ocr_line' id='line_1_72' title="bbox 943 2470 1567 2512; baseline -0.008 -6"><span class='ocrx_word' id='word_1_367' title='bbox 943 2471 1020 2506; x_wconf 84' lang='grc'><strong>217.</strong></span> <span class='ocrx_word' id='word_1_368' title='bbox 1050 2471 1095 2502; x_wconf 91' lang='lat' dir='ltr'>D</span> <span class='ocrx_word' id='word_1_369' title='bbox 1129 2482 1174 2503; x_wconf 88' lang='lat'><strong><em>=</em></strong></span> <span class='ocrx_word' id='word_1_370' title='bbox 1205 2481 1238 2512; x_wconf 78' lang='lat' dir='ltr'>p</span> <span class='ocrx_word' id='word_1_371' title='bbox 1278 2470 1355 2505; x_wconf 80' lang='lat'><strong>275.</strong></span> <span class='ocrx_word' id='word_1_372' title='bbox 1392 2474 1567 2511; x_wconf 76' lang='lat' dir='ltr'><strong>comparat</strong></span> 
     </span>
     <span class='ocr_line' id='line_1_73' title="bbox 938 2510 1564 2571; baseline -0.008 -20.967"><span class='ocrx_word' id='word_1_373' title='bbox 938 2510 1072 2550; x_wconf 88' lang='lat' dir='ltr'><strong>Demo</strong></span> <span class='ocrx_word' id='word_1_374' title='bbox 1084 2517 1162 2551; x_wconf 88' lang='lat' dir='ltr'><strong>sth.</strong></span> <span class='ocrx_word' id='word_1_375' title='bbox 1186 2515 1323 2571; x_wconf 86' lang='lat' dir='ltr'><strong>Leptin.</strong></span> <span class='ocrx_word' id='word_1_376' title='bbox 1345 2517 1375 2556; x_wconf 73' lang='lat'><strong>5.</strong></span> <span class='ocrx_word' id='word_1_377' title='bbox 1399 2515 1454 2550; x_wconf 91' lang='lat'><strong>39.</strong></span> <span class='ocrx_word' id='word_1_378' title='bbox 1483 2512 1564 2546; x_wconf 78' lang='grc' dir='ltr'><strong><em>πάν·</em></strong></span> 
     </span>
     <span class='ocr_line' id='line_1_74' title="bbox 945 2556 1566 2601; baseline -0.006 -6"><span class='ocrx_word' id='word_1_379' title='bbox 945 2574 982 2595; x_wconf 80' lang='grc' dir='ltr'><strong><em>τα</em></strong></span> <span class='ocrx_word' id='word_1_380' title='bbox 1030 2561 1133 2594; x_wconf 75' lang='grc' dir='ltr'><strong><em>ταῦτα</em></strong></span> <span class='ocrx_word' id='word_1_381' title='bbox 1178 2557 1362 2601; x_wconf 74' lang='grc' dir='ltr'><strong><em>αμελοῦμεν</em></strong></span> <span class='ocrx_word' id='word_1_382' title='bbox 1364 2572 1385 2593; x_wconf 92' lang='grc' dir='ltr'><strong><em>α</em></strong></span> <span class='ocrx_word' id='word_1_383' title='bbox 1428 2556 1566 2601; x_wconf 75' lang='grc' dir='ltr'><strong><em>υπὲρᾆι</em></strong></span> 
     </span>
     <span class='ocr_line' id='line_1_75' title="bbox 944 2604 1565 2649; baseline -0.005 -10"><span class='ocrx_word' id='word_1_384' title='bbox 944 2604 1024 2640; x_wconf 74' lang='grc' dir='ltr'><strong><em>κατὰ</em></strong></span> <span class='ocrx_word' id='word_1_385' title='bbox 1049 2604 1200 2649; x_wconf 79' lang='grc' dir='ltr'><strong><em>σμικρόν.</em></strong></span> <span class='ocrx_word' id='word_1_386' title='bbox 1234 2607 1399 2639; x_wconf 79' lang='lat' dir='ltr'><strong>Addimus</strong></span> <span class='ocrx_word' id='word_1_387' title='bbox 1420 2605 1565 2639; x_wconf 78' lang='lat' dir='ltr'><strong>Phaedr.</strong></span> 
     </span>
     <span class='ocr_line' id='line_1_76' title="bbox 942 2650 1563 2696; baseline -0.003 -10"><span class='ocrx_word' id='word_1_388' title='bbox 942 2664 974 2696; x_wconf 86' lang='lat' dir='ltr'><strong>p.</strong></span> <span class='ocrx_word' id='word_1_389' title='bbox 999 2652 1077 2688; x_wconf 81' lang='lat'><strong>262.</strong></span> <span class='ocrx_word' id='word_1_390' title='bbox 1098 2653 1142 2684; x_wconf 77' lang='lat' dir='ltr'><strong>A.</strong></span> <span class='ocrx_word' id='word_1_391' title='bbox 1167 2652 1359 2694; x_wconf 86' lang='lat' dir='ltr'><strong>Xenoph.</strong></span> <span class='ocrx_word' id='word_1_392' title='bbox 1383 2650 1563 2684; x_wconf 86' lang='lat' dir='ltr'><strong>Mem.1V.</strong></span> 
     </span>
    </p>
   </div>
  </div>
 </body>
</html>
