1612 2872
425 92 510 135 DE
541 89 821 135 LEGIBUS
853 98 934 132 etc.
1163 87 1398 131 LXXVII

0 195 1 204 ἵ
49 209 210 252 versari
254 206 474 264 potuisse,
512 205 596 248 nisi
627 203 683 246 ad
717 201 1056 259 philosophandi
1087 200 1398 244 sublimitatem

49 281 99 309 ac
130 263 497 323 magnificentiam
534 260 809 304 adhibuisset
847 260 978 302 etiam
1018 257 1398 315 diligentissimam

50 338 190 365 rerum
230 321 513 364 humanarum
543 318 894 361 observationem
923 322 1055 372 atque
1083 315 1302 358 variarum
1332 331 1399 357 re-

50 395 142 421 rum
182 378 454 436 publicarum
495 388 660 428 mores,
699 374 820 430 leges
850 379 894 416 et
923 373 1127 416 instituta
1151 373 1399 415 accuratius

49 442 166 479 esset
216 433 467 477 scrutatus?
546 431 763 475 Nimirum
807 429 925 472 istud
984 430 1162 485 quidem
1226 437 1276 472 ut
1338 430 1401 472 ita

48 493 224 547 faceret,
264 498 357 534 tum
398 498 514 533 certe
544 488 614 530 vel
643 488 829 530 maxime
868 488 1163 530 necessarium
1191 487 1231 529 ei
1263 486 1401 529 videri

48 549 216 603 debuit,
247 563 396 604 quum,
427 554 630 602 suscepto
665 544 853 600 optimae
878 544 1070 587 civitatis
1097 544 1401 601 depingendae

49 605 259 658 consilio,
302 605 432 647 etiam
472 600 703 646 ostendere
745 615 797 643 ac
830 599 996 643 ‘docere
1035 601 1154 656 apud
1209 602 1400 644 animum

48 661 366 714 constituisset,
398 660 556 716 quibus
594 658 713 700 vitiis
750 657 954 714 vulgares
985 657 1234 700 laborarent
1263 657 1402 702 Grae-

49 720 140 762 ciae
171 718 370 762 civitates
400 723 444 760 et
475 715 695 772 quomodo
725 715 826 770 ipsa
853 714 1075 756 hominum
1106 715 1198 757 vita
1218 717 1401 758 mactari

49 775 284 831 aliquando
314 780 467 832 posset
497 789 548 816 ea
577 771 815 828 republica,
847 771 892 813 in
923 787 1012 826 qua
1041 772 1231 829 optimae
1262 772 1399 829 leges,

49 834 268 890 perfectae
312 831 494 874 rationis
535 830 662 886 quasi
691 828 903 882 vicariae,
931 843 1247 885 usquequaque
1278 830 1400 887 vige-

49 897 168 945 rent,
213 904 300 944 quo
339 887 622 931 accederetur
660 884 896 941 aliquando
937 901 1068 941 quam
1109 886 1305 942 proxime
1346 886 1402 929 ad

49 962 238 990 summae
278 945 559 1003 perfectionis
603 958 656 986 ac
692 943 915 985 felicitatis
955 943 1144 999 speciem
1177 949 1221 985 et
1249 944 1402 1001 imagi-

49 1020 160 1048 nem.
231 1004 344 1046 Nam
382 1003 466 1045 hoc
504 1001 580 1057 qui
612 1001 756 1043 facere
783 999 948 1054 voluit,
981 1015 1078 1042 eum
1108 1006 1308 1057 apertum
1336 1007 1406 1045 est

50 1061 167 1103 nullo
206 1067 337 1117 pacto
377 1074 524 1103 carere
563 1057 758 1115 potuisse
798 1071 941 1098 rerum
974 1057 1166 1099 civilium
1198 1058 1403 1101 observa—

51 1118 166 1161 tione
205 1125 336 1172 atque
367 1115 716 1173 perscrutatione
747 1113 1102 1170 diligentissima,
1125 1121 1176 1156 ut
1204 1115 1404 1171 profecto

51 1175 203 1216 mirum
243 1189 332 1216 non
372 1174 453 1228 sit,
493 1171 614 1228 quod
654 1170 941 1228 philosophus
981 1172 1111 1212 etiam
1151 1172 1197 1213 in
1236 1171 1303 1214 his
1347 1174 1405 1214 ri-

51 1230 220 1273 mandis
248 1229 568 1274 studiosissime
601 1234 796 1270 versatus
829 1234 908 1270 est.
970 1228 1118 1283 Atque
1148 1228 1194 1270 in
1225 1243 1277 1270 eo
1309 1231 1404 1284 qui-

52 1287 150 1330 dem
192 1302 348 1344 opere,
381 1286 435 1329 de
468 1302 554 1342 quo
584 1285 827 1340 loquimur,
858 1284 954 1326 fieri
985 1285 1113 1340 plane
1142 1300 1228 1327 non
1258 1287 1406 1341 potuit

53 1345 157 1400 quin
186 1344 330 1401 legum
358 1344 447 1386 vim
477 1350 608 1399 atque
650 1342 822 1398 copiam
851 1342 1114 1384 uberrimam
1143 1351 1406 1399 congereret

53 1407 392 1458 congestamque
422 1400 676 1456 disponeret
703 1405 749 1440 et
778 1398 1051 1444 diiudicaret.
1111 1398 1257 1453 Quum
1290 1401 1404 1443 enim

51 1459 96 1500 in
139 1474 190 1501 eo
232 1473 382 1500 omnes
434 1457 703 1514 reipublicae
743 1462 893 1512 partes
926 1455 1138 1498 adornare
1191 1463 1234 1499 et
1274 1473 1404 1513 quam

52 1515 213 1572 optime
244 1515 515 1557 constituere
545 1520 729 1557 conatus
755 1513 829 1567 sit,
862 1513 960 1568 quis
991 1519 1057 1556 est
1088 1514 1191 1568 quin
1216 1514 1406 1557 fateatur

43 1587 142 1615 -rem
183 1572 322 1628 ipsam
367 1586 470 1614 sane
528 1571 811 1626 plurimarum
876 1570 1148 1625 maximeque
1186 1572 1406 1614 variarum

56 1629 200 1686 legum
231 1629 600 1671 enumerationem
630 1642 717 1669 non
746 1632 834 1669 tam
869 1627 1084 1684 exegisse,
1116 1642 1245 1682 quam
1275 1629 1406 1684 plane

54 1685 343 1743 postulavisse
386 1691 518 1740 atque
557 1683 809 1741 flagitasse?
868 1683 1026 1740 Itaque
1068 1684 1221 1727 harum
1259 1701 1405 1728 rerum

54 1742 360 1785 commentatio
390 1749 543 1784 nostro
574 1741 751 1796 quidem
774 1740 938 1783 iudicio
969 1756 1058 1783 non
1086 1742 1218 1785 modo
1249 1758 1275 1784 a
1304 1742 1405 1785 Pla-

52 1800 168 1842 tonis
198 1805 339 1841 mente
381 1809 426 1841 et
462 1799 640 1855 ingenio
689 1813 776 1840 non
815 1797 1035 1852 abhorret,
1075 1814 1227 1841 verum
1276 1800 1407 1843 etiam

54 1857 237 1898 maxime
277 1855 431 1898 decere
473 1855 646 1898 videtur
685 1855 831 1911 magni
874 1860 918 1897 et
962 1855 1125 1898 excelsi
1162 1858 1302 1899 virum
1340 1857 1406 1898 in-

55 1913 188 1968 genii,
228 1912 392 1967 quippe
420 1912 495 1967 qui
524 1912 570 1953 in
600 1912 786 1954 maxima
811 1911 910 1965 illa,
943 1927 1029 1967 qua
1060 1913 1282 1967 excelluit,
1315 1913 1407 1956 ani·

54 1969 111 2010 mi
149 1967 379 2011 altitudine
421 1983 676 2023 summaque
714 1983 857 2009 rerum
897 1968 1210 2022 humanarum,
1256 1971 1408 2024 quales

54 2040 204 2067 revera
234 2040 330 2068 esse
360 2025 519 2078 solent,
554 2025 848 2067 contemtione
881 2031 926 2067 et
954 2041 1032 2080 pro
1067 2040 1091 2067 e
1122 2025 1409 2083 despicientia

54 2089 200 2124 tamen
239 2097 327 2124 non
359 2081 612 2137 desperavit
650 2081 704 2123 de
735 2081 897 2124 maiore
927 2042 1115 2136 quad‘am
1147 2084 1407 2142 populorum

55 2138 258 2183 felicitate
301 2138 539 2194 aliquando
584 2138 830 2192 exoritura,
871 2144 1006 2193 atque
1037 2138 1148 2181 adeo
1179 2146 1407 2196 praestan-

56 2195 221 2238 tissima
260 2196 533 2250 maximeque
575 2195 814 2238 laudabilia
860 2195 958 2237 iniit
997 2196 1203 2250 consilia,
1246 2198 1407 2252 quibus

57 2267 150 2295 eam
179 2252 294 2295 effici
322 2252 560 2308 aliquando
590 2267 720 2309 posse
751 2252 924 2308 penitus
955 2252 1037 2295 sibi
1067 2255 1374 2310 persuasisset.

169 2310 239 2351 Ac
283 2315 407 2352 tanto
444 2310 587 2352 minus
628 2310 829 2364 profecto
874 2324 1135 2365 quemquam
1166 2312 1328 2367 poterit
1357 2327 1409 2354 ea

58 2379 126 2408 res
156 2365 267 2407 male
298 2365 455 2409 habere
485 2372 561 2408 aut
589 2381 615 2408 a
647 2366 844 2408 Platonis
873 2366 1050 2423 ingenio
1080 2367 1220 2411 videri
1250 2369 1407 2423 aliena,

58 2437 143 2476 quo
182 2422 341 2466 certius
377 2424 596 2466 coniicere
634 2423 738 2466 licet
777 2422 1086 2479 philosophum
1132 2426 1409 2482 provectiore

57 2478 329 2533 potissimum
368 2486 510 2523 aetate
554 2479 610 2522 ad
640 2479 792 2522 harum
822 2494 964 2523 rerum
993 2481 1187 2524 studium
1219 2493 1264 2525 et
1291 2498 1409 2526 com.-

58 2536 367 2579 mentationem
413 2537 663 2580 traductum
723 2551 831 2579 esse.
910 2537 993 2580 Illo
1051 2539 1165 2581 enim
1217 2546 1409 2596 tempore

58 2598 394 2636 consentaneum
437 2600 505 2637 est
540 2594 685 2649 ipsum
727 2593 856 2636 etiam
885 2595 1092 2651 propius,
1126 2611 1256 2651 quam
1287 2603 1408 2639 ante-

59 2646 155 2701 hac,
186 2648 241 2691 ad
271 2650 632 2694 considerandam
673 2650 894 2693 hominum
927 2652 1060 2695 vitam
1093 2654 1333 2696 accessisse
1367 2660 1410 2695 et
