1612 2872
257 84 339 126 DE
376 82 652 126 LEGIBUS
683 81 801 124 LIB.
834 80 869 124 I.
905 80 953 123 P.
986 81 1081 124 548.
1114 80 1180 124 St.
1316 85 1394 125 1³25

134 204 235 246 ΑΘ.
309 203 445 258 Χρῷο
483 201 525 246 δ’
567 198 627 244 ἂν
663 204 723 251 εὶς
746 197 853 251 τοὺς
871 195 1044 258 φόβους
1065 194 1252 247 τούτους
1270 196 1395 252 ἄγων

30 272 104 314 καὶ
150 273 333 325 ἐλέγχων
379 274 426 313 ὲν
474 277 568 320 τοῖς
610 266 912 324 παθήμασιν,
970 263 1077 317 dign
1122 264 1394 320 ἀναγκάζειν

29 336 215 398 ἄφοβον
258 340 528 393 γίγνεσθαι,
583 334 993 391 παρακελευόμενος
1033 335 1108 376 καὶ
1156 335 1396 377 νουθετῶν

30 408 104 449 καὶ
140 406 300 459 τιμῶν,
340 402 419 448 τὸν
455 407 500 448 δὲ
535 403 788 459 ἀτιμάζων,
825 401 944 453 ὅςτις
979 415 1049 444 σοι
1083 398 1144 456 μὴ
1181 404 1393 446 πείθοιτο
1437 413 1473 455 C

31 472 144 516 εἶναι
180 473 400 522 τοιοῦτος,
437 470 536 515 οἷον
568 470 621 514 σὺ
659 469 840 520 τάττοις
873 474 920 512 ἐν
955 471 1093 523 πεῖσις
1131 471 1205 512 καὶ
1227 486 1396 526 γυμνα-

29 539 226 597 σάμενον
270 540 350 595 μὲν
397 533 445 582 εὖ
488 541 562 582 καὶ
604 536 818 594 ἀνὸρείως
862 535 1054 591 ἀζήμιον
1090 534 1399 590 ἀπαλλάττοις

30 605 115 658 ἄν,
153 609 297 657 κακῶς
332 608 377 649 δὲ
414 608 574 663 ζημίαν
608 607 858 659 ὲπιτιθει’ς,·
908 600 935 656 ἢ
974 602 1025 647 τὸ
1062 605 1282 660 παράπαν
1317 605 1398 651 οὐκ

30 673 90 718 ἂν
121 675 263 731 χρῷο,
296 675 434 730 μηδὲν
470 671 582 716 ἄλλο
621 673 818 727 ἐγκαλῶν
852 673 913 727 τῷ
954 671 1161 726 πώματις

136 742 239 784 ΚΛ.
309 741 404 783 Καὶ
438 743 532 791 πῶς
568 739 651 784 οὐκ
686 737 745 783 ἀν
775 740 938 796 χρῷτο,
976 732 1008 781 ὦ
1045 738 1160 791 ξέιες

133 810 235 852 ΑΘ.
307 810 542 865 Γυμνασία
571 810 695 863 ῥοῦν,
732 800 764 850 ὦ
793 809 905 867 φίλε,
941 806 1066 886 παρὰ
1089 823 1144 849 τα
1170 808 1251 849 ιῦν
1275 810 1397 851 θαυ-

31 894 152 934 μαςη
205 874 411 933 ῥᾳςωνης
458 874 517 919 ἂν
563 875 628 929 εἴη
673 874 787 918 καθ’
840 878 917 917 ένα
956 892 1030 918 και
1067 874 1169 916 κατ’
1220 874 1399 929 ὀληους

32 947 106 988 καὶ
139 942 254 987 καθ’
296 942 495 994 ὁπόσους
530 960 596 995 τις
630 941 702 986 ἀεὶ
734 941 967 997 βούλοιτο·
1005 944 1078 985 καὶ
1099 942 1183 985 εἴτε
1207 959 1273 993 τις
1303 942 1396 1001 ἄρα
1427 954 1471 996 D

30 1011 170 1068 μόνος
207 1016 254 1054 ὲν
289 1014 459 1068 ἐρημίᾳ,
497 1010 548 1054 τὸ
584 1012 663 1064 τῆς
695 1009 904 1066 αἰσχύνης
925 1013 1207 1065 ἐπίπροσθεν
1241 1011 1398 1055 ποιού-

31 1097 184 1136 μενος,
235 1081 340 1157 πρὶν
386 1095 432 1121 ευ
482 1086 600 1134 σχεῖν
644 1076 896 1134 ἡὶούμενος
943 1076 1149 1134 ὁρᾶσθαι
1194 1075 1256 1134 μὴ
1295 1081 1399 1132 δεῖν,

33 1145 148 1192 οὕτω
198 1144 312 1203 πρὸς
355 1144 461 1196 τοὺς
508 1145 682 1204 φόβους
726 1144 1021 1202 γυμνάζοιτο,
1071 1147 1203 1200 πῶμα
1251 1148 1398 1201 μόνον

32 1213 133 1259 ἀντι
178 1216 346 1271 μυρίων
385 1212 662 1271 πραῃιάτων
718 1211 1188 1271 παρασκευαζόμενος,
1243 1213 1398 1270 ὀρθὸν

31 1279 90 1326 ἄν
124 1298 167 1325 τι
204 1281 422 1339 πράττοι,
467 1281 551 1325 είτε
596 1299 683 1334 τις,
730 1282 874 1337 ἑαυτῷ
925 1278 1116 1330 πιςεύων
1159 1278 1289 1341 φύσει
1323 1285 1398 1327 καὶ

32 1412 70 1445 Ξ.
95 1414 144 1445 Ω.
172 1422 202 1444 v.
230 1410 259 1446 h.
286 1422 312 1445 r.
340 1423 371 1445 a.
395 1422 424 1445 c.
451 1422 485 1445 x.
511 1423 543 1447 z.
591 1413 684 1446 Dein
716 1412 820 1454 vulgo
851 1409 1131 1454 γυμνασόμενος,
1164 1411 1258 1454 qnod
1283 1423 1327 1447 ex
1355 1417 1394 1447 Α.

32 1459 73 1494 B.
99 1458 138 1492 Ξ.
163 1459 212 1491 Ω.
238 1470 271 1491 v.
297 1459 323 1491 f.
348 1468 374 1493 r.
400 1469 431 1492 a.
457 1469 486 1492 c.
513 1469 546 1492 o.
573 1459 603 1494 δ.
629 1470 662 1492 x.
690 1470 721 1492 z.
748 1457 971 1491 emendatum
998 1457 1117 1490 habea.

124 1505 166 1538 D
214 1503 360 1550 ὀρθὸν
392 1505 441 1537 ἄν
470 1518 513 1537 τι
546 1503 764 1549 πράττοι]
799 1504 918 1548 ορθως
946 1507 986 1536 Α.
1012 1503 1043 1537 h.
1072 1513 1099 1536 r.
1125 1503 1157 1536 δ.
1183 1514 1217 1537 x.
1245 1508 1280 1538 et
1305 1515 1397 1539 corr.

32 1552 81 1592 Ω,
112 1551 204 1606 quod
235 1548 338 1584 'lurr.
370 1550 572 1585 Schneider.
611 1552 733 1587 Herm.
775 1552 993 1593 evulgarunt.

34 1596 152 1641 ὀρθόν
176 1610 222 1631 τι.

34 1720 202 1753 cunque
246 1712 449 1745 volueris
498 1711 680 1755 respici—

35 1768 138 1790 mus.
193 1757 245 1790 De
292 1759 448 1800 genitivo
495 1756 680 1801 ῥᾳστώνης,

35 1803 92 1845 qui
134 1801 263 1846 pendet
302 1813 346 1836 ex
385 1802 601 1847 θαυμαστή,
647 1813 679 1835 v.

38 1847 256 1882 Matthiae
288 1849 351 1881 Gr.
386 1850 449 1881 Gr.
481 1849 511 1891 ᾖ.
542 1849 621 1883 344.
647 1849 680 1883 1.

36 1895 132 1927 Ante
157 1892 245 1926 καθ’
279 1893 335 1926 ἵνα
368 1894 447 1928 vide
471 1905 514 1928 an
538 1895 594 1927 καὶ
620 1905 681 1927 ex-

36 1939 170 1973 ciderit.

81 1986 130 2019 D.
179 1984 227 2019 τό
256 1988 334 2026 τῆς
358 1984 574 2029 αἰσχύνης
599 1987 683 2019 ent-

34 2035 236 2077 προσθεν
276 2030 571 2077 ποιούμενος]
611 2043 683 2076 pu-

35 2078 186 2112 dorem
223 2077 490 2111 obtendens.
542 2078 684 2121 Loquu·

36 2125 168 2158 tionem
194 2124 237 2157 ad
265 2125 377 2166 Gorg.
406 2135 438 2167 p.
466 2125 545 2161 525.
574 2126 615 2158 D.
643 2127 684 2159 il-

37 2171 280 2214 lustravimu23
312 2171 476 2213 piuribus
510 2172 685 2214 exemplis

37 2227 80 2250 ex
106 2215 293 2249 Plutarcho
320 2217 439 2259 petiti·
471 2218 686 2251 confirmavit

41 2261 335 2306 Wyttenbach.
383 2263 427 2296 ad
478 2263 572 2297 Plut.
627 2264 685 2297 De

37 2309 211 2342 consonat.
235 2308 282 2342 ad
307 2309 514 2353 Aponon-p
519 2310 685 2345 .796.:=

38 2354 116 2389 Vol.
154 2355 205 2387 11.
245 2365 279 2396 p.
311 2353 391 2389 109
421 2355 475 2388 ed.
492 2320 607 2399 ¹’lips
640 2374 686 2380 —

37 2399 135 2441 πρὶν
167 2395 211 2432 εὖ
245 2403 368 2441 σχεῖν
396 2412 426 2434 ιι.
457 2414 491 2442 τ,
522 2402 553 2435 λ.
594 2402 685 2434 exi-

38 2446 228 2479 stiman·
270 2456 321 2478 ae
357 2455 439 2480 non
476 2449 603 2490 prius
643 2449 686 2481 in

37 2496 332 2535 con-pectam
364 2490 580 2528 hominum
617 2504 685 2527 ve-

38 2537 131 2571 nire
156 2541 379 2580 oportere
410 2549 531 2581 qnam
556 2550 683 2583 quum

39 2583 200 2617 bonum
249 2587 401 2617 nactus
451 2585 512 2619 nit
559 2586 685 2620 habi-

39 2633 143 2663 tum.

82 2676 171 2708 εϊτε
196 2688 279 2717 τις,
305 2674 443 2719 ἑαυτῷ
468 2676 686 2711 πιστεύων

1051 1549 1125 1584 Sed
1161 1550 1395 1594 iungendum:

748 1710 814 1754 -]
847 1710 992 1744 Dativus
1025 1709 1141 1754 ἑαυτῷ
1170 1708 1309 1742 additus
1344 1713 1399 1742 est

749 1758 860 1790 verbo
883 1755 1081 1798 πιστεύων,
1114 1766 1218 1799 quum
1246 1756 1397 1798 vulgaris

750 1813 834 1836 usus
865 1803 1040 1846 exigeret.
1074 1800 1245 1836 πιστεύων
1270 1801 1400 1835 ἑαυτόν

750 1848 1058 1903 παρεσκευάσθαι,
1116 1853 1176 1880 aui
1223 1845 1399 1880 πιστεύων

751 1893 1047 1938 amoenanda-9111.
1104 1895 1145 1926 In
1173 1904 1243 1935 quo
1279 1898 1399 1926 tamen

753 1950 820 1973 non
874 1946 929 1973 est
976 1950 1038 1972 eur
1092 1940 1172 1982 quis
1226 1938 1400 1979 offendat,

753 1985 1034 2028 quandoquidem
1051 1988 1201 2027 scriptor
1226 1984 1398 2018 hominem

753 2032 884 2064 viribus
918 2034 990 2064 suis
1023 2032 1252 2065 confidentem
1288 2032 1400 2064 voluit

753 2078 957 2121 significare.
1021 2078 1078 2111 De
1126 2078 1398 2111 constructionis

754 2125 961 2158 confusione
993 2134 1024 2156 v.
1060 2134 1164 2167 supra
1189 2123 1231 2156 ad
1258 2135 1292 2167 p.
1318 2123 1399 2159 626

754 2171 797 2204 Ι).
823 2189 869 2194 ——
916 2169 992 2211 τὴν
1017 2170 1057 2203 ἐν
1083 2173 1135 2211 τῇ
1157 2173 1232 2202 τοῦ
1256 2168 1396 2213 πώμα-

753 2228 826 2254 τος
849 2229 878 2248 n.
903 2229 935 2248 τ.
956 2216 1001 2256 λ.,
1028 2216 1277 2256 ostendere,
1304 2227 1399 2258 poa-

755 2273 803 2295 se
829 2273 876 2296 ae
907 2273 1122 2306 superare
1154 2267 1287 2305 atque
1311 2263 1397 2296 vin-

755 2318 855 2342 cere
898 2310 998 2350 vim,
1044 2319 1154 2351 quae
1201 2309 1309 2342 insit
1357 2311 1397 2341 in

755 2355 1030 2396 mutatione,
1061 2366 1090 2388 ιι.
1117 2354 1398 2395 diversitate,

755 2411 880 2443 quam
931 2405 1086 2445 potue
1134 2401 1397 2435 necessario

755 2447 932 2483 afferat.
986 2447 1046 2480 Sic
1084 2448 1174 2481 enim
1206 2447 1397 2489 intelligen-

755 2492 833 2527 dum
857 2492 951 2536 quod
977 2494 1051 2527 iibri
1069 2504 1153 2528 mes.
1172 2504 1299 2536 magna
1313 2503 1398 2526 con-

754 2539 914 2573 sensione
947 2543 1086 2574 tuentur
1115 2538 1289 2582 ἀναγκαίᾳ
1322 2540 1398 2572 δια-

753 2588 861 2628 φοριῖ.
931 2586 1046 2619 Prave
1093 2586 1148 2619 alii
1197 2586 1400 2629 διαφθορᾷ,

753 2631 846 2674 quod
872 2641 915 2666 ne
946 2635 1142 2666 sententiae
1174 2631 1314 2674 quidem
1343 2642 1401 2663 aa·

754 2677 800 2710 tis
852 2678 1156 2713 accommodatum
1209 2681 1275 2711 est.
1351 2677 1402 2709 De
