1612 2872
152 86 232 128 DE
268 81 539 128 LEGIBUS
572 79 691 125 LIB.
723 80 808 123 111.
841 80 888 122 P.
923 79 1020 122 689.
1043 78 1137 120 690.
1170 77 1234 121 St.

1326 78 1405 119 307

56 209 269 265 σοφία,η
241 197 293 257 ἧς
324 202 348 246 ὁ
387 204 468 258 μὲι
498 200 612 245 κατὰ
649 200 783 256 λόγον
817 201 903 253 ζῶν
939 206 1131 255 μέτοχος,
1150 195 1174 242 ὁ
1211 200 1257 243 δὲ
1291 196 1405 242 ἀπο-

55 271 310 327 λειπόμενος
345 267 628 328 οἰκοφθόρος
661 271 736 312 καὶ
772 270 869 323 περὶ
898 267 1029 311 πόλιν
1049 264 1221 326 οὐδαμῇ
1243 267 1405 324 σωτήρ,

55 339 170 384 ἀλλὰ
206 341 299 382 πᾶν
333 337 598 380 τούναντίον
632 334 909 391 ἀμαθαίνων
945 339 1003 383 εὶς
1029 335 1174 377 ταῦτα
1199 333 1405 378 ἑκάστοτε

56 415 276 468 φανεῖται.
313 407 456 448 ταῦτα
490 406 571 459 μὲν
605 397 700 456 οὖν,
738 404 952 458 καθάπερ
988 402 1166 458 εἴπομεν
1200 399 1319 460 ἄρτι,
1338 405 1406 447 λε·

56 478 237 532 asyma
272 472 452 526 τεθήτω
486 470 640 532 ταύτῃ.

160 543 262 585 KA.
332 541 515 583 Κείσθω
552 539 638 597 γὰρ
675 532 769 583 οὖν.

157 606 270 669 Cap.
307 606 369 650 X.
440 608 539 650 ΛΘ.
596 604 845 662 ’Ἀρχοντας
869 607 914 647 δὲ
953 603 1006 656 δὴ
1043 606 1114 648 καὶ
1134 604 1407 661 ἀρχομένους

55 677 303 730 ἀναγκαῖον
337 679 384 717 ἐν
420 682 517 724 ταῖς
550 674 728 717 πόλεσιν
762 673 875 717 εἶναι’
909 688 1008 714 που.

157 745 259 787 ΚΛ.
333 744 385 785 Τί
416 739 528 798 μήτις

154 812 252 855 ΑΘ.
322 809 444 853 Εἶεν·
486 808 716 865 ἀξιώματα
762 810 807 852 δὲ
850 804 904 860 δὴ
951 808 1028 851 τοῦ
1064 822 1110 849 τε
1145 805 1296 864 ἄρχειν
1329 809 1402 850 καὶ
1435 817 1518 858 690

57 877 280 935 ἄρχεσθαι
315 873 423 920 ποῖά
456 881 548 920 ἐστι
581 878 656 920 καὶ
690 873 822 927 πόσα,
844 879 891 919 ἕν
926 890 971 918 τε
1005 874 1160 918 πόλεσι
1184 874 1406 932 μεγάλαις

59 948 133 990 καὶ
166 951 366 1001 σμικραῖς
400 947 443 988 ἔν
479 960 524 987 τε
560 947 718 995 οἰκίαις
749 941 978 995 ώςαύτως,·
1011 935 1086 998 ἆρ’
1129 942 1226 1000 οὐχὶ
1260 947 1307 987 ἓν
1325 946 1406 998 μὲν

58 1090 218 1122 Alterum
244 1092 424 1120 accentum
448 1087 606 1120 referunt
629 1086 709 1118 Par.
737 1086 781 1116 A.
813 1095 856 1117 ex
882 1084 1106 1130 διιτογραφίᾳ
1130 1087 1223 1129 apud
1247 1086 1408 1120 Bastium

58 1141 191 1178 notata,
219 1135 299 1166 Vat.
329 1131 367 1166 Ω.
393 1134 483 1166 Ven.

511 1134 550 1168 Ξ.
576 1134 601 1166 f.
626 1133 660 1164 h.
685 1143 712 1164 r.
737 1142 814 1163 cum
838 1132 996 1166 Eusebio
1021 1134 1248 1166 Theodoreto
1273 1139 1307 1166 et
1326 1133 1407 1166 Sto-

58 1183 146 1215 baeo
171 1180 364 1213 Gaisfordi.
392 1191 422 1212 v.
449 1179 654 1213 Schneider.
672 1179 725 1211 ‘ad
749 1178 871 1220 Remp.
893 1181 973 1213 Vol.
989 1180 1056 1214 111.
1071 1191 1103 1223 p.
1122 1179 1200 1214 142.
1228 1185 1263 1212 et
1287 1180 1406 1213 Butt-

57 1238 199 1261 mann.
225 1226 289 1259 Gr.
318 1227 436 1269 ΑιιιΡΙ.
462 1227 544 1260 Vol.
570 1227 596 1259 l.
619 1237 652 1268 p.
678 1223 758 1260 518.
785 1225 840 1257 ed.
865 1226 898 1260 2.

57 1351 218 1384 Platonis
253 1361 374 1384 omnes
420 1351 570 1389 τούτων,
602 1351 698 1394 quod

57 1407 101 1430 ex
126 1393 326 1430 ιουνανιιόν
350 1401 588 1441 suspenditur.

58 1460 63 1462 >
104 1442 205 1486 μήτε
229 1442 455 1486 γράμματα
477 1444 581 1488 μήτε
612 1447 700 1476 νειν

59 1488 333 1532 ἐπισπῶνται]
361 1491 592 1525 Proverbium
611 1491 697 1523 fuitz

58 1533 141 1578 μήτε
170 1540 242 1568 νεῖν
270 1535 353 1579 μήιε
384 1536 574 1580 γράμματα,
604 1538 699 1580 quod

58 1581 366 1624 Diogenianns
417 1585 589 1617 Proverb.
635 1584 697 1626 VI.

56 1628 112 1662 56.
138 1634 259 1661 narrat
281 1636 487 1672 usurpatum
512 1631 622 1664 fuisse
642 1628 697 1661 ἐπὶ

57 1674 124 1710 ταῖν
147 1671 306 1715 ἀμαθῶν.
344 1675 405 1709 Sic
434 1678 539 1710 etiam
558 1677 696 1710 Latini·

56 1731 198 1763 neque
230 1722 412 1756 litteras
449 1734 593 1766 neque
629 1733 696 1756 na·

57 1773 151 1799 tare
187 1768 360 1800 didicit.
419 1769 561 1802 Laudat
606 1770 698 1801 hanc

56 1815 95 1845 in
118 1823 191 1846 rem
215 1810 370 1846 Astiu’s
390 1815 503 1857 intpp.
531 1816 576 1848 ad
596 1814 696 1847 sue-

58 1865 144 1891 ton.
169 1860 263 1900 Aug.
283 1858 340 1893 64.
359 1859 472 1903 Calig.
487 1860 543 1895 54.
572 1861 697 1894 Eras-

57 1906 115 1937 mi
134 1905 274 1946 Adagg.
290 1916 324 1947 p.
337 1905 414 1940 117.
429 1907 458 1939 P
469 1907 570 1939 etiti
584 1907 699 1949 Legg.

58 1953 135 1984 Att.
173 1962 206 1993 Ρ.
243 1951 323 1986 239.
361 1953 420 1984 ubi
460 1954 519 1986 lex
554 1952 699 1985 Solonis

59 1997 197 2030 citatur.
261 1997 357 2030 Dein
382 2009 458 2040 1pro
494 1998 616 2031 δοτέον
653 1995 700 2031 ὦς

58 2042 160 2086 impp.
201 2043 512 2078 Theodoretus
559 2043 696 2088 ἐγχειρι-

59 2089 158 2122 σιέον
183 2093 254 2122 τοῖς
278 2090 438 2131 ἒμφροσμ
467 2092 565 2124 Idem
578 2093 700 2134 paullo

59 2140 141 2168 ante
169 2146 233 2178 pro
266 2133 310 2168 ἂν
341 2137 396 2169 καὶ
422 2135 460 2170 τὸ
486 2139 553 2181 λεγ.
579 2139 701 2172 scribit

60 2177 124 2213 κᾶν
149 2180 186 2214 τὸ
210 2180 405 2225 λεγόμενον.

109 2227 197 2260 πῶς
221 2226 300 2271 γὰρ
325 2227 392 2268 ἄν,
418 2241 445 2262 ω
471 2231 608 2271 φίλοι,
632 2231 698 2273 -]

60 2274 115 2306 De
139 2276 314 2308 sententia
336 2277 442 2309 conf.
452 2275 554 2319 Reip.
577 2277 642 2309 1v.
664 2287 698 2318 Ρ.

59 2319 142 2354 443.
168 2320 213 2352 D.
238 2320 282 2353 Ε.
311 2322 488 2355 Phaedon.
513 2334 547 2365 p.
570 2323 629 2359 93.
655 2323 698 2355 Ε.

61 2367 120 2399 ubi
144 2367 264 2399 eadem
288 2367 349 2399 de
360 2370 502 2402 virtute.

107 2409 128 2455 ἦ
167 2413 364 2456 καλλίστη
408 2415 475 2447 καὶ
520 2418 699 2459 μεγίστη

61 2459 130 2500 -J
146 2458 385 2492 Laudathaec
399 2461 516 2494 Theo
533 2461 699 2503 Smyrn.

59 2515 94 2546 Ρ.
131 2504 188 2538 12.
233 2505 549 2549 ed.(3e1der.qui
580 2509 701 2541 scribit

61 2551 224 2603 μεγίστη
226 2552 293 2583 τῶν
322 2553 399 2594 περὶ
429 2550 561 2586 πόλεων
593 2565 699 2594 συμφ.

60 2602 96 2628 et
118 2607 195 2654 pro
203 2593 247 2628 ἄν
271 2597 404 2640 λέγοιτο
428 2601 536 2641 aequa
559 2602 703 2633 exhibet

61 2640 151 2675 ὃσιὶν
174 2639 195 2686 ἦ
222 2646 340 2685 σοφία.
389 2644 487 2678 Idem
510 2657 592 2679 mox
617 2658 702 2690 pro.

63 2687 174 2733 συιήρ
200 2688 282 2723 ἀλλὰ
307 2691 376 2724 πᾶν
399 2689 492 2724 tot'r.
512 2689 564 2733 ἇμ.
579 2694 701 2727 habet

768 1346 938 1391 σωτήριος
961 1347 1018 1381 ἅτε
1045 1349 1082 1383 τὰ
1106 1350 1244 1394 μέγιστα
1256 1348 1405 1391 ἀμαθαί-

766 1407 847 1428 νων.
897 1396 968 1428 Pro
999 1397 1050 1429 sis·
1082 1398 1187 1430 ταῦτα
1211 1397 1329 1431 Stob.
1359 1399 1409 1431 εἰς

768 1437 881 1474 ταύτά.
920 1443 1020 1475 Idem
1044 1454 1087 1476 ex
1112 1444 1166 1478 ed.
1193 1444 1408 1478 Trincavess.

769 1490 941 1530 φαίνεται,
978 1500 1043 1531 pro
1083 1494 1249 1531 φανεῖται.
1312 1492 1407 1524 Dein

767 1545 875 1577 prave
924 1537 1030 1577 vulgo
1077 1538 1408 1580 inter-pungebatur:

768 1579 927 1624 καθάπερ
951 1582 1091 1622 εἴπομεν
1113 1581 1189 1624 ἄρτι
1218 1583 1408 1627 λελεγμένα,

766 1625 900 1670 τεθήτω
927 1626 1172 1672 11113177,quod
1199 1632 1324 1663 vitium
1350 1642 1408 1664 su-

765 1675 864 1707 stulit
887 1674 1126 1709 Bekkerus.

810 1720 897 1763 Cap.
922 1722 970 1753 X.
1020 1722 1063 1754 E.
1107 1720 1333 1765 ''Apxovtas
1365 1721 1408 1755 δὲ

765 1765 818 1809 δὴ
843 1767 912 1799 καὶ
937 1764 1023 1810 ἅρχ.
1048 1770 1118 1811 -]
1145 1771 1243 1802 Haec
1267 1781 1409 1813 quoque

764 1814 1006 1856 transscripsit
1013 1814 1038 1847 S
1048 1820 1062 1847 t
1069 1826 1090 1847 ο
1099 1816 1122 1848 b
1130 1826 1151 1848 a
1158 1827 1177 1848 e
1185 1827 1208 1847 u
1217 1828 1232 1849 s
1246 1815 1408 1849 sermon.

765 1860 886 1891 XLII.
910 1870 944 1901 Ρ.
970 1860 1048 1895 295.
1071 1863 1213 1894 =v01.
1227 1863 1267 1895 ΙΙ.
1279 1874 1314 1905 Ρ.
1327 1862 1408 1897 203.

765 1906 820 1937 ei.
847 1904 959 1938 Gaisf.
983 1907 1081 1948 Lips.
1106 1918 1220 1950 usque
1251 1910 1297 1941 ad
1320 1919 1408 1941 emat

766 1951 888 1991 φαμέν.

815 1997 852 2029 Ρ.
883 1997 963 2032 690.
1020 1994 1238 2038 ἀξιώματα
1279 1998 1321 2031 δὲ
1357 1998 1407 2041 δὴ

768 2044 845 2074 τοῦ
869 2055 907 2076 τε
932 2041 1077 2086 ἄρχειν
1091 2045 1150 2089 -]
1180 2041 1408 2087 Ἀξιώμαια

767 2090 824 2122 hic
842 2096 1014 2123 vocantur
1026 2091 1169 2131 iudicia,
1184 2093 1312 2134 quibus
1330 2094 1408 2136 quis

767 2136 821 2168 vel
849 2138 916 2170 sibi
943 2138 1012 2179 ipsi
1036 2139 1094 2170 vel
1121 2139 1201 2172 aiiis
1226 2140 1348 2182 aliqua
1370 2150 1408 2172 re

766 2183 901 2224 dignus,
932 2184 1054 2216 videtu
1115 2195 1210 2226 esse,
1246 2192 1286 2218 ut
1333 2186 1409 2219 fere

765 2228 974 2262 Germanice
1021 2240 1059 2262 re
1086 2231 1122 2262 di
1167 2233 1282 2274 possit
1329 2243 1407 2265 voc.

766 2276 1037 2317 Ansprfiehe.
1066 2277 1200 2310 Eadem
1226 2279 1261 2310 vi
1285 2283 1321 2310 et
1342 2289 1406 2321 Ρο-

765 2327 892 2354 testate
921 2324 1076 2364 positum
1100 2328 1153 2356 est
1176 2325 1281 2358 etiam
1306 2326 1405 2358 dein-

766 2378 847 2410 ceps
872 2379 906 2410 Ρ.
929 2369 1008 2404 690.
1033 2369 1076 2402 Β.
1106 2375 1142 2403 et
1163 2371 1210 2403 D.
1243 2382 1285 2405 ac
1308 2373 1406 2404 simi-

767 2415 847 2447 liter
900 2416 1018 2449 iudice
1063 2417 1405 2506 Wypttenbachio

769 2461 1084 2494 PlutarchusI
1064 2463 1095 2495 Ι.
1189 2464 1269 2499 644.
1297 2466 1342 2496 A.
1368 2475 1403 2507 Ρ.

766 2507 845 2542 922.
874 2509 916 2540 A.
943 2508 1022 2543 986.
1047 2509 1088 2542 F.
1113 2510 1193 2544 992.
1206 2511 1250 2544 Β.
1277 2507 1407 2552 ἀξίωμα

769 2550 875 2596 ἀρχῆς
898 2555 998 2587 dixit.
1045 2555 1102 2587 Ε
1093 2567 1104 2588 ι
1122 2567 1140 2589 c
1153 2558 1163 2588 i
1177 2568 1198 2589 n
1214 2568 1237 2589 ιι
1253 2568 1269 2590 s
1300 2559 1406 2590 verba

766 2601 935 2633 reddidit:
950 2602 1152 2635 rationes
1169 2614 1248 2645 pro
1270 2604 1406 2645 digni-

767 2651 856 2680 tate
887 2648 1140 2690 imperandi
1173 2655 1307 2693 atque
1341 2660 1406 2691 pa-

766 2694 911 2735 rendi,
928 2699 966 2726 ut
981 2696 1057 2737 ipse
1082 2706 1222 2738 quoque
1248 2697 1407 2728 videatur

1028 2753 1139 2793 20*
