1612 2872
456 88 541 132 DE
570 88 848 135 LEGIBUS
879 98 962 132 etc.
1141 88 1399 130 CXXXIX

39 203 98 245 tis
129 201 255 258 quasi
282 202 495 257 perfectio
517 203 732 257 quaedam
754 209 799 245 et
828 201 1059 246 absolutio,
1104 200 1232 255 >Nam
1263 214 1397 254 quum

40 258 255 316 sapientia
283 259 342 301 sit
375 259 500 313 quasi
530 259 620 302 dux
651 267 696 302 et
726 260 935 316 magistra
962 258 1171 300 virtutum
1203 257 1395 299 omnium

39 316 326 371 reliquarum,
374 315 728 372 quandoquidem
769 318 910 359 virtus
950 315 1070 357 nulla
1116 314 1274 357 mentis
1310 314 1395 356 sci—

38 372 156 414 entia
205 378 250 414 et
297 372 590 429 intelligentia
627 389 774 416 carere
802 380 974 430 potest,
1016 371 1148 414 sicuti
1189 370 1396 413 docemur

38 430 168 471 etiam
212 428 313 471 aliis·
346 430 480 482 locis,
527 429 581 472 de
619 431 779 485 quibus
811 446 850 472 v.
882 428 1090 485 Prolegg.
1122 427 1179 470 ad
1212 427 1393 470 hachet.

38 493 83 528 et
120 485 423 540 Charmidem,
471 486 574 529 huic
612 492 797 542 apparet
835 486 993 541 quovis
1030 492 1161 542 pacto
1208 485 1397 540 primum

36 543 180 585 locum
221 543 357 585 fuisse
396 543 723 599 assignandum.
791 543 885 584 Iam
918 557 1023 584 vero
1053 543 1192 584 oritur
1224 542 1396 584 iustitia

37 600 270 643 coniuncta
322 599 495 641 demum
543 601 764 657 sapientia
812 606 855 642 et
910 599 1203 655 temperantia
1254 605 1299 640 et
1349 599 1395 640 in

37 671 170 699 unum
212 655 422 707 conflata3
466 670 519 698 ex
565 673 653 712 quo
693 656 1002 711 consequitur,
1042 662 1093 696 ut
1147 661 1266 697 certe
1314 670 1395 698 nec

35 713 345 770 temperantiae
385 712 630 756 antecedat.
703 713 838 767 Quod
866 720 1011 755 autem
1040 711 1288 754 fortitudini
1318 727 1395 754 an-

35 770 287 827 teponitur,
326 769 641 813 attendendum
680 776 747 814 est
784 770 840 812 ad
879 769 999 813 istud
1035 769 1125 823 μετ’
1169 769 1393 822 ἀνδρείας,

37 842 124 882 quo
156 833 303 870 orator
343 827 494 869 utitur.
567 828 638 870 Eo
666 829 782 870 enim
814 827 1102 885 significatur,
1133 825 1189 867 ad
1220 826 1402 882 sapien--

34 885 121 926 tiae
152 891 198 926 et
226 885 540 940 temperantiae
569 885 939 938 coniunctionem,
972 898 1061 939 qua
1090 899 1179 925 una
1209 884 1393 925 maxime

36 942 102 985 vis
141 941 336 984 iustitiae
377 943 679 997 contineatur,
722 941 1026 984 tortitudinem
1063 940 1200 983 veluti
1229 940 1393 982 ext-rin-

34 1013 161 1041 secus
199 997 423 1041 accedere.
490 1002 642 1055 Atque
673 999 772 1041 huie
806 1006 855 1041 ut
884 998 1053 1040 iustitia
1082 1003 1392 1053 postponatur,

34 1071 87 1098 eo
127 1055 269 1098 minus
308 1061 454 1112 potest
493 1057 604 1111 fieri,
648 1055 767 1112 quod
796 1054 1058 1112 intelligitur
1087 1055 1148 1097 ibi
1178 1054 1273 1097 sola
1302 1055 1395 1096 fere

33 1112 246 1155 fortitudo
285 1112 469 1165 bellica,
511 1112 565 1155 de
607 1128 696 1168 qua
724 1129 812 1155 una
842 1127 980 1168 usque
1011 1111 1067 1153 ad
1095 1111 1217 1153 illum
1246 1111 1393 1154 locum

66 1169 268 1226 raecipue
319 1169 587 1226 disputatum
638 1170 732 1212 fuit.
809 1169 899 1213 Sed
952 1169 1060 1210 haec
1109 1167 1289 1224 quidem
1336 1168 1391 1211 de

33 1185 132 1269 iimo
171 1227 367 1283 Legum,
411 1241 540 1281 quem
581 1234 711 1269 antea
748 1227 1054 1269 indicavimus.
1123 1225 1392 1268 Accedimus

33 1282 89 1325 ad
119 1283 317 1337 alterum,
349 1283 484 1325 multo
513 1284 632 1326 illum
666 1284 910 1340 graviorem
942 1290 1076 1338 atque
1092 1283 1390 1337 illustriorem,

36 1340 142 1396 quip
178 1355 202 1382 e
239 1341 314 1395 qui
354 1340 416 1382 ita
457 1349 735 1398 comparatus
778 1348 870 1395 est,
909 1347 958 1382 ut
994 1340 1122 1381 Plato
1155 1355 1207 1381 eo
1238 1340 1388 1382 existi-

32 1412 131 1440 man
166 1411 217 1439 us
257 1398 316 1440 sit
353 1397 564 1440 iustitiam
603 1399 798 1441 voluisse
829 1398 1001 1454 plenius
1030 1397 1247 1440 illustrare
1277 1398 1391 1440 eius-

33 1468 118 1509 que
143 1454 230 1497 vim
264 1461 310 1496 et
338 1461 538 1497 naturam
568 1454 728 1498 clarius
760 1456 1024 1511 patefacere.
1083 1455 1168 1497 Est
1197 1455 1235 1496 is
1271 1454 1390 1497 Libr.

32 1511 113 1554 IV.
160 1526 203 1567 p.
242 1513 338 1554 713.
388 1514 443 1553 A.
485 1527 582 1568 sqq.
634 1513 710 1555 ubi
762 1512 1087 1569 elegantissime
1127 1510 1391 1565 ostenditur,

32 1569 210 1623 quinam
249 1569 488 1611 animorum
531 1583 685 1612 sensus
722 1585 803 1625 per
842 1583 992 1611 omnes
1024 1569 1183 1611 civium
1215 1567 1392 1611 ordines

31 1631 163 1680 atque
202 1625 396 1682 singulas
440 1626 711 1682 reipublicae
760 1633 910 1682 partes
948 1640 1134 1683 regnare
1184 1625 1391 1679 debeant,

32 1681 246 1738 siq‘uidem
284 1684 478 1725 futurum
517 1683 600 1736 sit,
639 1690 689 1726 ut
735 1683 905 1726 stabilis
943 1691 1075 1738 atque
1126 1682 1258 1725 beata
1313 1683 1394 1725 fiat

32 1739 200 1781 civitas.
270 1740 339 1782 Ibi
376 1755 480 1783 vero
518 1740 706 1795 primum
743 1749 976 1783 monentur
1003 1740 1225 1796 principes
1257 1746 1392 1796 atque

32 1810 182 1838 omnes
219 1796 274 1850 ii,
315 1811 450 1852 penes
491 1812 601 1851 quos
634 1798 692 1839 sit
721 1812 890 1840 summa
920 1813 1063 1839 rerum
1094 1803 1313 1853 potestas,
1345 1797 1391 1840 in

32 1853 337 1895 constituenda
365 1853 736 1910 gubernandaque
765 1855 995 1910 republica
1023 1853 1131 1896 nihil
1156 1854 1267 1909 ipsis
1298 1860 1391 1896 stu-

32 1909 200 1952 diosius
240 1924 336 1952 esse
366 1910 608 1967 agendum,
647 1924 777 1966 quam
818 1919 868 1953 ut
893 1911 1105 1967 repressis
1134 1911 1285 1966 pravis
1314 1926 1392 1952 cu-

31 1966 289 2023 piditatibus
322 1972 453 2021 atque
484 1968 675 2023 partium
704 1967 863 2010 studiis
889 1968 1013 2010 iussa
1042 1967 1225 2009 rationis
1257 1974 1391 2022 atque

30 2024 150 2080 leges
179 2023 418 2080 prudenter
446 2024 558 2066 latas
588 2024 659 2080 pie
681 2031 977 2078 revereantur,
1010 2023 1209 2079 adeoque
1237 2024 1392 2067 iuben-

30 2087 102 2122 tur
131 2087 342 2137 perpetuo
375 2080 536 2123 intueri
566 2087 788 2136 tamquam
833 2081 1023 2136 optimae
1054 2081 1279 2123 civitatum
1310 2097 1391 2139 gu-

33 2138 301 2180 bernationis
320 2138 566 2194 exemplum
585 2153 768 2195 regnum
794 2137 1063 2192 Saturnium,
1095 2153 1183 2193 quo
1215 2139 1391 2195 vigente

34 2193 171 2236 divini
202 2195 336 2252 genii,
369 2201 592 2249 tamquam
622 2195 734 2237 radii
766 2195 944 2250 quidam
986 2195 1170 2238 divinae,
1190 2195 1390 2252 rationis,

34 2251 179 2293 omnia
227 2252 419 2294 rexerint
466 2258 511 2294 et
558 2253 911 2308 gubernaverint.
995 2252 1057 2294 Hi
1099 2252 1214 2294 enim
1255 2269 1388 2308 quum

33 2314 248 2364 perpetuo
278 2309 494 2351 coluerint
520 2323 696 2365 pacem,
729 2309 1053 2364 verecundiam,
1086 2310 1224 2352 bonas
1254 2310 1391 2368 leges,

34 2364 223 2420 denique
252 2365 486 2420 iustitiam3
517 2368 679 2408 factum
712 2381 826 2419 esse,
847 2372 921 2420 ut,
953 2367 1192 2410 obstructis
1223 2366 1391 2410 discor-

34 2420 202 2463 diarum
242 2437 294 2464 ac
331 2438 565 2478 pravorum
597 2423 843 2476 studiorum
885 2423 1101 2479 fontibus,
1134 2425 1392 2467 mortalibus

36 2478 222 2520 maxima
263 2479 510 2536 obtingeret
558 2480 745 2523 felicitas
786 2496 837 2523 ac
878 2481 1077 2523 beatitas.
1154 2481 1249 2522 Iam
1288 2496 1391 2524 vero

35 2549 167 2589 quum
197 2535 268 2578 vel
296 2537 672 2592 praestantissima
720 2552 831 2594 quae
876 2538 989 2580 inter
1020 2537 1214 2580 homines
1244 2539 1286 2580 vi
1321 2545 1393 2580 eat

35 2591 283 2648 respublica
320 2592 427 2635 nihil
468 2593 589 2636 aliud
629 2609 728 2636 esse
765 2594 968 2637 videatur
1004 2595 1087 2637 nisi
1118 2594 1244 2652 regni
1273 2554 1391 2637 ifiius

32 2654 251 2703 tamquam
291 2650 441 2693 umbra
481 2658 523 2693 et
572 2651 758 2694 imit-atio
798 2651 1036 2706 quaedam,
1078 2652 1300 2707 principes
1351 2657 1392 2692 et
