1612 2872
245 115 347 157 CVI
668 114 1137 158 PROLEGOMENA

247 228 401 270 civitas
431 227 642 269 iudicatur
670 226 854 268 medium
885 231 1027 267 tenere
1059 232 1255 281 oportere
1279 227 1390 268 inter
1406 242 1562 281 μοναρ·

245 283 372 338 χικὴν
413 286 486 326 καὶ
524 282 848 337 δημοκρατικὴν
885 283 1126 335 πολιτείαν,
1165 289 1214 324 ut
1250 283 1446 324 nimirum
1487 298 1565 324 nec

247 339 481 381 dominatio
510 337 636 379 unius
663 343 737 378 aut
765 337 1030 393 singulorum
1070 353 1148 380 nec
1179 338 1327 392 populi
1355 339 1565 393 impotens

247 395 394 438 lubido
434 395 572 435 locum
611 393 777 436 habeat.
845 393 1103 446 Enimvero,
1148 394 1184 435 si
1222 409 1368 435 verum
1397 394 1564 448 quaeri-

250 466 363 502 mus,
398 450 522 490 Plato
554 448 681 490 etiam
711 449 754 489 in
789 449 980 504 Legibus
1007 450 1167 490 nullam
1196 450 1368 491 omnino
1399 464 1451 490 ex
1479 451 1564 492 usi-

247 507 350 547 tatis
395 504 798 560 rerumpublicarum
844 505 990 546 formis
1030 505 1183 547 bonam
1222 511 1266 546 et
1311 504 1565 547 laudabilem

245 560 390 610 duxit,
430 566 478 602 ut
514 560 594 603 hac
633 560 804 615 quidem
831 561 876 602 in
901 566 1024 616 parte
1054 562 1137 603 sibi
1167 576 1341 616 prorsus
1371 566 1566 602 constare

246 616 553 658 existimandus
613 618 682 658 sit.
771 616 907 659 Cuius
956 616 1126 670 quidem
1174 617 1411 658 sententiae
1462 631 1563 658 suae

248 673 453 714 rationem
483 673 654 728 egregie
685 676 884 728 exposuit
923 673 1042 715 Libr.
1072 673 1151 714 IV.
1191 689 1231 728 p.
1265 675 1358 715 713.
1399 675 1438 713 A
1470 687 1562 726 sqq.

248 729 359 769 Nam
397 729 457 771 ibi
494 736 775 785 posteaquam
815 729 1052 784 descriptae
1096 736 1197 770 sunt
1234 735 1433 770 externae
1464 743 1564 770 con-

237 783 446 836 ditiones,
479 784 634 839 quibus
666 785 757 827 fieri
788 786 942 840 possit,
975 792 1023 826 ut
1052 799 1163 825 nova
1194 785 1347 826 civitas
1367 785 1411 825 in
1434 783 1565 824 Creta

246 840 386 883 insula
422 840 648 893 fundetur,
695 855 833 883 sermo
875 841 1003 882 etiam
1041 840 1230 882 defertur
1265 840 1317 880 ad
1348 840 1564 896 regiminis

248 897 475 950 rationem,
508 911 594 950 qua
622 911 754 938 usura
784 897 862 950 sit,
894 897 1219 951 quaeriturque,
1261 896 1369 937 sitne
1398 896 1471 937 illa
1498 910 1562 937 re-

247 953 319 1008 gia
348 953 492 993 futura
522 967 577 993 an
605 953 849 1008 popularis,
891 967 944 994 an
975 951 1160 1007 denique
1190 967 1262 1005 ea,
1303 967 1387 1005 qua
1424 966 1562 993 rerum

244 1023 409 1049 summa
436 1009 494 1049 sit
521 1022 652 1063 penes
682 1022 843 1064 paucos
872 1008 938 1050 vel
957 1009 1194 1064 optimates.
1253 1007 1351 1060 Quo
1376 1009 1471 1048 loco
1491 1007 1562 1048 de—

246 1065 395 1120 inceps
427 1063 532 1105 haec
563 1063 842 1107 disseruntur.
910 1062 1241 1106 Considerantes
1282 1079 1383 1116 nos,
1423 1063 1564 1116 inquit

245 1120 540 1172 Atheniensis,
574 1120 646 1174 qui
676 1121 857 1162 oratoris
889 1126 1031 1174 partes
1050 1119 1191 1174 habet,
1222 1119 1436 1161 civitatem
1459 1119 1562 1160 Cre·

247 1183 409 1217 tensem
440 1191 489 1217 ac
519 1175 928 1229 Lacedaemoniam,
974 1182 1017 1217 et
1048 1191 1230 1230 quanam
1262 1180 1440 1229 utraque
1468 1187 1562 1216 uta-

245 1239 316 1273 tur
344 1231 602 1286 reipublicae
630 1232 1001 1274 administratione
1022 1238 1273 1286 quaerentes
1296 1231 1561 1287 diligentius,

244 1294 360 1330 certe
391 1287 686 1330 difficillimum
724 1303 817 1331 esse
856 1288 1113 1344 reperiemus
1152 1293 1269 1330 certo
1299 1293 1484 1329 statuere
1520 1296 1564 1328 et

245 1343 462 1398 iudicare,
514 1345 732 1400 regiumne
767 1345 990 1399 imperium
1029 1344 1089 1385 ibi
1130 1344 1297 1399 vigeat,
1341 1357 1396 1383 an
1424 1358 1561 1398 popu-

245 1400 355 1453 lare,
395 1416 449 1442 an
493 1399 681 1454 denique
720 1415 953 1456 paucorum
994 1399 1246 1454 dominatio,
1284 1413 1414 1454 penes
1454 1414 1562 1452 quos

245 1471 384 1498 rerum
423 1456 688 1512 publicarum
727 1462 918 1512 potestas
958 1456 1025 1497 sit.
1092 1456 1204 1496 Nam
1243 1470 1372 1509 quum
1411 1454 1560 1496 horum

246 1512 505 1567 reipublicae
530 1527 732 1568 generum
762 1511 1099 1566 unumquodque
1130 1511 1216 1553 illic
1245 1511 1386 1552 valere
1415 1510 1560 1551 videa-

246 1576 339 1621 tur,
372 1576 512 1610 tamen
543 1569 703 1610 nullum
736 1584 881 1612 eorum
910 1583 985 1623 per
1014 1582 1060 1609 se
1091 1567 1228 1609 solum
1261 1567 1472 1619 consistit,
1503 1567 1562 1607 ita

246 1634 294 1665 ut
322 1640 347 1665 a
376 1625 549 1678 reliquis
579 1625 636 1666 sit
664 1624 788 1679 plane
810 1625 1048 1666 seiunctum
1069 1638 1118 1665 ac
1139 1629 1393 1679 separatum.
1432 1621 1561 1675 Quod

247 1681 413 1722 etiamsi
444 1681 571 1723 alicui
602 1681 752 1722 mirum
781 1679 1009 1731 acciderit,
1040 1686 1180 1720 tamen
1209 1693 1466 1734 magnopere
1496 1684 1562 1720 est

245 1736 507 1790 cavendum,
555 1751 609 1777 ne
643 1735 844 1778 Cretibus
874 1742 948 1777 aut
980 1735 1333 1776 Lacedaemoniis
1371 1740 1562 1775 vertatur

244 1793 488 1847 opprobrio.
550 1793 628 1834 Est
655 1792 765 1833 enim
794 1791 839 1833 id
866 1792 1009 1847 ipsum
1036 1797 1286 1847 argumento
1315 1790 1441 1846 longe
1471 1804 1562 1831 cer-

245 1849 431 1900 tissimo,
456 1848 550 1891 illas
571 1848 764 1890 civitates
794 1862 893 1889 vere
921 1853 1123 1901 recteque
1154 1847 1374 1888 civitatum
1394 1845 1562 1887 nomine

245 1904 479 1960 appellari,
519 1903 733 1959 siquidem
761 1918 859 1946 vere
889 1904 1086 1945 civitates
1127 1908 1237 1944 sunt.
1302 1902 1414 1943 Nam
1456 1897 1563 1943 aliae

246 1960 417 2015 quidem
449 1967 588 2014 certe,
627 1975 736 2014 quae
766 1959 932 2015 vulgari
963 1958 1275 2001 consuetudine
1316 1958 1368 2000 ab
1399 1957 1563 2012 imperii

245 2023 289 2058 et
325 2017 542 2072 regiminis
582 2017 749 2058 ratione
786 2016 856 2057 vel
897 2015 1144 2071 tyrannicae
1184 2014 1453 2070 appellantur
1494 2013 1561 2054 vel

246 2072 556 2115 democraticae
583 2072 652 2114 vel
681 2072 1022 2124 aristocraticae,
1063 2071 1099 2113 si
1129 2085 1274 2112 verum
1303 2069 1559 2123 quaerimus,

247 2143 299 2169 ne
329 2136 429 2170 sunt
459 2128 630 2183 quidem
660 2128 878 2181 civitates,
910 2127 1114 2182 quoniam.
1140 2125 1256 2167 nullo
1288 2125 1562 2166 continentur

245 2185 481 2227 communis
511 2184 730 2226 societatis
759 2183 944 2225 vinculo.
1004 2182 1218 2235 Quocirca
1238 2181 1457 2222 vocandae
1485 2196 1560 2236 po-

246 2241 332 2282 tius
363 2247 463 2282 sunt
500 2241 666 2283 πόλεων
709 2241 897 2291 οἰκήσεις
939 2239 1008 2280 vel
1045 2237 1306 2290 διοικήσεις,
1358 2243 1561 2290 tanquam

246 2295 369 2338 sedes
399 2312 447 2338 ac
479 2296 693 2338 domicilia
721 2296 936 2337 hominum
967 2295 1026 2336 ibi
1056 2293 1361 2346 habitantium,
1404 2293 1560 2348 quippe

245 2367 354 2406 quae
382 2351 543 2394 incolas
573 2352 744 2407 quidem
773 2352 973 2404 habeant,
1003 2351 1116 2393 cives
1147 2355 1287 2391 autem
1318 2365 1403 2391 non
1432 2347 1562 2390 habe-

247 2415 331 2450 ant.
407 2409 526 2450 Fieri
564 2410 675 2450 enim
715 2409 760 2449 in
794 2408 860 2450 his
894 2408 956 2448 ita
993 2406 1126 2459 solet,
1165 2412 1215 2447 ut
1253 2420 1352 2461 pars
1390 2405 1560 2456 civium,

247 2480 411 2506 summa
443 2479 582 2506 rerum
623 2464 782 2519 potita,
827 2463 1065 2505 dominetur
1100 2461 1390 2515 iniustumque
1428 2461 1562 2514 impe-

247 2521 354 2562 rium
391 2526 611 2574 exerceat,
652 2534 750 2575 pars
790 2519 954 2573 reliqua
991 2533 1077 2560 non
1106 2518 1242 2560 solum
1271 2517 1449 2573 parere,
1485 2516 1562 2558 sed
1610 2557 1612 2571 ζ

247 2577 374 2618 etiam
416 2576 575 2618 servire
604 2582 795 2632 cogatur.
869 2575 990 2628 Quae
1033 2575 1126 2630 ipsa
1164 2588 1316 2616 caussa
1354 2578 1446 2625 est,
1486 2586 1561 2613 cur
1610 2590 1612 2630 3

249 2648 323 2675 eae
351 2647 506 2675 nomen
538 2647 659 2675 suum
690 2632 776 2674 fere
809 2630 1051 2686 acceperint
1079 2645 1165 2672 non
1196 2628 1365 2672 aliunde
1396 2627 1476 2670 nisi
1508 2627 1560 2668 ab
