1612 2872
251 110 333 153 336

731 96 1124 152 PLATONlff

251 229 547 282 ἐπιθυμηταί,
585 226 890 301 πειραθῶμεν,
926 227 1140 280 διατεμεῖν
1170 227 1300 282 χωρὶς
1335 226 1387 268 τά
1428 242 1471 269 τε
1505 232 1573 280 μέ-

251 308 376 346 >cata
412 295 484 334 καὶ
518 289 694 346 δεύτερα
731 293 801 332 καὶ
837 293 987 345 τρίτας
1609 286 1612 288 ’

351 360 453 400 ΜΕ.
524 355 656 398 Πάνυ
690 359 768 410 μὲν
804 351 896 399 οὖν.

351 424 448 465 ΛΘ.
516 425 714 476 Λέγομεν
750 426 922 472 τοίνυν,
958 421 1027 466 ὅτι
1061 420 1210 475 πόλιν,
1244 420 1301 471 ὡς
1337 425 1457 471 ἔοικε,
1491 421 1573 474 τὴν

187 503 225 544 Β
255 491 496 544 μέλλουσαν
539 489 760 540 σώζεσθαί
803 506 846 531 τε
881 491 952 530 καὶ
987 485 1320 543 εὐδαιμονήσειν
1350 493 1407 538 εἰς
1444 487 1573 530 δύνα-

249 573 324 609 μιν
357 554 651 608 ἀνθρωπίνην
683 557 745 596 δεῖ
778 557 851 596 καὶ
885 554 1129 607 ἀναγκαῖον
1165 553 1293 608 τιμάς
1320 570 1364 597 τε
1384 556 1455 596 καὶ
1476 554 1572 597 ἀτι-

249 625 350 675 μίας
386 623 600 673 διανέμειν
633 619 799 675 ὀρθῶς.
835 626 924 663 ἔστι
958 624 1000 664 δὲ
1037 621 1190 674 ὀρθῶς
1224 617 1312 675 ἄρα
1333 620 1572 675 τιμιώτατα

249 690 329 741 μὲν
363 688 435 729 καὶ
469 688 620 742 πρῶτα
656 685 709 728 τὰ
748 689 843 741 περὶ
878 686 958 739 τὴν
992 684 1141 745 ψυχὴν
1175 684 1335 737 ἀγαθοὶ
1379 689 1570 736 κεῖσθαι,

250 751 534 812 σωφροσύνης
576 750 852 808 ὑπαρχούσης
897 754 1032 813 αὐτῇ,
1073 753 1251 806 δεύτερα
1290 754 1334 794 δὲ
1381 750 1436 794 τὰ
1475 754 1571 806 περὶ

250 818 300 862 τὸ
340 821 462 874 σῶμα
497 817 609 861 καλὰ
646 822 717 862 καὶ
752 818 936 873 ἀγαθά,
981 822 1053 862 καὶ
1097 822 1220 875 τρίτα
1268 816 1321 859 τὰ
1357 820 1454 872 περὶ
1490 818 1571 871 τὴν

344 995 381 1026 1).
407 993 483 1028 697.

249 1039 450 1072 Schneider.

250 1173 400 1206 fariam
427 1182 475 1205 ea
502 1170 724 1210 dividere,
753 1181 875 1213 quum

251 1225 293 1252 et
326 1220 405 1260 ipsi
444 1219 583 1258 legum
627 1218 759 1248 simus
805 1227 878 1250 ne·

250 1266 347 1297 scio
394 1263 610 1305 quomodo
656 1262 875 1304 studiosi,

250 1318 472 1347 conemur,
505 1306 582 1339 hoc
618 1311 703 1346 est,
739 1318 879 1341 secer-

250 1366 350 1389 nere
384 1353 580 1391 maxima,
619 1352 812 1385 secunda
837 1357 879 1386 et

250 1401 400 1434 tertia.
461 1397 516 1430 Sic
546 1397 628 1429 haec
663 1398 878 1439 expedienda

250 1451 348 1484 sunt,
390 1454 477 1486 qnae
516 1444 617 1484 vulgo
665 1443 880 1476 intricatiora

250 1495 334 1525 fiunt
367 1492 498 1522 omisso
545 1492 624 1529 post
665 1489 880 1530 πειραθῶμεν

249 1540 442 1576 commate,
472 1533 562 1575 quod
594 1544 648 1565 res
679 1535 754 1576 ipsa
784 1535 878 1576 flagi-

248 1588 309 1616 tat
361 1581 490 1613 Etenim
511 1579 630 1611 verba·
656 1578 878 1619 διατεμεῖν-

250 1630 303 1661 καὶ
329 1628 429 1669 ιριᾞτα
455 1635 515 1666 ρει·
526 1627 735 1665 epexegesin
761 1625 876 1656 addita

248 1679 329 1707 aunt
368 1668 598 1712 superioribus
639 1666 676 1700 to*
716 1668 752 1701 δὲ
786 1669 878 1711 τριχῇ

251 1719 386 1754 διελεῖν,
425 1715 466 1748 ad
500 1724 588 1755 quae
625 1710 711 1746 αὑτά
750 1715 874 1747 inteni-

249 1763 395 1806 gendum
434 1759 644 1800 relinquitur.
709 1760 877 1801 Exempla

249 1811 328 1842 talis
361 1804 560 1849 epexegesis
594 1804 672 1836 alibi
703 1805 877 1836 annotavi-

251 1865 327 1888 mus
352 1853 439 1884 bene
464 1850 582 1883 muita

297 1922 339 1954 B.
395 1919 457 1951 ειέ
492 1914 681 1955 δύναμιν
713 1913 877 1959 ἅνθρω-

253 1966 396 2009 πίνην]
434 1974 508 2005 pro
540 1962 705 1994 viribus
739 1962 877 1996 huma-

252 2015 333 2053 nis,
382 2012 583 2051 quantum
628 2006 876 2041 hominibus

253 2059 398 2092 liceat.
410 2073 449 2079 —
469 2052 522 2085 δεῖ
529 2053 583 2084 καὶ
600 2049 787 2095 ἀναγκαῖον
803 2054 877 2085 iun-

250 2107 341 2136 ctum
364 2105 409 2156 vut
440 2109 548 2156 ειιρτει
572 2109 603 2139 ρ.
637 2099 715 2133 693.
747 2099 798 2131 D:
829 2099 882 2130 δεῖ

251 2147 294 2191 δὴ
335 2141 399 2180 οὖν
436 2145 489 2177 καὶ
528 2139 713 2185 ἀναγκαῖον
741 2146 878 2184 μεταλα-

252 2196 337 2236 βεῑν.

297 2261 384 2292 ἔστι
410 2259 452 2291 δὲ
475 2254 621 2300 ὅρθωε
645 2253 723 2297 ἄρα
741 2256 797 2298 --]
826 2255 877 2288 Ad

251 2303 372 2348 ὀρθῶς
403 2307 461 2338 int.
493 2302 679 2343 διανέμειν,
715 2306 753 2333 ut
777 2302 878 2333 verba

252 2353 426 2394 proxima.
458 2347 631 2389 τιμιώτατα
660 2366 704 2371 -
735 2346 879 2384 κεῖσθαι,

250 2406 367 2429 rursus
391 2405 451 2435 per
476 2394 681 2436 epexegesin
701 2393 879 2424 subiuncta

251 2443 328 2474 sint.
386 2441 584 2472 Structurae
622 2440 788 2470 rationem
818 2437 880 2469 de-

250 2489 466 2519 claraverunt
513 2483 689 2515 dihuidius
732 2483 881 2515 Astius

251 2532 294 2565 ad
326 2531 450 2571 Rernp.
484 2540 515 2571 p.
542 2529 620 2563 372.
656 2526 880 2560 Schnefer.

253 2578 294 2610 nd
320 2578 424 2614 Greg.
443 2575 522 2606 Cor.
543 2585 574 2615 ρ.
594 2573 648 2608 83.
674 2572 883 2605 Matthiae

252 2622 312 2656 Gr.
339 2621 370 2664 ξ.
395 2620 472 2655 309.
499 2629 573 2650 ann.
630 2617 758 2653 Statuit
784 2619 885 2659 igitur

253 2665 471 2711 phiiosophus
505 2663 556 2697 hio
602 2663 667 2696 tria
715 2663 882 2696 bonorum

541 993 733 1035 Αέγομεν
770 992 934 1035 τοίνυν]
969 993 1113 1034 λέγωμεν
1144 990 1230 1023 Cod.
1259 1002 1288 1023 v.
1320 990 1411 1033 quod
1445 992 1571 1032 recepit

945 1179 1083 1212 genera,
1112 1170 1232 1211 quibus
1257 1169 1397 1210 singuiis
1419 1170 1488 1201 vuit
1511 1168 1571 1200 ad·

945 1216 1092 1248 iunctam
1110 1226 1187 1248 ease
1212 1214 1479 1256 temperantiam,
1504 1216 1570 1247 vir-

946 1265 1038 1292 tutes
1063 1261 1181 1300 animi‚
1215 1260 1302 1292 bona
1334 1260 1506 1300 corporis,
1536 1264 1570 1292 et

945 1306 1034 1339 hona
1064 1306 1231 1338 fortunae.
1287 1305 1348 1337 Cui
1387 1305 1573 1338 sententiae

945 1352 1044 1383 aiicni
1076 1350 1234 1383 videatur
1269 1350 1350 1383 iilud
1382 1350 1571 1391 adversari,

945 1396 1035 1438 quod
1061 1397 1141 1429 alibi
1167 1397 1210 1428 de
1235 1395 1331 1428 bonis
1347 1395 1495 1428 externis
1520 1396 1571 1428 Ιο-

946 1443 1061 1483 quitur
1095 1452 1168 1474 cum
1202 1444 1378 1473 contemtu
1403 1445 1504 1481 atque
1530 1451 1569 1472 ea

945 1488 1130 1519 arbitratur
1166 1487 1239 1519 fere
1283 1486 1370 1518 nihili
1416 1485 1571 1518 facienda

945 1542 1032 1565 esse.
1082 1534 1124 1564 At
1149 1532 1234 1564 enim
1256 1541 1337 1564 vero
1357 1535 1484 1563 tantum
1511 1531 1571 1562 ab-

944 1582 1015 1619 est,
1047 1581 1085 1609 ut
1116 1576 1179 1608 hac
1212 1578 1244 1608 in
1277 1587 1315 1609 re
1346 1577 1422 1616 ipse
1453 1585 1567 1607 secum

945 1627 1088 1664 pugnet,
1126 1625 1164 1652 ut
1195 1623 1291 1662 plane
1320 1621 1382 1652 sibi
1413 1624 1570 1652 constare

943 1665 1189 1699 existimandus
1227 1666 1281 1697 eit.
1339 1664 1569 1697 Etenimetsi

943 1713 1033 1744 bona
1081 1711 1180 1742 animi
1225 1710 1356 1742 censuit
1403 1720 1478 1742 esse
1517 1719 1570 1749 ea,

944 1767 1032 1798 quae
1065 1758 1162 1788 unice
1199 1756 1333 1786 nomine
1369 1764 1430 1786 suo
1471 1754 1571 1794 digna

945 1803 1032 1841 sint,
1065 1805 1180 1833 tamen
1208 1810 1270 1831 nec
1302 1800 1397 1831 bonis
1420 1800 1570 1831 externis

945 1847 1066 1889 eripuit
1104 1855 1204 1877 suum
1247 1846 1410 1887 pretium,
1446 1844 1572 1886 quippe

944 1902 1032 1934 quae
1068 1892 1150 1923 talia
1189 1900 1267 1922 esse
1305 1889 1484 1928 iudicavit,
1520 1892 1569 1923 ut.

945 1938 1000 1979 qui
1026 1942 1119 1969 recte
1145 1936 1184 1968 iia
1204 1940 1328 1974 utatur,
1354 1937 1384 1967 is
1399 1944 1496 1975 quum
1526 1934 1568 1966 ad

945 1982 1131 2025 sapientiae
1156 1980 1305 2012 studium
1321 1984 1390 2012 tum
1414 1979 1456 2012 ad
1482 1981 1571 2012 vitae

944 2029 1091 2061 fructum
1135 2032 1168 2058 et
1208 2025 1450 2057 iucunditatem
1499 2035 1570 2056 ma-

944 2083 1041 2113 gnum
1058 2072 1178 2104 habeat
1197 2070 1397 2112 praesidinm
1416 2074 1450 2102 et
1474 2070 1569 2101 adiu-

945 2123 1106 2150 mentum.
1138 2115 1302 2148 Nimirum
1325 2125 1389 2147 nec
1413 2115 1571 2157 volupta-

945 2164 1032 2196 tibus
1079 2163 1179 2194 vitam
1229 2159 1403 2193 humanam
1455 2170 1572 2192 carere

945 2219 1047 2250 posse
1091 2205 1242 2246 censuit,
1289 2215 1492 2247 quamquam
1539 2206 1571 2237 in

946 2255 1076 2295 optimo
1106 2252 1193 2283 vitae
1226 2255 1317 2283 statu
1352 2261 1409 2283 eas
1442 2254 1570 2282 tantum

945 2300 1048 2331 voluit
1088 2308 1130 2329 ex
1171 2297 1235 2328 iilis
1276 2297 1384 2328 locum
1434 2295 1571 2334 habero,

945 2354 1032 2385 qnae
1065 2353 1171 2384 purae
1201 2352 1277 2374 esse
1309 2341 1501 2373 viderentur
1538 2345 1572 2371 et

946 2394 1019 2422 cum
1044 2387 1229 2429 sapientiae
1251 2391 1367 2418 natura
1384 2385 1570 2417 consociari

948 2444 1067 2476 posae;
1098 2433 1140 2465 de
1166 2442 1228 2473 qua
1257 2442 1292 2463 re
1318 2430 1515 2463 acutissime
1541 2430 1572 2461 in

949 2478 1088 2512 Philebo
1122 2478 1322 2519 disputatur.
1356 2476 1445 2508 conf.
1472 2485 1573 2516 supra

951 2525 1058 2566 legg.
1090 2524 1114 2556 1.
1146 2533 1178 2565 p.
1210 2522 1289 2556 631.
1325 2522 1350 2554 Β
1383 2531 1456 2562 sqq.
1495 2520 1570 2551 coli.

948 2572 993 2602 in
1021 2569 1093 2600 iibri
1125 2568 1172 2604 V„
1195 2568 1251 2600 ubi
1275 2566 1374 2599 animi
1400 2565 1496 2597 bonis
1519 2573 1571 2595 re-

950 2617 1038 2656 liqna
1078 2614 1189 2646 omnia
1227 2612 1426 2653 simpliciter
1465 2618 1570 2651 oppo—

950 2664 1087 2698 nuntur,
1112 2660 1157 2691 ita
1182 2657 1336 2700 quidem,
1362 2659 1399 2688 ut
1421 2654 1478 2687 ilia
1503 2663 1573 2686 ma-
