1612 2872
237 112 318 153 420

723 110 1092 153 PLATONIS

235 225 381 268 πάντα
426 243 484 278 μη
533 225 609 277 οὐχ
658 222 821 277 ἱζιβρεαίς
870 241 908 264 τε
961 229 1029 265 καὶ
1076 224 1245 271 ἀδικίας
1303 227 1571 278 ingenuom,

237 293 358 333 ταῦτ’
397 285 495 347 ,οὖν
547 290 861 343 (διανοούμενος
905 297 1029 346 εψςη
1065 291 1267 342 βασιλέας
1305 306 1346 331 τε
1386 293 1454 332 καὶ
1493 291 1572 345 ἅρ-

330 417 366 447 C.
425 416 579 457 ἐφίστη
611 416 835 459 βασιλέας]
876 417 1035 458 ἑφίσιηιο
1071 423 1108 449 Α.
1143 422 1176 449 et
1206 415 1242 448 Ω.
1276 421 1365 450 teste
1402 417 1571 458 Bekkero,

239 463 360 495 silente
386 461 522 500 Bastio,
550 466 584 494 et
609 463 646 495 Ξ.
674 473 705 494 v.
733 462 755 494 f.
782 461 810 494 li.
837 472 860 494 r.
888 473 917 494 a.
945 472 973 494 c.
1002 461 1029 493 δ.
1057 473 1085 493 ο.
1135 462 1299 494 Iulianus:
1335 461 1454 504 ἐφίστη
1487 462 1571 498 τότε,

239 507 404 549 probante
431 506 640 539 Hermanno.

239 626 301 659 pes
329 620 364 648 et
388 615 628 657 magistratus,
661 617 771 649 missis
796 627 872 659 per·

238 660 374 694 niciosis
413 661 556 702 partium
600 661 724 694 studiis
772 666 873 703 atque

239 706 351 747 pravis
377 704 634 747 cupiditatibus,
658 717 748 748 quae
773 710 872 748 vulgo

239 754 271 784 in
305 751 498 783 civitatibus
529 757 744 792 grassentur,
777 754 872 794 leges

240 796 392 838 publicas
421 795 592 836 sapienter
627 797 773 838 scriptas
799 802 871 828 tau-

239 850 340 883 quam
370 841 504 873 divinae
534 842 675 873 rationis
702 844 792 875 iussa
818 852 870 874 re-

240 886 361 927 ligiose
392 890 577 927 sancteque
607 888 721 919 colant
751 897 791 919 ac
818 897 871 918 re·

241 934 440 970 vereantur,
481 930 629 972 ideoque
670 931 746 964 nillil
787 932 869 963 anti-

239 977 339 1017 quius
377 973 542 1015 habeant,
591 986 691 1016 qnam
731 981 768 1008 ut
811 976 872 1017 ipsi

238 1030 375 1062 quoque
401 1019 439 1051 iis
459 1026 617 1065 pareant,
644 1023 814 1054 intuentes
841 1022 873 1053 iu

239 1065 430 1098 Saturniam
469 1066 562 1098 illam
597 1067 768 1099 civitatem
796 1071 868 1097 tan-

238 1121 339 1151 quam
372 1109 523 1142 divinum
560 1111 731 1152 quoddam
774 1121 874 1143 verae

240 1155 389 1188 civitatis
417 1157 611 1197 exemplar,
641 1156 681 1187 ad
710 1157 804 1188 cuius
829 1157 872 1188 si-

240 1199 461 1233 militudinem
513 1211 592 1240 eas,
643 1202 767 1241 quibus
810 1202 872 1243 ipsi

240 1248 460 1287 praeessent,
507 1245 715 1288 respublicas
753 1256 873 1287 regere

240 1295 274 1324 et
299 1300 508 1331 componere
532 1297 748 1323 conarentur.
790 1290 870 1323 Ete-

239 1336 306 1368 nim
356 1345 493 1376 regnum
543 1336 624 1367 illud
663 1337 871 1376 Saturnium,

239 1380 332 1422 quod
359 1381 423 1412 iam
450 1380 574 1421 antiqui
606 1387 743 1422 poetae,
771 1381 871 1413 veluti

241 1424 460 1458 Hesiodus
485 1425 573 1467 Opp.
601 1431 634 1459 et
657 1427 727 1458 DD.
756 1437 783 1458 v.
805 1427 869 1460 111

240 1481 310 1512 sq.‚
337 1470 612 1510 nobilitaverunt,
639 1472 814 1512 eleganter
838 1476 873 1503 et

240 1515 281 1551 ad
309 1525 378 1548 rem
405 1525 500 1547 suam
516 1517 772 1548 accommodate
798 1518 871 1558 phi-

240 1559 402 1602 losophus
428 1561 495 1592 tale
520 1561 633 1600 finxit,
660 1563 693 1593 in
718 1571 788 1602 quo
814 1572 874 1603 per

240 1615 359 1637 omnes
383 1614 495 1637 rerum
522 1606 732 1646 publicarum
759 1611 872 1646 partes

241 1650 384 1682 valuerit
431 1649 583 1690 perfecta
636 1651 721 1682 ratio
769 1655 871 1692 atque

237 1695 365 1736 optima
397 1693 577 1735 disciplina
611 1694 733 1734 civilis,
764 1696 809 1727 ita
834 1700 871 1728 ut

234 1741 299 1772 iam
344 1737 426 1772 illud
466 1742 596 1770 statuat
635 1749 654 1771 a
693 1739 868 1774 civitatum

236 1783 443 1825 principibus
469 1785 536 1816 tale
560 1783 675 1816 haberi
694 1789 868 1825 oportere,

237 1828 327 1861 unde
359 1828 420 1860 sibi
444 1828 609 1860 rationem
642 1829 787 1865 civitatis
813 1841 866 1861 sa-

236 1873 367 1916 pienter
398 1872 569 1913 regendae
605 1877 708 1914 atque
744 1875 866 1916 guber*-

236 1917 368 1951 nandae
393 1917 526 1959 possint
551 1923 719 1959 repetere.
770 1919 866 1958 Quo—

235 1965 326 1997 circa
349 1966 491 2004 apparet
524 1962 623 1996 etiam
650 1963 796 1998 Cronum
822 1965 867 1997 si-

236 2018 276 2040 ve
299 2008 485 2040 Saturnum
512 2017 588 2039 eum
615 2007 808 2049 informari,
839 2010 870 2041 in

236 2063 302 2095 quo
341 2053 437 2094 quasi
485 2052 651 2094 quaedam
696 2054 870 2094 perfectae

235 2098 389 2138 rationis,
414 2098 527 2130 omnia
541 2098 792 2139 sapientissime
807 2109 869 2140 gu-

234 2143 421 2181 bernantis,
446 2143 560 2184 imago
576 2153 616 2174 ac
641 2145 777 2184 species
794 2154 867 2176 cer-

236 2192 352 2228 natur,
394 2187 486 2229 quod
524 2188 634 2228 ipsum
666 2198 804 2229 quoque
836 2190 868 2221 in

236 2232 383 2265 Politico
431 2233 476 2264 ita
523 2232 594 2264 fieri
643 2234 868 2268 meminimus.

236 2279 286 2309 Ac
317 2276 471 2309 similiter
504 2276 581 2309 alibi
611 2278 713 2310 etiam
741 2278 869 2319 iupiter

235 2322 374 2363 ponitur
404 2331 467 2362 pro
493 2331 625 2354 summa
649 2333 690 2355 ac
715 2324 866 2364 perfecta

234 2365 377 2406 ratione,
407 2366 505 2398 veluti
532 2365 662 2399 Pliileb.
690 2378 721 2408 p.
746 2367 802 2401 30.
827 2368 866 2399 D.

235 2409 382 2443 Phaedr.
419 2420 452 2451 p.
484 2410 562 2444 247.
600 2414 640 2446 A.
674 2417 708 2444 et
733 2423 763 2453 p.
789 2412 868 2447 252.

236 2456 274 2488 C.
307 2455 362 2487 ubi
389 2453 432 2486 de
457 2453 521 2486 hac
553 2465 591 2487 re
607 2453 778 2497 'quaedam
804 2457 867 2491 ad-

236 2500 444 2535 monuimus.
506 2500 607 2531 Genii
651 2505 764 2535 autem
809 2502 866 2541 illi,

235 2545 356 2587 quibus
379 2544 514 2586 generis
540 2543 672 2577 humani
699 2556 779 2581 cura
805 2546 864 2579 de-

236 2589 397 2623 mandata
421 2588 529 2622 fuisse
553 2588 685 2628 dicitur,
710 2591 738 2622 si
761 2601 865 2632 quae-

237 2636 280 2668 ris
323 2634 459 2676 quinam
502 2634 748 2676 intelligantur,
789 2640 866 2669 sunt

695 508 761 540 Pro
787 518 835 548 γε,
862 506 951 548 quod
974 507 1282 548 vulgolegebatur,
1309 508 1504 549 scripsimus
1529 519 1571 546 re,

940 618 985 650 illi
1013 617 1169 658 profecto
1206 617 1281 649 nihil
1314 617 1405 649 aliud
1431 618 1491 650 nisi
1517 628 1568 650 ra-

942 662 986 693 dii
1012 663 1109 703 quasi
1142 661 1276 702 quidam
1310 662 1441 695 divinae
1467 663 1568 694 ratio-

941 708 993 738 nis
1023 717 1084 749 per
1113 716 1234 738 omnes
1265 708 1352 739 sitae
1381 708 1571 740 communis

941 759 1058 793 partes
1083 751 1209 790 diffusi,
1235 761 1378 792 quorum
1399 754 1473 785 luce
1498 754 1569 784 col-

941 798 1070 829 lustrati
1096 795 1268 837 homines,
1293 797 1436 838 depulsa
1463 798 1493 830 vi
1519 798 1569 829 lu-

941 842 1090 874 bidiuum
1145 845 1179 874 et
1235 842 1476 883 cupiditatum,
1527 842 1570 874 ad

939 888 1080 926 quaevis
1116 886 1203 918 bona
1229 891 1263 918 et
1288 887 1428 918 honesta
1454 896 1568 919 aman-

941 933 995 970 da,
1023 931 1203 972 diligenda·
1215 935 1318 971 atque
1333 931 1570 973 amplectenda

942 976 1181 1018 perducuntur.
1255 977 1359 1009 Quod
1415 977 1569 1017 profecto

941 1022 1079 1063 egregie.
1111 1025 1164 1053 est
1195 1023 1434 1063 excogitatum.
1485 1021 1569 1054 Nam

941 1076 1045 1107 «pium
1077 1066 1166 1106 genii
1206 1068 1306 1107 vulgo
1347 1066 1570 1099 crederentur

941 1111 1123 1143 divinitatis
1162 1112 1331 1151 quandam
1368 1112 1455 1143 nacti
1494 1121 1570 1144 esse

942 1157 1162 1197 particulam,
1201 1161 1270 1188 tum
1313 1167 1333 1188 a
1365 1157 1511 1189 Platone
1547 1157 1569 1188 ii

940 1202 1110 1242 tinguntur
1139 1211 1236 1241 esse,
1270 1203 1325 1242 qui
1357 1203 1481 1235 summi
1507 1201 1569 1234 Dei

942 1248 1105 1278 voluntati
1145 1246 1271 1287 ubique
1305 1248 1477 1286 potuerint
1507 1246 1568 1278 ob-

941 1292 1036 1333 sequi
1075 1293 1219 1332 ideoque
1261 1292 1362 1323 etiam
1400 1293 1430 1323 in
1469 1291 1569 1324 rebus

939 1338 1091 1369 humanis
1129 1336 1357 1377 gubernandis
1395 1336 1569 1378 perfectae

939 1382 1078 1414 rationis
1104 1382 1198 1422 leges
1215 1382 1487 1414 constantissime
1510 1382 1568 1413 ob-

939 1429 1148 1459 servaverint
1161 1430 1263 1466 atque
1274 1427 1451 1458 tenuerint.
1467 1425 1569 1465 Quod

940 1481 1055 1503 rursus
1080 1472 1238 1503 convenit
1262 1482 1338 1503 cum
1373 1472 1509 1503 Politic.
1535 1481 1566 1511 p.

941 1516 1017 1550 272.
1055 1518 1093 1549 Ι).
1129 1516 1184 1547 ubi
1219 1521 1385 1548 vocantur
1424 1516 1460 1547 οἱ
1489 1515 1569 1548 κατὰ
1599 1529 1601 1531 ·

942 1559 1024 1593 τοὺς
1072 1559 1199 1593 τόπους
1255 1560 1478 1603 συνάρχοντες
1524 1561 1569 1602 τῷ

939 1607 1031 1648 θεῷ;
1062 1607 1219 1638 convenit
1243 1604 1330 1638 'item
1365 1616 1441 1638 cum
1477 1605 1567 1638 Tim.

939 1662 972 1692 p.
987 1651 1043 1684 41.
1067 1654 1105 1683 A.
1124 1661 1195 1691 sqq.
1222 1651 1277 1682 ubi
1301 1650 1403 1684 iidem
1423 1651 1455 1683 in
1468 1659 1567 1683 mun-

938 1696 983 1728 do
1009 1695 1157 1727 creando
1181 1694 1340 1727 dicuntur
1355 1695 1459 1728 fuisse
1473 1705 1567 1728 sum-

936 1740 981 1773 mi
1006 1741 1073 1773 Dei
1095 1740 1270 1772 adiutores
1292 1744 1395 1780 atque
1409 1740 1566 1773 ministri.

938 1786 1058 1818 Verum
1084 1784 1172 1816 istud
1190 1784 1324 1825 quidem
1341 1785 1371 1817 in
1397 1785 1566 1826 praesenti

936 1831 1122 1869 mittamus,
1165 1840 1206 1861 ne
1236 1830 1411 1862 videamur
1440 1841 1459 1862 a
1489 1841 1566 1872 pro·

937 1876 1048 1917 posito
1075 1875 1205 1916 longius
1234 1874 1446 1907 discessisse.
1479 1875 1566 1908 Nar-

936 1925 1052 1953 rautur
1082 1920 1184 1960 igitur
1213 1920 1301 1960 genii
1331 1930 1447 1952 curam
1475 1930 1565 1953 mor-

936 1966 1051 1998 talium
1085 1964 1259 2005 accepisse
1288 1964 1332 1996 ob
1359 1975 1432 1997 eam
1458 1966 1565 2006 ipsam

936 2019 1110 2050 caussam,
1142 2020 1241 2050 quam
1275 2014 1372 2041 antea
1397 2011 1566 2051 significa-

937 2055 1056 2087 vimus.
1110 2055 1157 2086 Hi
1193 2064 1274 2086 vero
1308 2055 1374 2086 illis
1413 2055 1564 2094 inprimis

938 2099 1047 2141 largiti
1073 2103 1150 2131 sunt
1180 2097 1318 2141 εἰρήνην
1341 2110 1374 2130 τε
1401 2099 1454 2130 καὶ
1480 2098 1564 2131 αἰδῶ

937 2144 990 2176 καὶ
1021 2140 1182 2183 εὐνομίαν
1212 2144 1265 2176 καὶ
1305 2141 1484 2184 ἀφθονίαν
1515 2144 1563 2176 δι’·

938 2199 1016 2231 mys,
1046 2199 1187 2232 pacem
1211 2192 1248 2221 et
1271 2189 1565 2222 verecundiam

934 2238 974 2267 et
996 2233 1123 2266 bonas
1148 2234 1266 2276 leges
1291 2237 1328 2266 et
1360 2233 1564 2267 iustitias

935 2279 1103 2321 copiam
1149 2289 1171 2310 a
1185 2282 1231 2319 tq
1247 2289 1268 2310 u
1285 2288 1302 2311 e
1349 2278 1563 2312 abundan-

934 2323 1057 2362 tiam,
1099 2323 1200 2354 sicuti
1239 2327 1291 2355 est
1329 2334 1360 2365 p.
1403 2323 1480 2357 713.
1522 2325 1561 2356 Ι).

933 2369 1002 2401 Ubi
1017 2367 1107 2408 quod
1133 2366 1236 2399 ιιιίδώεῚ
1259 2378 1336 2400 cum
1364 2364 1505 2411 εὐνομίᾳ
1529 2373 1564 2400 et

936 2411 1009 2453 δίκῃ
1034 2413 1263 2454 coniungitur,
1301 2418 1466 2454 sequutus
1491 2412 1561 2455 phi-

935 2456 1096 2498 losophus
1135 2459 1169 2489 in
1211 2457 1260 2489 his
1300 2458 1490 2490 Homerum
1528 2462 1563 2490 et

936 2502 1126 2534 Hesiodum
1152 2507 1217 2542 est,
1242 2501 1297 2542 qui
1324 2501 1407 2533 αἰδῶ
1431 2503 1484 2539 καὶ
1509 2502 1561 2534 νέ-

933 2557 1027 2586 μεσιν
1050 2548 1231 2588 aliquoties
1257 2548 1403 2579 iunctam
1430 2557 1558 2580 memo-

934 2595 1018 2624 rant.
1065 2602 1094 2624 ν.
1137 2592 1235 2624 Iliad.
1277 2591 1369 2624 Xlll.
1408 2602 1438 2624 v.
1480 2591 1556 2626 122-

936 2636 1056 2677 Odyss.
1096 2637 1140 2668 11.
1181 2637 1234 2670 64.
1277 2636 1351 2670 136.
1388 2636 1557 2668 Hesiod.
