1612 2872
243 94 324 134 248
676 91 1127 136 ARGUMENTUM

244 202 616 257 prospiciendumz
656 202 847 255 alioquin
877 202 1012 255 enim,
1044 202 1242 257 neglecta
1270 203 1563 258 temperantia,

244 272 355 311 quae
392 258 519 298 etiam
558 257 602 296 in
640 257 839 311 praemiis
889 264 932 313 et
979 258 1214 300 honoribus
1252 264 1365 300 recte
1420 258 1564 305 distri-

242 311 424 354 buendis
466 311 678 364 cernitur⁷
717 311 934 354 civitatem
977 314 1021 355 in
1068 312 1190 368 peius
1229 328 1349 355 ruere
1387 329 1564 368 prorsus

242 382 418 408 necesse
447 373 523 407 est.
582 370 728 421 Atque
758 367 824 408 his
852 369 913 409 ita
933 369 1138 424 expositis
1168 368 1304 410 redire
1334 369 1564 424 aliquando

240 423 390 464 licebit
425 421 479 462 ad
530 436 710 477 regnum
752 424 994 465 Persarum.
1064 423 1195 477 Quod
1232 424 1401 479 quidem
1441 440 1565 480 prae-

241 492 342 532 ceps
368 477 427 517 ire
457 478 600 532 coepit
629 493 714 519 non
736 478 859 520 aliam
891 479 945 520 ob
975 494 1186 532 caussam⁷
1219 495 1343 534 quam
1373 481 1472 535 quia
1499 496 1565 522 re-

240 547 340 588 ges,
389 541 536 588 erepta
588 533 748 588 populo
792 534 1011 589 libertate,
1058 537 1282 576 immanem
1330 542 1566 592 coeperunt

240 601 439 629 exercere
469 588 818 642 dominationem,
851 605 936 644 qua
954 592 1188 633 extinctum
1216 597 1282 633 est
1308 591 1419 633 inter
1448 592 1564 635 cives

240 643 476 685 communis
521 644 719 686 utilitatis
762 644 963 686 studium.
1033 647 1145 688 Nam
1185 648 1312 688 animi
1357 662 1500 689 eorum
1539 662 1565 688 a

239 698 411 754 regibus
450 699 611 750 aversi;
653 700 848 755 plerique
876 716 1045 756 omnes,
1087 703 1286 758 neglecta
1324 703 1457 744 salute
1485 718 1564 758 pu-

238 753 367 806 blica⁷
395 755 521 796 sicuti
550 770 674 810 reges
704 756 811 811 ipsi,
842 770 1017 799 suorum
1049 765 1215 799 tantum
1246 758 1562 800 commodorum

238 809 441 860 studiosi3
490 825 636 852 omnes
686 818 908 866 praeterea
952 814 1099 868 ignavi
1147 820 1188 855 et
1226 813 1451 866 socordes,
1499 820 1562 867 ut,

238 865 431 919 quamvis
469 866 650 907 subinde
689 868 880 922 ingentes
919 869 1131 910 exercitus
1168 868 1372 910 adversus
1417 869 1562 911 hostes

238 920 534 974 educerentur,
565 927 707 963 tamen
739 922 844 963 nihil
873 938 1075 979 magnum
1106 940 1155 966 ac
1184 924 1398 966 laudabile
1426 925 1479 966 ab
1508 925 1562 966 iis

236 975 524 1031 perficeretur.
593 976 767 1033 Quippe
806 986 1036 1020 evanuerat
1074 995 1127 1021 ex
1166 980 1381 1021 hominum
1409 980 1562 1022 animis

237 1032 473 1073 communis
503 1032 703 1074 utilitatis
733 1033 923 1076 studium
954 1042 997 1076 et
1022 1037 1186 1091 patriae
1218 1036 1385 1078 caritas.
1442 1036 1563 1088 Quo-

236 1088 352 1128 circa
379 1087 506 1129 hodie
535 1088 768 1131 invalidum
799 1095 842 1131 ct
873 1091 994 1144 quasi
1025 1091 1260 1133 marcidum
1290 1098 1355 1133 est
1382 1107 1561 1147 regnum

234 1142 479 1197 Persicum,
522 1159 598 1199 per
637 1160 786 1200 regum
824 1145 1059 1188 lubidinem
1091 1154 1134 1189 et
1163 1147 1370 1203 regnandi
1396 1147 1562 1203 cupidi-

234 1204 367 1240 tatem
396 1214 446 1240 ac
474 1214 552 1254 per
580 1201 735 1242 civium
765 1201 1013 1244 servitutem
1036 1210 1282 1258 corruptum
1309 1209 1353 1244 et
1368 1217 1560 1258 pessum-

235 1253 382 1295 datum
418 1255 481 1308 (p.
512 1256 607 1297 693.
638 1255 687 1299 C.
717 1281 771 1287 -—
801 1258 896 1299 698.
926 1258 1018 1312 A.).
1042 1282 1096 1289 —
1154 1262 1302 1313 Atque
1332 1259 1436 1300 haec
1466 1259 1561 1313 qui-

235 1309 331 1351 dem
362 1309 415 1351 de
443 1310 598 1352 Persis.
655 1311 880 1368 Pergimus
922 1312 977 1354 ad
1005 1315 1206 1366 Atticam=
1226 1315 1456 1368 civitatem,
1488 1329 1561 1356 cu-

193 1373 196 1375 ’
234 1365 302 1407 ius
341 1366 581 1421 exemplum
610 1366 761 1421 docet,
798 1368 1043 1410 libertatem
1080 1369 1398 1411 immoderatam
1427 1370 1562 1411 multo

234 1421 361 1462 etiam
393 1436 486 1463 esse
516 1421 770 1464 deteriorem
799 1424 1020 1466 moderato
1059 1425 1238 1480 imperio
1267 1426 1398 1481 regio.
1456 1425 1563 1467 Fuit

235 1482 377 1518 autem
407 1477 558 1519 civitas
598 1479 867 1522 Athenarum
911 1487 1011 1521 ante
1041 1482 1151 1523 bella
1182 1482 1361 1523 Persica
1395 1481 1562 1536 sapien-

233 1532 396 1574 tissime
433 1540 669 1588 temperata
709 1543 752 1576 et
792 1536 1038 1577 constituta.
1111 1538 1221 1578 Tum
1261 1538 1371 1578 enim
1413 1550 1561 1578 omnes

234 1603 415 1641 aequum
445 1589 692 1642 iustumque
727 1591 939 1645 putabant
966 1591 1136 1646 legibus
1154 1599 1207 1633 ·et
1238 1592 1562 1647 magistratibus

232 1658 404 1698 parere3
445 1644 713 1698 maximaque
752 1646 883 1702 vulgo
926 1647 1136 1701 regnabat
1173 1647 1443 1702 publicorum
1494 1647 1560 1688 in-

231 1699 478 1740 stitutorum
537 1700 789 1742 reverentia.
871 1701 1123 1744 Accedebat
1169 1702 1286 1757 quod
1334 1703 1561 1758 ingruente

231 1753 343 1795 bello
375 1754 579 1796 adversus
609 1755 815 1798 barbaros
851 1757 1004 1812 ingens
1036 1764 1174 1800 metus
1200 1758 1456 1800 imminentis
1486 1774 1562 1814 pe*

230 1809 352 1850 riculi
392 1811 691 1852 auctoritatem
727 1812 1054 1867 magistratuum
1084 1813 1312 1869 legumque
1346 1820 1562 1856 sustenta-

230 1865 307 1906 bat
344 1865 588 1920 civiumque
627 1866 869 1923 adaugebat
908 1868 1196 1911 concordiam.
1268 1869 1442 1925 Quippe
1471 1884 1560 1911 ma-

229 1920 390 1961 ximum
428 1936 530 1962 sane
570 1928 658 1963 tum
701 1923 924 1965 universae
955 1923 1164 1966 Graeciae
1194 1925 1457 1967 imminuisse
1486 1941 1560 1980 pe-

230 1977 411 2018 riculum
443 1977 682 2019 certissime
709 1984 893 2020 testatur
921 1995 1060 2021 rerum
1088 1981 1169 2022 illis
1192 1981 1456 2035 temporibus
1486 1996 1560 2036 ge-

231 2037 389 2073 starum
433 2033 651 2075 memoria.
720 2034 876 2089 Itaque
914 2041 1004 2076 tum
1033 2036 1320 2078 Athenienses
1354 2036 1561 2090 imprimis

231 2087 524 2129 excelluerunt
550 2090 711 2130 virtute
741 2105 819 2132 sua
848 2098 978 2144 atque
1046 2092 1356 2141 raeclarissima
1378 2089 1441 2132 'ad
1471 2106 1560 2132 om-

230 2143 296 2185 nis
334 2145 599 2199 posteritatis
652 2144 894 2187 memoriam
935 2107 1161 2187 ediderunt
1198 2147 1401 2189 facinora.
1471 2147 1560 2189 Ve-

228 2213 321 2239 rum
362 2200 578 2242 enimvero
616 2200 744 2242 sicuti
781 2200 896 2257 apud
923 2201 1384 2254 Persasvimmoderata
1411 2217 1560 2258 regum

230 2253 463 2297 dominatio
503 2257 626 2312 regni
666 2257 917 2298 felicitatem
955 2262 998 2299 et
1048 2259 1283 2312 potentiam
1331 2258 1557 2312 subvertit,

227 2309 289 2350 ita
319 2310 433 2364 apud
473 2311 763 2355 Athenienses
794 2313 1100 2368 nimiapopuli
1128 2314 1301 2356 licentia
1328 2314 1557 2370 legumque

229 2374 273 2406 et
329 2366 659 2420 magistratuum
718 2369 951 2410 contemtio
1007 2369 1269 2424 reipublicae
1318 2369 1558 2425 perniciosa

230 2420 387 2462 extitit.
455 2421 631 2465 Etenim
671 2423 772 2465 olim
803 2423 974 2478 quidem
1004 2423 1120 2467 cives
1148 2426 1415 2467 Athenarum
1444 2424 1557 2466 servi

228 2475 371 2531 legum
413 2476 529 2531 iique
566 2479 761 2521 volentes
798 2495 849 2521 ac
876 2479 1073 2524 lubentes
1103 2481 1284 2523 fuerant.
1341 2480 1452 2522 Tum
1481 2495 1555 2520 au-

230 2536 312 2574 tem
345 2539 580 2587 coeperunt
608 2534 795 2577 omnium
826 2542 975 2578 ‘rerum
1007 2534 1203 2580 dominos
1233 2550 1360 2593 agere
1388 2534 1555 2589 sibique
