<?xml version="1.0" encoding="UTF-8"?>
<!DOCTYPE html PUBLIC "-//W3C//DTD XHTML 1.0 Transitional//EN"
    "http://www.w3.org/TR/xhtml1/DTD/xhtml1-transitional.dtd">
<html xmlns="http://www.w3.org/1999/xhtml" xml:lang="en" lang="en">
 <head>
  <title>
</title>
<meta http-equiv="Content-Type" content="text/html;charset=utf-8" />
  <meta name='ocr-system' content='tesseract 3.04.00' />
  <meta name='ocr-capabilities' content='ocr_page ocr_carea ocr_par ocr_line ocrx_word'/>
</head>
<body>
  <div class='ocr_page' id='page_1' title='image "./s1operaomniarece10platuoft_0074.png"; bbox 0 0 1612 2872; ppageno 0'>
   <div class='ocr_carea' id='block_1_1' title="bbox 245 111 1145 160">
    <p class='ocr_par' dir='ltr' id='par_1_1' title="bbox 245 111 1145 160">
     <span class='ocr_line' id='line_1_1' title="bbox 245 111 1145 160; baseline -0.007 0"><span class='ocrx_word' id='word_1_1' title='bbox 245 114 380 160; x_wconf 80' lang='lat' dir='ltr'>LXX</span> <span class='ocrx_word' id='word_1_2' title='bbox 665 111 1145 155; x_wconf 81' lang='lat' dir='ltr'><strong>PROLEGOMENA</strong></span> 
     </span>
    </p>
   </div>
   <div class='ocr_carea' id='block_1_2' title="bbox 222 224 1572 2665">
    <p class='ocr_par' dir='ltr' id='par_1_2' title="bbox 222 224 1572 2665">
     <span class='ocr_line' id='line_1_2' title="bbox 243 224 1572 280; baseline -0.002 -11"><span class='ocrx_word' id='word_1_3' title='bbox 243 227 400 269; x_wconf 87' lang='lat' dir='ltr'>ctionis</span> <span class='ocrx_word' id='word_1_4' title='bbox 445 225 631 280; x_wconf 86' lang='lat' dir='ltr'>effigiem</span> <span class='ocrx_word' id='word_1_5' title='bbox 667 224 904 265; x_wconf 85' lang='lat' dir='ltr'>constituta</span> <span class='ocrx_word' id='word_1_6' title='bbox 941 224 1054 277; x_wconf 87' lang='lat' dir='ltr'>sint,</span> <span class='ocrx_word' id='word_1_7' title='bbox 1099 230 1191 265; x_wconf 92' lang='lat' dir='ltr'>tum</span> <span class='ocrx_word' id='word_1_8' title='bbox 1222 230 1363 266; x_wconf 84' lang='lat' dir='ltr'>rectae</span> <span class='ocrx_word' id='word_1_9' title='bbox 1392 225 1572 267; x_wconf 87' lang='lat' dir='ltr'>rationis</span> 
     </span>
     <span class='ocr_line' id='line_1_3' title="bbox 239 278 1571 334; baseline -0.004 -8"><span class='ocrx_word' id='word_1_10' title='bbox 239 283 434 326; x_wconf 83' lang='lat' dir='ltr'>subiecta</span> <span class='ocrx_word' id='word_1_11' title='bbox 479 280 672 333; x_wconf 88' lang='lat' dir='ltr'>imperio.</span> <span class='ocrx_word' id='word_1_12' title='bbox 749 278 874 330; x_wconf 77' lang='lat' dir='ltr'>Quae</span> <span class='ocrx_word' id='word_1_13' title='bbox 912 279 1006 334; x_wconf 84' lang='lat' dir='ltr'>ipsa</span> <span class='ocrx_word' id='word_1_14' title='bbox 1044 293 1198 322; x_wconf 83' lang='lat' dir='ltr'><strong>caussa</strong></span> <span class='ocrx_word' id='word_1_15' title='bbox 1239 288 1326 333; x_wconf 87' lang='lat' dir='ltr'>est,</span> <span class='ocrx_word' id='word_1_16' title='bbox 1367 295 1444 323; x_wconf 89' lang='lat' dir='ltr'>cur</span> <span class='ocrx_word' id='word_1_17' title='bbox 1482 281 1571 322; x_wconf 87' lang='lat' dir='ltr'>veri</span> 
     </span>
     <span class='ocr_line' id='line_1_4' title="bbox 273 334 1567 392; baseline -0.003 -12"><span class='ocrx_word' id='word_1_18' title='bbox 273 335 489 392; x_wconf 90' lang='lat' dir='ltr'>hilosophi</span> <span class='ocrx_word' id='word_1_19' title='bbox 520 335 640 389; x_wconf 80' lang='lat' dir='ltr'>Reip.</span> <span class='ocrx_word' id='word_1_20' title='bbox 673 334 753 375; x_wconf 89' lang='lat' dir='ltr'>VI.</span> <span class='ocrx_word' id='word_1_21' title='bbox 782 350 824 389; x_wconf 93' lang='lat' dir='ltr'>p.</span> <span class='ocrx_word' id='word_1_22' title='bbox 861 335 957 377; x_wconf 83' lang='lat'>496.</span> <span class='ocrx_word' id='word_1_23' title='bbox 988 335 1037 377; x_wconf 85' lang='lat' dir='ltr'>C.</span> <span class='ocrx_word' id='word_1_24' title='bbox 1072 349 1166 389; x_wconf 87' lang='lat' dir='ltr'>sqq.</span> <span class='ocrx_word' id='word_1_25' title='bbox 1201 335 1284 379; x_wconf 92' lang='lat' dir='ltr'>IX.</span> <span class='ocrx_word' id='word_1_26' title='bbox 1315 353 1357 392; x_wconf 90' lang='lat' dir='ltr'>p.</span> <span class='ocrx_word' id='word_1_27' title='bbox 1390 338 1484 377; x_wconf 76' lang='lat'>592.</span> <span class='ocrx_word' id='word_1_28' title='bbox 1516 336 1567 376; x_wconf 85' lang='lat' dir='ltr'>B.</span> 
     </span>
     <span class='ocr_line' id='line_1_5' title="bbox 237 354 1569 447; baseline -0.002 -11"><span class='ocrx_word' id='word_1_29' title='bbox 237 354 439 436; x_wconf 61' lang='lat' dir='ltr'>gicuntur</span> <span class='ocrx_word' id='word_1_30' title='bbox 484 404 701 444; x_wconf 88' lang='lat' dir='ltr'>nunquam</span> <span class='ocrx_word' id='word_1_31' title='bbox 741 389 825 431; x_wconf 89' lang='lat' dir='ltr'>nisi</span> <span class='ocrx_word' id='word_1_32' title='bbox 863 390 906 431; x_wconf 92' lang='lat' dir='ltr'>in</span> <span class='ocrx_word' id='word_1_33' title='bbox 944 391 1108 445; x_wconf 87' lang='lat' dir='ltr'>optima</span> <span class='ocrx_word' id='word_1_34' title='bbox 1137 391 1310 433; x_wconf 85' lang='lat' dir='ltr'>civitate</span> <span class='ocrx_word' id='word_1_35' title='bbox 1338 392 1569 447; x_wconf 91' lang='lat' dir='ltr'>rempubli-</span> 
     </span>
     <span class='ocr_line' id='line_1_6' title="bbox 238 445 1569 500; baseline -0.002 -9"><span class='ocrx_word' id='word_1_36' title='bbox 238 464 333 492; x_wconf 87' lang='lat' dir='ltr'>cam</span> <span class='ocrx_word' id='word_1_37' title='bbox 371 446 592 488; x_wconf 78' lang='lat' dir='ltr'>tractaturi</span> <span class='ocrx_word' id='word_1_38' title='bbox 640 459 748 486; x_wconf 87' lang='lat' dir='ltr'>esse.</span> <span class='ocrx_word' id='word_1_39' title='bbox 825 448 887 486; x_wconf 90' lang='lat' dir='ltr'>At</span> <span class='ocrx_word' id='word_1_40' title='bbox 939 447 1050 488; x_wconf 91' lang='lat' dir='ltr'>enim</span> <span class='ocrx_word' id='word_1_41' title='bbox 1079 461 1206 500; x_wconf 86' lang='lat' dir='ltr'>vero,</span> <span class='ocrx_word' id='word_1_42' title='bbox 1247 447 1413 489; x_wconf 77' lang='lat' dir='ltr'>etiamsi</span> <span class='ocrx_word' id='word_1_43' title='bbox 1451 445 1569 488; x_wconf 86' lang='lat' dir='ltr'>istud</span> 
     </span>
     <span class='ocr_line' id='line_1_7' title="bbox 242 501 1568 556; baseline -0.001 -12"><span class='ocrx_word' id='word_1_44' title='bbox 242 502 551 554; x_wconf 81' lang='lat' dir='ltr'>concedamus,</span> <span class='ocrx_word' id='word_1_45' title='bbox 628 506 770 542; x_wconf 87' lang='lat' dir='ltr'>tamen</span> <span class='ocrx_word' id='word_1_46' title='bbox 846 501 948 543; x_wconf 89' lang='lat' dir='ltr'>inde</span> <span class='ocrx_word' id='word_1_47' title='bbox 1014 502 1187 543; x_wconf 89' lang='lat' dir='ltr'>minime</span> <span class='ocrx_word' id='word_1_48' title='bbox 1278 503 1568 556; x_wconf 78' lang='lat' dir='ltr'>consequitur,</span> 
     </span>
     <span class='ocr_line' id='line_1_8' title="bbox 239 555 1569 611; baseline 0 -11"><span class='ocrx_word' id='word_1_49' title='bbox 239 559 332 600; x_wconf 87' lang='lat' dir='ltr'>fieri</span> <span class='ocrx_word' id='word_1_50' title='bbox 370 557 489 599; x_wconf 89' lang='lat' dir='ltr'>nullo</span> <span class='ocrx_word' id='word_1_51' title='bbox 539 555 667 598; x_wconf 90' lang='lat' dir='ltr'>modo</span> <span class='ocrx_word' id='word_1_52' title='bbox 706 557 922 611; x_wconf 88' lang='lat' dir='ltr'>potuisse,</span> <span class='ocrx_word' id='word_1_53' title='bbox 970 563 1018 600; x_wconf 91' lang='lat' dir='ltr'>ut</span> <span class='ocrx_word' id='word_1_54' title='bbox 1055 557 1182 599; x_wconf 91' lang='lat' dir='ltr'>Plato</span> <span class='ocrx_word' id='word_1_55' title='bbox 1221 559 1348 599; x_wconf 81' lang='lat' dir='ltr'>etiam</span> <span class='ocrx_word' id='word_1_56' title='bbox 1393 558 1569 600; x_wconf 85' lang='lat' dir='ltr'>alteram</span> 
     </span>
     <span class='ocr_line' id='line_1_9' title="bbox 239 612 1570 669; baseline 0.001 -14"><span class='ocrx_word' id='word_1_57' title='bbox 239 614 457 656; x_wconf 87' lang='lat' dir='ltr'>civitatem</span> <span class='ocrx_word' id='word_1_58' title='bbox 493 612 732 668; x_wconf 85' lang='lat' dir='ltr'>effingeret.</span> <span class='ocrx_word' id='word_1_59' title='bbox 791 612 1004 656; x_wconf 86' lang='lat' dir='ltr'>Novimus</span> <span class='ocrx_word' id='word_1_60' title='bbox 1044 615 1155 654; x_wconf 90' lang='lat' dir='ltr'>enim</span> <span class='ocrx_word' id='word_1_61' title='bbox 1193 628 1402 655; x_wconf 88' lang='lat' dir='ltr'>summum</span> <span class='ocrx_word' id='word_1_62' title='bbox 1429 614 1570 669; x_wconf 76' lang='lat' dir='ltr'>philo-</span> 
     </span>
     <span class='ocr_line' id='line_1_10' title="bbox 238 665 1568 725; baseline -0.002 -13"><span class='ocrx_word' id='word_1_63' title='bbox 238 669 421 725; x_wconf 91' lang='lat' dir='ltr'>sophum</span> <span class='ocrx_word' id='word_1_64' title='bbox 456 668 705 722; x_wconf 78' lang='lat' dir='ltr'>neutiquam</span> <span class='ocrx_word' id='word_1_65' title='bbox 745 682 796 709; x_wconf 91' lang='lat' dir='ltr'>ea</span> <span class='ocrx_word' id='word_1_66' title='bbox 842 665 1008 710; x_wconf 82' lang='lat' dir='ltr'>tant’um</span> <span class='ocrx_word' id='word_1_67' title='bbox 1067 683 1242 710; x_wconf 85' lang='lat' dir='ltr'>curasse</span> <span class='ocrx_word' id='word_1_68' title='bbox 1291 676 1335 711; x_wconf 91' lang='lat' dir='ltr'>et</span> <span class='ocrx_word' id='word_1_69' title='bbox 1396 672 1568 725; x_wconf 89' lang='lat' dir='ltr'>perqui-</span> 
     </span>
     <span class='ocr_line' id='line_1_11' title="bbox 239 721 1568 778; baseline -0.001 -11"><span class='ocrx_word' id='word_1_70' title='bbox 239 726 416 777; x_wconf 83' lang='lat' dir='ltr'>sivisse,</span> <span class='ocrx_word' id='word_1_71' title='bbox 466 738 576 778; x_wconf 90' lang='lat' dir='ltr'>quae</span> <span class='ocrx_word' id='word_1_72' title='bbox 629 721 685 763; x_wconf 88' lang='lat' dir='ltr'>ad</span> <span class='ocrx_word' id='word_1_73' title='bbox 736 723 956 765; x_wconf 84' lang='lat' dir='ltr'>absolutae</span> <span class='ocrx_word' id='word_1_74' title='bbox 1015 724 1208 766; x_wconf 88' lang='lat' dir='ltr'>veritatis</span> <span class='ocrx_word' id='word_1_75' title='bbox 1259 725 1469 767; x_wconf 87' lang='lat' dir='ltr'>rationem</span> <span class='ocrx_word' id='word_1_76' title='bbox 1518 739 1568 766; x_wconf 87' lang='lat' dir='ltr'>ac</span> 
     </span>
     <span class='ocr_line' id='line_1_12' title="bbox 241 779 1567 835; baseline -0.002 -12"><span class='ocrx_word' id='word_1_77' title='bbox 241 781 476 823; x_wconf 84' lang='lat' dir='ltr'>doctrinam</span> <span class='ocrx_word' id='word_1_78' title='bbox 516 779 793 834; x_wconf 84' lang='lat' dir='ltr'>pertinerent,</span> <span class='ocrx_word' id='word_1_79' title='bbox 834 794 981 821; x_wconf 89' lang='lat' dir='ltr'>verum</span> <span class='ocrx_word' id='word_1_80' title='bbox 1011 780 1137 821; x_wconf 86' lang='lat' dir='ltr'>etiam</span> <span class='ocrx_word' id='word_1_81' title='bbox 1179 779 1252 821; x_wconf 89' lang='lat' dir='ltr'>illa</span> <span class='ocrx_word' id='word_1_82' title='bbox 1300 780 1567 835; x_wconf 81' lang='lat' dir='ltr'>complexum</span> 
     </span>
     <span class='ocr_line' id='line_1_13' title="bbox 239 834 1565 890; baseline -0.002 -12"><span class='ocrx_word' id='word_1_83' title='bbox 239 851 334 879; x_wconf 87' lang='lat' dir='ltr'>esse</span> <span class='ocrx_word' id='word_1_84' title='bbox 375 834 520 877; x_wconf 86' lang='lat' dir='ltr'>studio</span> <span class='ocrx_word' id='word_1_85' title='bbox 561 840 604 875; x_wconf 89' lang='lat' dir='ltr'>et</span> <span class='ocrx_word' id='word_1_86' title='bbox 642 836 999 876; x_wconf 87' lang='lat' dir='ltr'>commentatione</span> <span class='ocrx_word' id='word_1_87' title='bbox 1031 850 1130 888; x_wconf 89' lang='lat' dir='ltr'>sua,</span> <span class='ocrx_word' id='word_1_88' title='bbox 1164 849 1275 890; x_wconf 86' lang='lat' dir='ltr'>quae</span> <span class='ocrx_word' id='word_1_89' title='bbox 1314 835 1370 877; x_wconf 90' lang='lat' dir='ltr'>ad</span> <span class='ocrx_word' id='word_1_90' title='bbox 1406 843 1565 877; x_wconf 88' lang='lat' dir='ltr'>rectam</span> 
     </span>
     <span class='ocr_line' id='line_1_14' title="bbox 237 890 1567 948; baseline -0.002 -14"><span class='ocrx_word' id='word_1_91' title='bbox 237 892 508 948; x_wconf 88' lang='lat' dir='ltr'>opinionem,</span> <span class='ocrx_word' id='word_1_92' title='bbox 556 904 684 943; x_wconf 86' lang='lat' dir='ltr'>quam</span> <span class='ocrx_word' id='word_1_93' title='bbox 727 890 820 945; x_wconf 89' lang='lat' dir='ltr'>ipse</span> <span class='ocrx_word' id='word_1_94' title='bbox 861 897 989 932; x_wconf 87' lang='lat' dir='ltr'>vocat</span> <span class='ocrx_word' id='word_1_95' title='bbox 1025 892 1162 943; x_wconf 77' lang='grc' dir='ltr'><em>δόξαν</em></span> <span class='ocrx_word' id='word_1_96' title='bbox 1206 891 1380 944; x_wconf 71' lang='grc' dir='ltr'><em>ὀρθήν,</em></span> <span class='ocrx_word' id='word_1_97' title='bbox 1420 892 1567 932; x_wconf 81' lang='lat' dir='ltr'>referri</span> 
     </span>
     <span class='ocr_line' id='line_1_15' title="bbox 237 946 1567 1001; baseline -0.002 -12"><span class='ocrx_word' id='word_1_98' title='bbox 237 947 496 989; x_wconf 88' lang='lat' dir='ltr'>viderentur.</span> <span class='ocrx_word' id='word_1_99' title='bbox 567 946 631 985; x_wconf 91' lang='lat' dir='ltr'>De</span> <span class='ocrx_word' id='word_1_100' title='bbox 671 960 755 998; x_wconf 89' lang='lat' dir='ltr'>qua</span> <span class='ocrx_word' id='word_1_101' title='bbox 794 960 839 986; x_wconf 89' lang='lat' dir='ltr'>re</span> <span class='ocrx_word' id='word_1_102' title='bbox 871 961 1001 999; x_wconf 91' lang='lat' dir='ltr'>quum</span> <span class='ocrx_word' id='word_1_103' title='bbox 1030 946 1211 1001; x_wconf 87' lang='lat' dir='ltr'>plurima</span> <span class='ocrx_word' id='word_1_104' title='bbox 1239 947 1375 1001; x_wconf 88' lang='lat' dir='ltr'>ipsius</span> <span class='ocrx_word' id='word_1_105' title='bbox 1406 946 1567 988; x_wconf 88' lang='lat' dir='ltr'>iudicia</span> 
     </span>
     <span class='ocr_line' id='line_1_16' title="bbox 236 999 1566 1057; baseline 0 -13"><span class='ocrx_word' id='word_1_106' title='bbox 236 1004 280 1044; x_wconf 94' lang='lat' dir='ltr'>in</span> <span class='ocrx_word' id='word_1_107' title='bbox 319 1001 504 1043; x_wconf 88' lang='lat' dir='ltr'>medium</span> <span class='ocrx_word' id='word_1_108' title='bbox 545 999 686 1041; x_wconf 86' lang='lat' dir='ltr'>afferri</span> <span class='ocrx_word' id='word_1_109' title='bbox 724 1002 913 1054; x_wconf 88' lang='lat' dir='ltr'>possint,</span> <span class='ocrx_word' id='word_1_110' title='bbox 965 1003 1120 1055; x_wconf 92' lang='lat' dir='ltr'>quibus</span> <span class='ocrx_word' id='word_1_111' title='bbox 1156 1008 1298 1043; x_wconf 89' lang='lat' dir='ltr'>rectae</span> <span class='ocrx_word' id='word_1_112' title='bbox 1353 1003 1566 1057; x_wconf 89' lang='lat' dir='ltr'>opinionis</span> 
     </span>
     <span class='ocr_line' id='line_1_17' title="bbox 236 1056 1564 1111; baseline 0 -12"><span class='ocrx_word' id='word_1_113' title='bbox 236 1058 279 1099; x_wconf 90' lang='lat' dir='ltr'>di</span> <span class='ocrx_word' id='word_1_114' title='bbox 313 1058 424 1098; x_wconf 84' lang='lat' dir='ltr'>nitas</span> <span class='ocrx_word' id='word_1_115' title='bbox 464 1062 593 1109; x_wconf 91' lang='lat' dir='ltr'>atque</span> <span class='ocrx_word' id='word_1_116' title='bbox 632 1056 817 1111; x_wconf 88' lang='lat' dir='ltr'>pretium</span> <span class='ocrx_word' id='word_1_117' title='bbox 856 1057 902 1097; x_wconf 86' lang='lat' dir='ltr'>in</span> <span class='ocrx_word' id='word_1_118' title='bbox 931 1056 1163 1099; x_wconf 85' lang='lat' dir='ltr'>illustriore</span> <span class='ocrx_word' id='word_1_119' title='bbox 1191 1058 1286 1099; x_wconf 89' lang='lat' dir='ltr'>luce</span> <span class='ocrx_word' id='word_1_120' title='bbox 1315 1058 1564 1111; x_wconf 87' lang='lat' dir='ltr'>collocatur,</span> 
     </span>
     <span class='ocr_line' id='line_1_18' title="bbox 237 1073 1564 1167; baseline -0.001 -12"><span class='ocrx_word' id='word_1_121' title='bbox 237 1073 370 1156; x_wconf 31' lang='lat' dir='ltr'>veluti</span> <span class='ocrx_word' id='word_1_122' title='bbox 402 1112 601 1167; x_wconf 84' lang='lat' dir='ltr'>SympOS.</span> <span class='ocrx_word' id='word_1_123' title='bbox 642 1127 683 1166; x_wconf 92' lang='lat' dir='ltr'>p.</span> <span class='ocrx_word' id='word_1_124' title='bbox 726 1112 818 1152; x_wconf 75' lang='lat'>202.</span> <span class='ocrx_word' id='word_1_125' title='bbox 859 1114 913 1154; x_wconf 88' lang='lat' dir='ltr'>A.</span> <span class='ocrx_word' id='word_1_126' title='bbox 955 1126 1050 1167; x_wconf 90' lang='lat' dir='ltr'>sqq.</span> <span class='ocrx_word' id='word_1_127' title='bbox 1090 1113 1266 1156; x_wconf 78' lang='lat' dir='ltr'>Theaet.</span> <span class='ocrx_word' id='word_1_128' title='bbox 1298 1128 1339 1167; x_wconf 92' lang='lat' dir='ltr'>p.</span> <span class='ocrx_word' id='word_1_129' title='bbox 1387 1115 1478 1155; x_wconf 72' lang='lat'>190.</span> <span class='ocrx_word' id='word_1_130' title='bbox 1508 1111 1564 1154; x_wconf 81' lang='lat' dir='ltr'>A.</span> 
     </span>
     <span class='ocr_line' id='line_1_19' title="bbox 237 1167 1562 1224; baseline -0.002 -12"><span class='ocrx_word' id='word_1_131' title='bbox 237 1184 330 1224; x_wconf 84' lang='lat' dir='ltr'>sqq.</span> <span class='ocrx_word' id='word_1_132' title='bbox 389 1167 556 1208; x_wconf 90' lang='lat' dir='ltr'>Phileb.</span> <span class='ocrx_word' id='word_1_133' title='bbox 594 1182 636 1222; x_wconf 90' lang='lat' dir='ltr'>p.</span> <span class='ocrx_word' id='word_1_134' title='bbox 670 1169 733 1207; x_wconf 89' lang='lat'>11.</span> <span class='ocrx_word' id='word_1_135' title='bbox 764 1167 815 1208; x_wconf 88' lang='lat' dir='ltr'>B.</span> <span class='ocrx_word' id='word_1_136' title='bbox 847 1170 914 1209; x_wconf 85' lang='lat'>37.</span> <span class='ocrx_word' id='word_1_137' title='bbox 946 1169 1001 1210; x_wconf 88' lang='lat' dir='ltr'>A.</span> <span class='ocrx_word' id='word_1_138' title='bbox 1031 1183 1126 1222; x_wconf 87' lang='lat' dir='ltr'>sqq.</span> <span class='ocrx_word' id='word_1_139' title='bbox 1173 1168 1364 1224; x_wconf 87' lang='lat' dir='ltr'>Sophist.</span> <span class='ocrx_word' id='word_1_140' title='bbox 1396 1185 1436 1224; x_wconf 88' lang='lat' dir='ltr'>p.</span> <span class='ocrx_word' id='word_1_141' title='bbox 1468 1170 1562 1210; x_wconf 73' lang='lat'>263.</span> 
     </span>
     <span class='ocr_line' id='line_1_20' title="bbox 236 1222 1562 1279; baseline -0.003 -11"><span class='ocrx_word' id='word_1_142' title='bbox 236 1240 328 1279; x_wconf 91' lang='lat' dir='ltr'>sqq.</span> <span class='ocrx_word' id='word_1_143' title='bbox 400 1224 469 1264; x_wconf 91' lang='lat' dir='ltr'>De</span> <span class='ocrx_word' id='word_1_144' title='bbox 509 1222 617 1276; x_wconf 67' lang='lat' dir='ltr'>lzep.</span> <span class='ocrx_word' id='word_1_145' title='bbox 659 1223 715 1265; x_wconf 85' lang='lat' dir='ltr'>V.</span> <span class='ocrx_word' id='word_1_146' title='bbox 759 1238 797 1277; x_wconf 92' lang='lat' dir='ltr'>p.</span> <span class='ocrx_word' id='word_1_147' title='bbox 845 1225 940 1264; x_wconf 78' lang='lat'>479.</span> <span class='ocrx_word' id='word_1_148' title='bbox 981 1223 1031 1266; x_wconf 87' lang='lat' dir='ltr'>B.</span> <span class='ocrx_word' id='word_1_149' title='bbox 1063 1224 1112 1265; x_wconf 85' lang='lat' dir='ltr'>O.</span> <span class='ocrx_word' id='word_1_150' title='bbox 1153 1240 1193 1279; x_wconf 92' lang='lat' dir='ltr'>p.</span> <span class='ocrx_word' id='word_1_151' title='bbox 1234 1226 1328 1266; x_wconf 75' lang='lat'>476.</span> <span class='ocrx_word' id='word_1_152' title='bbox 1369 1224 1425 1265; x_wconf 91' lang='lat' dir='ltr'>D.</span> <span class='ocrx_word' id='word_1_153' title='bbox 1468 1239 1562 1278; x_wconf 88' lang='lat' dir='ltr'>sqq.</span> 
     </span>
     <span class='ocr_line' id='line_1_21' title="bbox 233 1278 1562 1334; baseline -0.002 -12"><span class='ocrx_word' id='word_1_154' title='bbox 233 1281 412 1322; x_wconf 90' lang='lat' dir='ltr'>Menon.</span> <span class='ocrx_word' id='word_1_155' title='bbox 453 1294 495 1333; x_wconf 92' lang='lat' dir='ltr'>p.</span> <span class='ocrx_word' id='word_1_156' title='bbox 535 1280 601 1319; x_wconf 81' lang='lat'>97.</span> <span class='ocrx_word' id='word_1_157' title='bbox 643 1278 693 1319; x_wconf 91' lang='lat' dir='ltr'>B.</span> <span class='ocrx_word' id='word_1_158' title='bbox 732 1278 869 1334; x_wconf 83' lang='lat' dir='ltr'>Legg.</span> <span class='ocrx_word' id='word_1_159' title='bbox 910 1279 943 1320; x_wconf 91' lang='lat' dir='ltr'>l.</span> <span class='ocrx_word' id='word_1_160' title='bbox 987 1293 1029 1333; x_wconf 88' lang='lat' dir='ltr'>p.</span> <span class='ocrx_word' id='word_1_161' title='bbox 1060 1282 1155 1323; x_wconf 69' lang='lat'>632).</span> <span class='ocrx_word' id='word_1_162' title='bbox 1195 1279 1244 1321; x_wconf 91' lang='lat' dir='ltr'>C.</span> <span class='ocrx_word' id='word_1_163' title='bbox 1279 1279 1335 1320; x_wconf 89' lang='lat'>11.</span> <span class='ocrx_word' id='word_1_164' title='bbox 1367 1281 1460 1321; x_wconf 84' lang='lat'>653.</span> <span class='ocrx_word' id='word_1_165' title='bbox 1491 1281 1562 1333; x_wconf 91' lang='lat' dir='ltr'>A.,</span> 
     </span>
     <span class='ocr_line' id='line_1_22' title="bbox 232 1334 1562 1389; baseline -0.001 -12"><span class='ocrx_word' id='word_1_166' title='bbox 232 1342 325 1377; x_wconf 92' lang='lat' dir='ltr'>tum</span> <span class='ocrx_word' id='word_1_167' title='bbox 356 1335 483 1376; x_wconf 88' lang='lat' dir='ltr'>etiam</span> <span class='ocrx_word' id='word_1_168' title='bbox 513 1334 724 1389; x_wconf 84' lang='lat' dir='ltr'>integrum</span> <span class='ocrx_word' id='word_1_169' title='bbox 755 1334 976 1375; x_wconf 89' lang='lat' dir='ltr'>Timaeum</span> <span class='ocrx_word' id='word_1_170' title='bbox 1007 1341 1160 1376; x_wconf 87' lang='lat' dir='ltr'>testem</span> <span class='ocrx_word' id='word_1_171' title='bbox 1191 1336 1400 1376; x_wconf 81' lang='lat' dir='ltr'>advocare</span> <span class='ocrx_word' id='word_1_172' title='bbox 1422 1335 1562 1387; x_wconf 85' lang='lat' dir='ltr'>liceat,</span> 
     </span>
     <span class='ocr_line' id='line_1_23' title="bbox 231 1388 1564 1446; baseline -0.002 -13"><span class='ocrx_word' id='word_1_173' title='bbox 231 1392 276 1433; x_wconf 90' lang='lat' dir='ltr'>in</span> <span class='ocrx_word' id='word_1_174' title='bbox 315 1406 400 1446; x_wconf 92' lang='lat' dir='ltr'>quo</span> <span class='ocrx_word' id='word_1_175' title='bbox 428 1389 538 1431; x_wconf 90' lang='lat' dir='ltr'>libro</span> <span class='ocrx_word' id='word_1_176' title='bbox 569 1388 622 1430; x_wconf 90' lang='lat' dir='ltr'>de</span> <span class='ocrx_word' id='word_1_177' title='bbox 650 1403 789 1430; x_wconf 90' lang='lat' dir='ltr'>rerum</span> <span class='ocrx_word' id='word_1_178' title='bbox 818 1395 971 1431; x_wconf 85' lang='lat' dir='ltr'>natura</span> <span class='ocrx_word' id='word_1_179' title='bbox 999 1390 1226 1432; x_wconf 81' lang='lat' dir='ltr'>disseritur</span> <span class='ocrx_word' id='word_1_180' title='bbox 1255 1391 1332 1445; x_wconf 89' lang='lat' dir='ltr'>sic,</span> <span class='ocrx_word' id='word_1_181' title='bbox 1370 1396 1431 1443; x_wconf 93' lang='lat' dir='ltr'>ut,</span> <span class='ocrx_word' id='word_1_182' title='bbox 1462 1390 1564 1432; x_wconf 90' lang='lat' dir='ltr'>licet</span> 
     </span>
     <span class='ocr_line' id='line_1_24' title="bbox 234 1445 1561 1498; baseline -0.002 -9"><span class='ocrx_word' id='word_1_183' title='bbox 234 1446 509 1498; x_wconf 85' lang='lat' dir='ltr'>ostendatur,</span> <span class='ocrx_word' id='word_1_184' title='bbox 557 1459 642 1498; x_wconf 89' lang='lat' dir='ltr'>quo</span> <span class='ocrx_word' id='word_1_185' title='bbox 682 1445 809 1486; x_wconf 91' lang='lat' dir='ltr'>modo</span> <span class='ocrx_word' id='word_1_186' title='bbox 850 1445 950 1487; x_wconf 91' lang='lat' dir='ltr'>boni</span> <span class='ocrx_word' id='word_1_187' title='bbox 990 1447 1141 1488; x_wconf 89' lang='lat' dir='ltr'>summi</span> <span class='ocrx_word' id='word_1_188' title='bbox 1185 1446 1281 1493; x_wconf 88' lang='lat' dir='ltr'>idea</span> <span class='ocrx_word' id='word_1_189' title='bbox 1330 1447 1373 1487; x_wconf 90' lang='lat' dir='ltr'>in</span> <span class='ocrx_word' id='word_1_190' title='bbox 1421 1461 1561 1487; x_wconf 90' lang='lat' dir='ltr'>rerum</span> 
     </span>
     <span class='ocr_line' id='line_1_25' title="bbox 232 1502 1562 1556; baseline -0.001 -12"><span class='ocrx_word' id='word_1_191' title='bbox 232 1502 510 1545; x_wconf 86' lang='lat' dir='ltr'>universitate</span> <span class='ocrx_word' id='word_1_192' title='bbox 541 1515 744 1554; x_wconf 87' lang='lat' dir='ltr'>expressa</span> <span class='ocrx_word' id='word_1_193' title='bbox 772 1507 985 1553; x_wconf 89' lang='lat' dir='ltr'>cernatur,</span> <span class='ocrx_word' id='word_1_194' title='bbox 1017 1508 1158 1543; x_wconf 86' lang='lat' dir='ltr'>tamen</span> <span class='ocrx_word' id='word_1_195' title='bbox 1189 1502 1392 1556; x_wconf 87' lang='lat' dir='ltr'>pleraque</span> <span class='ocrx_word' id='word_1_196' title='bbox 1421 1503 1562 1543; x_wconf 88' lang='lat' dir='ltr'>omnia</span> 
     </span>
     <span class='ocr_line' id='line_1_26' title="bbox 232 1555 1559 1611; baseline -0.001 -11"><span class='ocrx_word' id='word_1_197' title='bbox 232 1559 287 1600; x_wconf 89' lang='lat' dir='ltr'>ad</span> <span class='ocrx_word' id='word_1_198' title='bbox 341 1555 727 1607; x_wconf 73' lang='lat' dir='ltr'>verisimilitudinis</span> <span class='ocrx_word' id='word_1_199' title='bbox 771 1557 979 1597; x_wconf 91' lang='lat' dir='ltr'>rationem</span> <span class='ocrx_word' id='word_1_200' title='bbox 1027 1564 1309 1611; x_wconf 86' lang='lat' dir='ltr'>revocentur,</span> <span class='ocrx_word' id='word_1_201' title='bbox 1359 1557 1441 1599; x_wconf 92' lang='lat' dir='ltr'>hoc</span> <span class='ocrx_word' id='word_1_202' title='bbox 1480 1563 1559 1610; x_wconf 79' lang='lat' dir='ltr'>est,</span> 
     </span>
     <span class='ocr_line' id='line_1_27' title="bbox 232 1611 1560 1668; baseline -0.002 -12"><span class='ocrx_word' id='word_1_203' title='bbox 232 1613 467 1656; x_wconf 87' lang='lat' dir='ltr'>secundum</span> <span class='ocrx_word' id='word_1_204' title='bbox 508 1611 723 1666; x_wconf 90' lang='lat' dir='ltr'>opinionis</span> <span class='ocrx_word' id='word_1_205' title='bbox 771 1612 1116 1666; x_wconf 84' lang='lat' dir='ltr'>probabilitatem</span> <span class='ocrx_word' id='word_1_206' title='bbox 1164 1620 1456 1668; x_wconf 79' lang='lat' dir='ltr'>exponantur3</span> <span class='ocrx_word' id='word_1_207' title='bbox 1508 1613 1560 1654; x_wconf 89' lang='lat' dir='ltr'>de</span> 
     </span>
     <span class='ocr_line' id='line_1_28' title="bbox 233 1667 1558 1723; baseline -0.001 -13"><span class='ocrx_word' id='word_1_208' title='bbox 233 1684 319 1723; x_wconf 90' lang='lat' dir='ltr'>qua</span> <span class='ocrx_word' id='word_1_209' title='bbox 346 1683 391 1709; x_wconf 90' lang='lat' dir='ltr'>re</span> <span class='ocrx_word' id='word_1_210' title='bbox 423 1684 462 1708; x_wconf 87' lang='lat' dir='ltr'>v.</span> <span class='ocrx_word' id='word_1_211' title='bbox 498 1667 808 1721; x_wconf 71' lang='lat' dir='ltr'>prolegomena</span> <span class='ocrx_word' id='word_1_212' title='bbox 846 1674 993 1709; x_wconf 87' lang='lat' dir='ltr'>nostra</span> <span class='ocrx_word' id='word_1_213' title='bbox 1031 1668 1086 1709; x_wconf 93' lang='lat' dir='ltr'>ad</span> <span class='ocrx_word' id='word_1_214' title='bbox 1124 1669 1232 1709; x_wconf 91' lang='lat' dir='ltr'>Tim.</span> <span class='ocrx_word' id='word_1_215' title='bbox 1275 1685 1316 1723; x_wconf 93' lang='lat' dir='ltr'>p.</span> <span class='ocrx_word' id='word_1_216' title='bbox 1356 1671 1424 1711; x_wconf 84' lang='lat'>35.</span> <span class='ocrx_word' id='word_1_217' title='bbox 1465 1683 1558 1722; x_wconf 88' lang='lat' dir='ltr'>sqq.</span> 
     </span>
     <span class='ocr_line' id='line_1_29' title="bbox 231 1721 1558 1778; baseline 0 -13"><span class='ocrx_word' id='word_1_218' title='bbox 231 1724 348 1777; x_wconf 81' lang='lat' dir='ltr'>Quid</span> <span class='ocrx_word' id='word_1_219' title='bbox 388 1721 551 1778; x_wconf 82' lang='lat' dir='ltr'>igitur?</span> <span class='ocrx_word' id='word_1_220' title='bbox 592 1722 697 1763; x_wconf 86' lang='lat' dir='ltr'>haec</span> <span class='ocrx_word' id='word_1_221' title='bbox 740 1726 812 1776; x_wconf 89' lang='lat' dir='ltr'>qui</span> <span class='ocrx_word' id='word_1_222' title='bbox 841 1723 902 1763; x_wconf 89' lang='lat' dir='ltr'>ita</span> <span class='ocrx_word' id='word_1_223' title='bbox 929 1723 1136 1765; x_wconf 87' lang='lat' dir='ltr'>iudicavit</span> <span class='ocrx_word' id='word_1_224' title='bbox 1175 1730 1304 1778; x_wconf 88' lang='lat' dir='ltr'>atque</span> <span class='ocrx_word' id='word_1_225' title='bbox 1345 1723 1452 1765; x_wconf 87' lang='lat' dir='ltr'>adeo</span> <span class='ocrx_word' id='word_1_226' title='bbox 1493 1725 1558 1765; x_wconf 87' lang='lat' dir='ltr'>fu-</span> 
     </span>
     <span class='ocr_line' id='line_1_30' title="bbox 230 1777 1559 1832; baseline -0.002 -10"><span class='ocrx_word' id='word_1_227' title='bbox 230 1781 319 1822; x_wconf 91' lang='lat' dir='ltr'>sius</span> <span class='ocrx_word' id='word_1_228' title='bbox 351 1777 609 1832; x_wconf 85' lang='lat' dir='ltr'>disputavit,</span> <span class='ocrx_word' id='word_1_229' title='bbox 651 1779 849 1831; x_wconf 87' lang='lat' dir='ltr'>potuitne</span> <span class='ocrx_word' id='word_1_230' title='bbox 884 1779 983 1819; x_wconf 89' lang='lat' dir='ltr'>item</span> <span class='ocrx_word' id='word_1_231' title='bbox 1014 1780 1141 1820; x_wconf 84' lang='lat' dir='ltr'>etiam</span> <span class='ocrx_word' id='word_1_232' title='bbox 1172 1780 1290 1821; x_wconf 75' lang='lat' dir='ltr'>salva</span> <span class='ocrx_word' id='word_1_233' title='bbox 1320 1780 1485 1820; x_wconf 84' lang='lat' dir='ltr'>ratione</span> <span class='ocrx_word' id='word_1_234' title='bbox 1516 1786 1559 1821; x_wconf 89' lang='lat' dir='ltr'>et</span> 
     </span>
     <span class='ocr_line' id='line_1_31' title="bbox 230 1832 1558 1890; baseline -0.001 -13"><span class='ocrx_word' id='word_1_235' title='bbox 230 1835 424 1877; x_wconf 86' lang='lat' dir='ltr'>doctrina</span> <span class='ocrx_word' id='word_1_236' title='bbox 471 1847 572 1884; x_wconf 81' lang='lat' dir='ltr'>sua,</span> <span class='ocrx_word' id='word_1_237' title='bbox 623 1832 675 1873; x_wconf 91' lang='lat' dir='ltr'>de</span> <span class='ocrx_word' id='word_1_238' title='bbox 723 1833 853 1875; x_wconf 87' lang='lat' dir='ltr'>rebus</span> <span class='ocrx_word' id='word_1_239' title='bbox 899 1833 1095 1875; x_wconf 87' lang='lat' dir='ltr'>civilibus</span> <span class='ocrx_word' id='word_1_240' title='bbox 1138 1835 1200 1875; x_wconf 85' lang='lat' dir='ltr'>ita</span> <span class='ocrx_word' id='word_1_241' title='bbox 1241 1835 1468 1890; x_wconf 85' lang='lat' dir='ltr'>explicare,</span> <span class='ocrx_word' id='word_1_242' title='bbox 1509 1842 1558 1876; x_wconf 91' lang='lat' dir='ltr'>ut</span> 
     </span>
     <span class='ocr_line' id='line_1_32' title="bbox 230 1887 1557 1945; baseline -0.001 -13"><span class='ocrx_word' id='word_1_243' title='bbox 230 1891 357 1932; x_wconf 85' lang='lat' dir='ltr'>missa</span> <span class='ocrx_word' id='word_1_244' title='bbox 395 1887 625 1942; x_wconf 87' lang='lat' dir='ltr'>aliquando</span> <span class='ocrx_word' id='word_1_245' title='bbox 663 1887 854 1929; x_wconf 87' lang='lat' dir='ltr'>idearum</span> <span class='ocrx_word' id='word_1_246' title='bbox 894 1889 1154 1931; x_wconf 87' lang='lat' dir='ltr'>sublimitate</span> <span class='ocrx_word' id='word_1_247' title='bbox 1193 1891 1369 1945; x_wconf 84' lang='lat' dir='ltr'>propius</span> <span class='ocrx_word' id='word_1_248' title='bbox 1409 1890 1463 1931; x_wconf 88' lang='lat' dir='ltr'>ad</span> <span class='ocrx_word' id='word_1_249' title='bbox 1494 1891 1557 1931; x_wconf 89' lang='lat' dir='ltr'>vi-</span> 
     </span>
     <span class='ocr_line' id='line_1_33' title="bbox 227 1942 1557 1987; baseline 0 0"><span class='ocrx_word' id='word_1_250' title='bbox 227 1954 314 1987; x_wconf 81' lang='lat' dir='ltr'>tam</span> <span class='ocrx_word' id='word_1_251' title='bbox 360 1944 582 1985; x_wconf 83' lang='lat' dir='ltr'>humanam</span> <span class='ocrx_word' id='word_1_252' title='bbox 621 1942 902 1985; x_wconf 82' lang='lat' dir='ltr'>descenderet</span> <span class='ocrx_word' id='word_1_253' title='bbox 940 1950 983 1985; x_wconf 89' lang='lat' dir='ltr'>et</span> <span class='ocrx_word' id='word_1_254' title='bbox 1022 1945 1112 1986; x_wconf 90' lang='lat' dir='ltr'>eius</span> <span class='ocrx_word' id='word_1_255' title='bbox 1142 1947 1330 1987; x_wconf 88' lang='lat' dir='ltr'>rationes</span> <span class='ocrx_word' id='word_1_256' title='bbox 1361 1945 1557 1987; x_wconf 83' lang='lat' dir='ltr'>conside-</span> 
     </span>
     <span class='ocr_line' id='line_1_34' title="bbox 227 1999 1554 2054; baseline 0 -12"><span class='ocrx_word' id='word_1_257' title='bbox 227 2008 356 2054; x_wconf 88' lang='lat' dir='ltr'>raret,</span> <span class='ocrx_word' id='word_1_258' title='bbox 389 2014 475 2054; x_wconf 92' lang='lat' dir='ltr'>quo</span> <span class='ocrx_word' id='word_1_259' title='bbox 503 1999 620 2052; x_wconf 85' lang='lat' dir='ltr'>ipsas</span> <span class='ocrx_word' id='word_1_260' title='bbox 651 1999 880 2052; x_wconf 82' lang='lat' dir='ltr'>aliquando</span> <span class='ocrx_word' id='word_1_261' title='bbox 912 2000 1038 2041; x_wconf 87' lang='lat' dir='ltr'>altius</span> <span class='ocrx_word' id='word_1_262' title='bbox 1078 2001 1277 2042; x_wconf 88' lang='lat' dir='ltr'>eveheret</span> <span class='ocrx_word' id='word_1_263' title='bbox 1314 2008 1356 2042; x_wconf 92' lang='lat' dir='ltr'>et</span> <span class='ocrx_word' id='word_1_264' title='bbox 1386 2001 1440 2042; x_wconf 86' lang='lat' dir='ltr'>ad</span> <span class='ocrx_word' id='word_1_265' title='bbox 1469 2008 1554 2042; x_wconf 89' lang='lat' dir='ltr'>sta-</span> 
     </span>
     <span class='ocr_line' id='line_1_35' title="bbox 227 2055 1553 2110; baseline 0.001 -13"><span class='ocrx_word' id='word_1_266' title='bbox 227 2063 318 2098; x_wconf 92' lang='lat' dir='ltr'>tum</span> <span class='ocrx_word' id='word_1_267' title='bbox 358 2070 485 2109; x_wconf 89' lang='lat' dir='ltr'>quam</span> <span class='ocrx_word' id='word_1_268' title='bbox 525 2055 733 2109; x_wconf 89' lang='lat' dir='ltr'>optimum</span> <span class='ocrx_word' id='word_1_269' title='bbox 773 2055 1072 2101; x_wconf 81' lang='lat' dir='ltr'>converteret?</span> <span class='ocrx_word' id='word_1_270' title='bbox 1131 2057 1312 2098; x_wconf 86' lang='lat' dir='ltr'>Accedit</span> <span class='ocrx_word' id='word_1_271' title='bbox 1350 2056 1404 2097; x_wconf 91' lang='lat' dir='ltr'>ad</span> <span class='ocrx_word' id='word_1_272' title='bbox 1432 2056 1553 2110; x_wconf 89' lang='lat' dir='ltr'>haec,</span> 
     </span>
     <span class='ocr_line' id='line_1_36' title="bbox 227 2110 1554 2167; baseline 0.001 -14"><span class='ocrx_word' id='word_1_273' title='bbox 227 2111 344 2166; x_wconf 90' lang='lat' dir='ltr'>quod</span> <span class='ocrx_word' id='word_1_274' title='bbox 400 2111 624 2151; x_wconf 88' lang='lat' dir='ltr'>Platonem</span> <span class='ocrx_word' id='word_1_275' title='bbox 691 2116 861 2151; x_wconf 88' lang='lat' dir='ltr'>constat</span> <span class='ocrx_word' id='word_1_276' title='bbox 927 2111 1097 2165; x_wconf 90' lang='lat' dir='ltr'>penitus</span> <span class='ocrx_word' id='word_1_277' title='bbox 1146 2112 1229 2153; x_wconf 88' lang='lat' dir='ltr'>sibi</span> <span class='ocrx_word' id='word_1_278' title='bbox 1289 2110 1554 2167; x_wconf 82' lang='lat' dir='ltr'>persuasisse</span> 
     </span>
     <span class='ocr_line' id='line_1_37' title="bbox 227 2165 1554 2221; baseline 0.001 -13"><span class='ocrx_word' id='word_1_279' title='bbox 227 2168 430 2213; x_wconf 86' lang='lat' dir='ltr'>virtutem</span> <span class='ocrx_word' id='word_1_280' title='bbox 468 2165 721 2219; x_wconf 86' lang='lat' dir='ltr'>popularem</span> <span class='ocrx_word' id='word_1_281' title='bbox 767 2171 895 2219; x_wconf 89' lang='lat' dir='ltr'>atque</span> <span class='ocrx_word' id='word_1_282' title='bbox 925 2165 1115 2219; x_wconf 85' lang='lat' dir='ltr'>civilem,</span> <span class='ocrx_word' id='word_1_283' title='bbox 1156 2181 1280 2221; x_wconf 90' lang='lat' dir='ltr'>quam</span> <span class='ocrx_word' id='word_1_284' title='bbox 1313 2166 1554 2220; x_wconf 80' lang='grc' dir='ltr'><em>δημοτικὴν</em></span> 
     </span>
     <span class='ocr_line' id='line_1_38' title="bbox 226 2220 1551 2277; baseline 0.001 -14"><span class='ocrx_word' id='word_1_285' title='bbox 226 2226 296 2264; x_wconf 76' lang='grc' dir='ltr'>καὶ</span> <span class='ocrx_word' id='word_1_286' title='bbox 337 2224 564 2271; x_wconf 58' lang='lat' dir='ltr'>nummum!</span> <span class='ocrx_word' id='word_1_287' title='bbox 592 2220 802 2275; x_wconf 87' lang='lat' dir='ltr'>appellat,</span> <span class='ocrx_word' id='word_1_288' title='bbox 841 2235 927 2262; x_wconf 90' lang='lat' dir='ltr'>una</span> <span class='ocrx_word' id='word_1_289' title='bbox 965 2222 1145 2262; x_wconf 86' lang='lat' dir='ltr'>maxime</span> <span class='ocrx_word' id='word_1_290' title='bbox 1194 2221 1446 2277; x_wconf 88' lang='lat' dir='ltr'>disciplinae</span> <span class='ocrx_word' id='word_1_291' title='bbox 1483 2239 1551 2264; x_wconf 88' lang='lat' dir='ltr'>ra-</span> 
     </span>
     <span class='ocr_line' id='line_1_39' title="bbox 225 2275 1551 2329; baseline 0 -10"><span class='ocrx_word' id='word_1_292' title='bbox 225 2278 358 2329; x_wconf 90' lang='lat' dir='ltr'>tione,</span> <span class='ocrx_word' id='word_1_293' title='bbox 389 2290 506 2317; x_wconf 86' lang='lat' dir='ltr'>more</span> <span class='ocrx_word' id='word_1_294' title='bbox 526 2281 569 2316; x_wconf 91' lang='lat' dir='ltr'>et</span> <span class='ocrx_word' id='word_1_295' title='bbox 598 2275 923 2329; x_wconf 89' lang='lat' dir='ltr'>consuetudine,</span> <span class='ocrx_word' id='word_1_296' title='bbox 956 2276 1141 2329; x_wconf 82' lang='lat' dir='ltr'>denique</span> <span class='ocrx_word' id='word_1_297' title='bbox 1170 2292 1251 2318; x_wconf 90' lang='lat' dir='ltr'>usu</span> <span class='ocrx_word' id='word_1_298' title='bbox 1271 2284 1313 2319; x_wconf 90' lang='lat' dir='ltr'>et</span> <span class='ocrx_word' id='word_1_299' title='bbox 1344 2279 1551 2320; x_wconf 87' lang='lat' dir='ltr'>exercita-</span> 
     </span>
     <span class='ocr_line' id='line_1_40' title="bbox 224 2330 1549 2387; baseline 0 -12"><span class='ocrx_word' id='word_1_300' title='bbox 224 2334 356 2385; x_wconf 86' lang='lat' dir='ltr'>tione,</span> <span class='ocrx_word' id='word_1_301' title='bbox 391 2330 612 2373; x_wconf 87' lang='lat' dir='ltr'>contineri.</span> <span class='ocrx_word' id='word_1_302' title='bbox 671 2331 738 2372; x_wconf 89' lang='lat' dir='ltr'>De</span> <span class='ocrx_word' id='word_1_303' title='bbox 776 2346 861 2384; x_wconf 90' lang='lat' dir='ltr'>qua</span> <span class='ocrx_word' id='word_1_304' title='bbox 889 2346 934 2372; x_wconf 87' lang='lat' dir='ltr'>re</span> <span class='ocrx_word' id='word_1_305' title='bbox 963 2331 1075 2372; x_wconf 82' lang='lat' dir='ltr'>infra</span> <span class='ocrx_word' id='word_1_306' title='bbox 1105 2331 1203 2373; x_wconf 81' lang='lat' dir='ltr'>data</span> <span class='ocrx_word' id='word_1_307' title='bbox 1229 2334 1549 2387; x_wconf 84' lang='lat' dir='ltr'>opportunitate</span> 
     </span>
     <span class='ocr_line' id='line_1_41' title="bbox 225 2386 1549 2443; baseline 0.001 -13"><span class='ocrx_word' id='word_1_308' title='bbox 225 2388 418 2430; x_wconf 84' lang='lat' dir='ltr'>dicemus</span> <span class='ocrx_word' id='word_1_309' title='bbox 456 2386 723 2439; x_wconf 84' lang='lat' dir='ltr'>explicatius.</span> <span class='ocrx_word' id='word_1_310' title='bbox 782 2387 892 2428; x_wconf 87' lang='lat' dir='ltr'>Eam</span> <span class='ocrx_word' id='word_1_311' title='bbox 922 2392 1062 2427; x_wconf 86' lang='lat' dir='ltr'>autem</span> <span class='ocrx_word' id='word_1_312' title='bbox 1095 2387 1294 2429; x_wconf 89' lang='lat' dir='ltr'>virtutem</span> <span class='ocrx_word' id='word_1_313' title='bbox 1325 2403 1455 2443; x_wconf 89' lang='lat' dir='ltr'>quum</span> <span class='ocrx_word' id='word_1_314' title='bbox 1486 2396 1549 2430; x_wconf 81' lang='lat' dir='ltr'>ta-</span> 
     </span>
     <span class='ocr_line' id='line_1_42' title="bbox 222 2440 1549 2499; baseline 0 -13"><span class='ocrx_word' id='word_1_315' title='bbox 222 2445 305 2486; x_wconf 90' lang='lat' dir='ltr'>lem</span> <span class='ocrx_word' id='word_1_316' title='bbox 337 2457 431 2485; x_wconf 88' lang='lat' dir='ltr'>esse</span> <span class='ocrx_word' id='word_1_317' title='bbox 458 2440 733 2494; x_wconf 85' lang='lat' dir='ltr'>iudicaverit,</span> <span class='ocrx_word' id='word_1_318' title='bbox 774 2442 896 2484; x_wconf 84' lang='lat' dir='ltr'>cuius</span> <span class='ocrx_word' id='word_1_319' title='bbox 927 2442 1054 2483; x_wconf 80' lang='lat' dir='ltr'>unius</span> <span class='ocrx_word' id='word_1_320' title='bbox 1082 2457 1238 2498; x_wconf 82' lang='lat' dir='ltr'>magna</span> <span class='ocrx_word' id='word_1_321' title='bbox 1267 2443 1415 2499; x_wconf 90' lang='lat' dir='ltr'>populi</span> <span class='ocrx_word' id='word_1_322' title='bbox 1441 2445 1549 2486; x_wconf 90' lang='lat' dir='ltr'>mul-</span> 
     </span>
     <span class='ocr_line' id='line_1_43' title="bbox 222 2496 1547 2553; baseline 0.001 -12"><span class='ocrx_word' id='word_1_323' title='bbox 222 2498 366 2541; x_wconf 89' lang='lat' dir='ltr'>titudo</span> <span class='ocrx_word' id='word_1_324' title='bbox 402 2496 618 2553; x_wconf 89' lang='lat' dir='ltr'>particeps</span> <span class='ocrx_word' id='word_1_325' title='bbox 663 2497 801 2550; x_wconf 86' lang='lat' dir='ltr'>possit</span> <span class='ocrx_word' id='word_1_326' title='bbox 830 2497 947 2551; x_wconf 85' lang='lat' dir='ltr'>fieri,</span> <span class='ocrx_word' id='word_1_327' title='bbox 987 2497 1198 2551; x_wconf 85' lang='lat' dir='ltr'>siquidem</span> <span class='ocrx_word' id='word_1_328' title='bbox 1251 2498 1355 2541; x_wconf 89' lang='lat' dir='ltr'>haec</span> <span class='ocrx_word' id='word_1_329' title='bbox 1396 2514 1547 2542; x_wconf 87' lang='lat' dir='ltr'>secun-</span> 
     </span>
     <span class='ocr_line' id='line_1_44' title="bbox 225 2551 1545 2608; baseline -0.001 -11"><span class='ocrx_word' id='word_1_330' title='bbox 225 2555 328 2607; x_wconf 87' lang='lat' dir='ltr'>dum</span> <span class='ocrx_word' id='word_1_331' title='bbox 372 2553 462 2594; x_wconf 85' lang='lat' dir='ltr'>eius</span> <span class='ocrx_word' id='word_1_332' title='bbox 517 2551 771 2593; x_wconf 87' lang='lat' dir='ltr'>sententiam</span> <span class='ocrx_word' id='word_1_333' title='bbox 819 2553 1032 2607; x_wconf 87' lang='lat' dir='ltr'>perfectae</span> <span class='ocrx_word' id='word_1_334' title='bbox 1078 2553 1192 2594; x_wconf 92' lang='lat' dir='ltr'>illius</span> <span class='ocrx_word' id='word_1_335' title='bbox 1246 2555 1442 2608; x_wconf 86' lang='lat' dir='ltr'>virtutis,</span> <span class='ocrx_word' id='word_1_336' title='bbox 1492 2554 1545 2595; x_wconf 90' lang='lat' dir='ltr'>ad</span> 
     </span>
     <span class='ocr_line' id='line_1_45' title="bbox 224 2606 1546 2665; baseline -0.001 -12"><span class='ocrx_word' id='word_1_337' title='bbox 224 2624 351 2665; x_wconf 89' lang='lat' dir='ltr'>quam</span> <span class='ocrx_word' id='word_1_338' title='bbox 390 2607 471 2652; x_wconf 85' lang='lat' dir='ltr'>soli</span> <span class='ocrx_word' id='word_1_339' title='bbox 519 2606 731 2662; x_wconf 84' lang='lat' dir='ltr'>sapientes</span> <span class='ocrx_word' id='word_1_340' title='bbox 777 2608 819 2648; x_wconf 91' lang='lat' dir='ltr'>in</span> <span class='ocrx_word' id='word_1_341' title='bbox 867 2613 1074 2664; x_wconf 86' lang='lat' dir='ltr'>perpetua</span> <span class='ocrx_word' id='word_1_342' title='bbox 1120 2623 1259 2651; x_wconf 89' lang='lat' dir='ltr'>rerum</span> <span class='ocrx_word' id='word_1_343' title='bbox 1310 2609 1546 2652; x_wconf 86' lang='lat' dir='ltr'>divinarum</span> 
     </span>
    </p>
   </div>
  </div>
 </body>
</html>
