1612 2872
253 101 334 141 238
576 146 579 147 ⁷
596 140 603 147 ,
683 98 1134 143 ARGUMENTUM

253 210 400 252 dicari.
472 210 682 251 Videntur
720 210 852 265 igitur
879 209 932 262 ii,
964 211 1038 263 qui
1068 211 1326 254 calamitosis
1356 213 1439 255 illis
1469 219 1573 254 tem-

253 267 430 321 poribus
471 279 735 306 communem
774 266 862 306 fere
902 264 1144 321 effugerunt
1172 267 1411 322 interitum,
1443 269 1602 313 fuisse?

253 322 417 375 aliquot
453 326 647 375 pastores
685 320 728 361 in
768 321 855 361 alto
885 321 1028 374 aliquo
1056 328 1198 365 monte
1223 332 1468 377 versantes,
1501 325 1574 378 qui

250 377 493 432 potuissent
530 377 576 416 in
616 375 808 417 eiusdem
851 377 1082 431 confugere
1113 379 1345 421 cacumina.
1405 379 1574 432 Quibus

251 431 515 473 conservatis
544 431 727 485 accidit,
766 438 814 472 ut
843 433 965 486 quasi
995 432 1205 486 quaedam
1235 436 1395 476 semina
1425 436 1574 489 stirpis

251 487 459 527 humanae
478 486 831 541 relinquerentur.
890 487 1004 529 Istos
1022 503 1123 530 vero
1145 489 1337 532 homines
1369 490 1574 533 credibile

252 549 318 583 est
354 542 487 583 fuisse
527 543 714 584 omnium
754 543 909 584 artium
947 543 1076 586 rudes
1124 551 1166 586 et
1203 546 1446 600 imperitos,
1495 561 1574 588 nec

251 597 484 652 quidquam
520 599 711 640 tenuisse
747 614 917 652 eorum,
957 613 1066 652 quae
1105 601 1283 643 urbibus
1313 617 1362 643 ac
1390 602 1574 644 civitati-

250 655 330 695 bus
370 654 656 707 conveniunt,
706 654 1053 708 quandoquidem
1092 664 1354 699 evanuerant
1393 672 1570 712 prorsus

249 724 496 764 camporum
534 709 812 764 littorumque
852 711 1031 752 incolae.
1115 711 1331 764 Quocirca
1378 719 1491 755 artes
1532 719 1575 755 et

249 781 273 807 0
307 765 421 807 ificia
473 764 587 820 apud
633 765 729 808 illos
773 766 912 819 nulla,
961 773 1009 807 ut
1047 781 1126 808 nec
1163 769 1366 810 memoria
1403 769 1573 810 illorum

248 821 334 863 ula
361 828 699 863 conservaretur.
755 822 985 863 Enimvero
1018 823 1089 862 vix
1119 823 1231 864 mille
1262 832 1337 865 aut
1365 824 1430 866 bis
1462 824 1572 865 mille

249 877 349 919 anni
389 877 525 930 elapsi
566 882 686 929 sunt,
730 891 782 917 ex
822 892 907 931 quo
947 876 1063 932 apud
1091 885 1260 921 nostros
1289 880 1390 921 novi
1419 881 1571 921 extite-

249 938 350 974 runt
378 932 531 973 artium
561 932 820 985 inventores,
845 932 1097 1030 faedalus,
1131 933 1347 989 Orpheus,
1380 935 1572 976 Palame-

249 988 349 1040 des,
390 989 615 1043 Marsyas,
649 986 841 1043 Olympii
875 1020 887 1041 ,
918 987 1151 1043 Amphion,
1191 990 1285 1041 alii3
1329 1006 1378 1032 ac
1417 991 1573 1033 nudius

247 1044 398 1086 tertius
439 1043 609 1084 demum
647 1043 755 1084 vixit
793 1044 1073 1098 Epimenides
1101 1045 1171 1086 ille
1204 1044 1422 1088 Cretensis
1448 1061 1573 1102 saga-

248 1100 443 1142 cissimus
471 1099 699 1140 herbarum
737 1099 1073 1142 medicatricium
1113 1100 1350 1158 indagator.
1417 1102 1572 1156 Itaque

249 1162 349 1212 post
386 1156 604 1211 ingentem
649 1154 765 1196 illam
815 1162 999 1212 stragem
1049 1154 1210 1198 diluvio
1256 1154 1413 1199 factam
1459 1164 1574 1199 terra

249 1226 382 1267 prope
412 1217 535 1252 vasta
564 1211 646 1252 fuit
676 1210 922 1264 solitudine,
954 1218 1002 1253 ut
1026 1212 1097 1253 vix
1124 1212 1193 1254 hic
1226 1219 1353 1267 atque
1382 1213 1469 1255 illic
1498 1213 1573 1254 ali-

249 1282 334 1322 qua
363 1272 555 1308 armenta
584 1267 955 1322 conspicerentur,
989 1282 1097 1322 quae
1128 1268 1288 1310 victum
1318 1270 1574 1324 praeberent

247 1323 508 1374 hominibus.
569 1321 702 1365 Nulla
739 1323 870 1379 igitur
898 1328 990 1364 tum
1028 1324 1112 1364 fuit
1145 1324 1320 1376 civitas,
1358 1325 1475 1366 nulla
1512 1325 1573 1366 le-

246 1379 478 1436 gumlatio,
519 1379 604 1420 imo
643 1378 761 1419 nulla
789 1393 970 1432 usquam
999 1379 1164 1435 reliqua
1190 1380 1327 1423 civilis
1356 1380 1572 1423 societatis

246 1435 451 1477 memoria
482 1435 544 1490 (p.
580 1436 675 1475 677.
695 1435 749 1474 A.
779 1459 834 1464 -
862 1435 955 1475 678.
986 1435 1077 1488 A.).

355 1490 426 1531 Ex
456 1490 538 1532 hoc
566 1505 669 1532 vero
698 1505 837 1531 rerum
872 1496 1004 1542 statu,
1038 1490 1174 1545 qualis
1192 1499 1284 1532 tum
1313 1496 1419 1544 erat,
1451 1490 1572 1546 paul-

244 1545 363 1587 latim
392 1546 670 1600 prodierunt,
702 1560 810 1599 quae
838 1545 967 1587 hodie
997 1546 1159 1602 vigent,
1190 1547 1332 1599 urbes,
1363 1545 1572 1600 respubli-

245 1616 344 1653 cae,
387 1607 523 1654 artes,
555 1602 698 1656 leges,
730 1601 933 1653 virtutes,
965 1601 1081 1642 vitia.
1152 1601 1324 1657 Quippe
1354 1602 1484 1657 prisci
1511 1601 1571 1642 illi

243 1657 436 1698 homines
480 1671 610 1710 quum
648 1656 731 1697 alia
768 1662 859 1696 tum
889 1656 1014 1697 etiam
1052 1657 1255 1698 virtutum
1285 1657 1571 1711 vitiorumque

244 1713 432 1754 rationes
472 1711 790 1767 ignoraverunt.
861 1711 972 1753 Orta
1011 1719 1112 1754 sunt
1141 1718 1282 1754 autem
1312 1713 1385 1753 illa
1414 1713 1569 1765 omnia,

244 1783 354 1822 quae
396 1767 605 1819 diximus,
654 1781 740 1808 non
778 1767 946 1820 subito,
989 1782 1075 1808 non
1115 1774 1318 1822 repente,
1358 1783 1446 1809 non
1484 1783 1570 1809 uno

244 1824 371 1878 quasi
410 1823 540 1864 horae
568 1828 809 1874 momento,
849 1823 925 1864 sed
962 1822 1225 1878 pedetentim
1267 1829 1310 1864 et
1347 1823 1479 1879 longo
1507 1823 1568 1864 la-

244 1879 370 1921 bente
405 1892 525 1920 aev0.
594 1878 768 1920 Etenim
808 1894 893 1920 non
935 1879 1079 1920 statim
1119 1885 1218 1934 post
1261 1878 1468 1920 diluvium
1509 1879 1570 1920 vi-

243 1934 397 1977 dentur
427 1934 480 1975 de
510 1934 727 1976 montibus
758 1933 1051 1988 descendisse,
1079 1935 1153 1989 qui
1183 1935 1342 1976 servati
1367 1943 1486 1976 erant
1515 1935 1569 1977 ab

242 1991 438 2044 interitu,
480 1989 558 2032 sed
597 1990 772 2031 terroris
814 1997 857 2031 et
896 1995 1034 2032 metus
1064 1989 1356 2046 magnitudine
1385 1990 1570 2044 perculsi

242 2046 402 2088 diutius
441 2046 485 2087 in
516 2045 614 2087 altis
642 2046 920 2098 remansisse,
960 2045 1066 2087 nihil
1106 2047 1288 2099 usquam
1326 2046 1461 2087 maius
1494 2060 1568 2087 au-

243 2103 409 2144 dentes.
480 2101 579 2154 Quo
617 2102 842 2156 pauciores
880 2107 1021 2143 autem
1050 2101 1168 2142 fuere
1197 2101 1475 2155 superstites,
1515 2116 1567 2142 eo

241 2159 376 2201 maius
406 2157 609 2199 credibile
639 2172 733 2199 esse
762 2158 880 2212 ipsos
909 2156 1114 2198 invasisse
1145 2157 1463 2198 communitatis
1492 2156 1567 2197 ali-

240 2215 363 2256 cuius
406 2218 536 2267 atque
574 2213 811 2255 communis
860 2211 1080 2255 societatis
1133 2211 1405 2254 desiderium.
1471 2211 1567 2253 Nec

239 2276 381 2311 tamen
417 2268 543 2310 facile
581 2274 815 2323 potuerunt
850 2268 894 2309 in
933 2282 1064 2309 unum
1094 2268 1335 2310 convenire.
1394 2266 1567 2321 Quippe

240 2331 353 2366 artes
393 2330 654 2365 evanuerant
691 2324 862 2370 omnino
893 2337 1053 2375 omnes,
1085 2329 1133 2364 ut
1162 2338 1215 2364 ne
1249 2323 1444 2364 vehicula
1474 2322 1567 2376 qui-

240 2380 336 2422 dem
366 2379 565 2421 fabricari
593 2385 669 2421 aut
696 2380 788 2422 vias
815 2379 979 2421 munire
1010 2384 1219 2432 possent„
1260 2377 1476 2430 Quocirca
1494 2392 1567 2419 vc-

241 2434 415 2477 risimile
443 2441 528 2486 est,
561 2450 645 2489 quo
675 2436 837 2477 vastior
865 2435 948 2476 fuit
973 2440 1110 2475 terrae
1138 2434 1282 2487 facies,
1313 2438 1435 2475 tanto
1465 2448 1565 2474 con-

240 2491 475 2533 iunctiores
517 2504 590 2532 eos
627 2491 739 2532 inter
774 2491 893 2545 ipsos
921 2489 1102 2542 vixisse,
1142 2489 1392 2544 praesertim
1434 2503 1565 2542 quum

241 2545 559 2588 inimicitiarum
600 2560 651 2587 ac
690 2546 997 2589 discordiarum
1025 2545 1169 2586 nullae
1198 2556 1378 2586 caussae
1409 2557 1564 2607 suppe-

241 2607 392 2645 terent.
459 2601 573 2643 Nam
612 2606 767 2643 natura
808 2601 919 2644 ultro
957 2600 1053 2642 ‘illis
1095 2601 1330 2656 praebebat
1375 2599 1564 2654 largiter,
