1612 2872
222 99 413 140 CLXIV
654 100 682 138 Ρ
692 97 813 138 ssoh
822 95 897 137 EG.
907 96 1084 139 OMEN
1093 102 1127 139 A

224 211 459 252 communis
500 223 622 249 usum
659 206 829 247 duxerit
857 206 983 260 plane
1013 210 1258 249 neccssaria
1287 209 1470 263 ideoque
1501 212 1559 253 ei-

223 279 297 307 ves
327 266 373 306 in
402 265 453 305 iis
485 263 645 304 sedulo·
666 260 824 302 erudiri
854 267 898 301 et
926 261 1095 303 institui
1126 263 1318 314 iusserit3
1359 281 1487 319 quam
1516 267 1587 317 ins

224 335 310 362 rem
339 320 506 362 confert
534 318 653 360 Libr.
684 316 739 358 V.
769 332 813 371 p.
845 318 938 357 747.
970 317 1024 358 A.
1056 318 1108 358 B.
1138 319 1192 360 V.
1222 334 1263 373 p.
1295 321 1389 362 741.
1415 324 1476 362 A.
1507 321 1559 362 B.
1607 346 1612 353 ·

224 377 318 417 744.
358 375 409 415 B.
449 386 542 426 sqq.
583 372 666 414 VI.
698 387 738 426 p.
771 374 865 414 757.
897 373 953 414 A.
985 387 1080 428 sqq.
1111 373 1188 424 al.;
1227 373 1274 415 id
1304 376 1416 416 enim
1445 377 1508 417 ait
1537 392 1562 417 a

224 430 421 471 ‚Platonis
460 429 625 470 ratione
665 428 792 482 plane
833 442 930 479 esse
960 428 1168 482 alienum,
1201 429 1276 483 qui
1303 430 1347 471 in
1378 432 1561 473 naturali

225 484 397 540 quidem
428 483 608 524 historia
637 491 767 536 atque
790 483 835 524 in
864 483 1073 538 physicis,
1103 499 1183 526 nec
1213 500 1317 526 vero
1347 486 1391 526 in
1422 487 1574 542 philo-⁴

224 540 375 595 sophia
423 539 574 580 morali
625 544 756 592 atque
802 539 1131 595 metaphysicis,
1179 539 1303 594 quae'
1329 541 1457 583 hodic
1497 542 1560 584 di-

223 601 402 648 cuntur,
462 594 774 636 mathematicis
821 595 986 648 aliquid
1034 595 1251 646 tribuerit3
1308 600 1559 651 ceteroquin

224 657 365 692 autem
404 650 554 692 iisdem
592 649 676 691 illis
707 650 908 706 exiguum
939 651 1141 692 statuerit
1179 652 1377 706 pretium.
1437 653 1561 706 Quae

225 721 310 761 quo
351 705 628 747 fundamento
678 705 871 747 nitantur
920 707 1068 761 paucis
1124 708 1408 761 exquisivisse
1455 711 1560 750 satis

225 763 316 803 erit.
375 762 459 803 Est
500 763 612 802 enim
651 776 717 803 res
756 761 811 802 ad
840 761 1119 804 iudicandum
1147 763 1321 804 minime
1354 763 1559 817 difficilis,

224 817 352 859 modo
381 818 507 858 nobis
538 832 563 858 a
591 817 712 858 malis
744 818 927 872 argutiis
957 832 1198 859 caveamus.

336 872 467 925 Quod
505 873 638 928 igitur
676 873 721 913 in
751 873 945 928 Legibus
979 873 1280 915 mathematica
1309 880 1353 915 et
1381 874 1561 930 physica

225 929 503 982 requiruntur
523 927 576 968 ad
599 942 740 969 rerum
762 927 1005 970 divinarum
1023 929 1328 984 cognitionem,
1352 924 1560 984 imprimis

224 984 277 1025 ab
301 984 368 1036 iis,
390 984 464 1037 qui
484 983 648 1024 civitati
661 983 863 1024 custodes
883 985 972 1025 sint
988 986 1211 1040 praefecti,
1231 985 1276 1026 id
1301 1000 1377 1026 cur
1394 986 1455 1027 ita
1467 986 1559 1038 fiat,

225 1045 429 1093 percepta
460 1038 656 1080 doctrina
685 1037 738 1080 de
767 1039 976 1094 religione
1007 1045 1051 1081 et
1079 1041 1198 1082 cultu
1227 1040 1418 1094 deorum,
1451 1056 1560 1096 quae

223 1095 334 1136 libro
375 1095 434 1137 X.
468 1100 534 1136 est
565 1095 788 1149 exposita,
820 1095 1069 1149 neutiquam
1099 1096 1327 1137 obscurum
1357 1111 1452 1138 esse
1481 1112 1560 1152 pu·-

223 1156 377 1192 tamus.
451 1149 595 1203 Quum
634 1150 746 1191 enim
783 1151 1005 1206 popularis
1044 1151 1135 1193 sere
1176 1151 1232 1193 sit
1270 1151 1344 1192 illa
1382 1151 1560 1194 deorum

224 1206 442 1262 cognitio,
471 1206 739 1259 maximeque
779 1221 802 1247 e
840 1207 949 1248 coeli
978 1207 1166 1248 motibus
1197 1213 1240 1248 et
1269 1207 1560 1249 conversioni-

222 1262 305 1303 bus
342 1261 596 1317 repetenda3
622 1261 750 1303 sicuti
779 1262 900 1304 Libr.
930 1262 989 1303 X.
1019 1277 1061 1317 p.
1089 1264 1183 1306 887.
1215 1261 1264 1306 O.
1293 1287 1348 1293 -
1378 1264 1473 1305 899.
1505 1264 1559 1305 D.

226 1316 479 1370 edocemur,
524 1317 621 1371 quis
662 1316 835 1358 tandem
866 1318 1103 1372 mirabitur,
1136 1317 1253 1372 quod
1281 1318 1392 1360 hanc
1421 1319 1559 1374 ipsam

225 1373 279 1414 ob
310 1388 506 1415 caussam
536 1373 664 1414 etiam
684 1373 996 1415 mathematicis
1027 1381 1069 1415 et
1097 1375 1396 1415 astronomicis
1427 1376 1559 1416 maxi-

225 1443 339 1470 mum
369 1429 573 1471 statuitur
601 1428 812 1483 pretium?
871 1429 1045 1485 Quippe
1081 1430 1323 1472 meminisse
1353 1430 1423 1472 hic
1453 1446 1559 1484 quo-

225 1499 309 1538 que
347 1484 455 1525 illud
484 1484 665 1537 iuvabit,
697 1484 750 1525 de
782 1500 868 1539 quo
899 1500 1029 1539 saepe
1059 1485 1184 1527 nobis
1205 1486 1285 1527 fuit
1313 1485 1557 1539 dicendum,

224 1540 267 1581 iu
294 1538 466 1596 Legum
495 1540 615 1582 libris
652 1555 734 1582 nec
771 1541 889 1582 cives
927 1555 1006 1582 nec
1036 1542 1311 1596 magistratus
1342 1557 1416 1584 eos
1447 1557 1557 1596 esse,

224 1596 299 1649 qui
335 1596 380 1637 in
420 1595 673 1637 sublimibus
713 1595 907 1637 idearum
942 1595 1294 1638 meditationibus
1322 1604 1558 1647 versentur,

223 1657 272 1691 ut
300 1651 496 1706 profecto
516 1666 658 1692 rerum
678 1652 928 1692 coelestium
952 1651 1238 1694 consideratio
1257 1654 1400 1707 potius
1430 1669 1558 1707 quam

220 1706 388 1747 illarum
425 1706 730 1761 contemplatio
773 1707 817 1747 in
849 1722 923 1749 eos
942 1708 1193 1749 conveniat.
1252 1708 1305 1749 In
1336 1723 1423 1762 quo
1453 1710 1557 1763 quid
1607 1748 1612 1756 ,

222 1762 324 1803 insit
368 1761 672 1818 Pythagorici,
711 1762 829 1816 quod
859 1762 1033 1816 quidem
1064 1778 1089 1804 a
1117 1763 1313 1805 Platonis
1345 1765 1558 1808 sententia

223 1817 410 1859 alienum
441 1818 604 1860 censeri
633 1817 802 1871 debeat,
834 1833 912 1860 nos
941 1824 1087 1873 aperte
1117 1819 1303 1860 fatemur
1332 1819 1556 1875 haudqua-

223 1888 350 1927 quam
391 1873 647 1929 intelligere.
717 1873 813 1915 Nec
849 1889 952 1916 vero
973 1887 976 1889 ’
994 1874 1103 1916 illud
1142 1874 1375 1929 quidquam
1426 1875 1557 1918 habet

223 1928 494 1982 offensionis,
537 1928 655 1983 quod
695 1929 817 1971 Libr.
856 1930 912 1972 V.
943 1946 985 1986 p.
1027 1931 1121 1971 747.
1159 1932 1216 1972 A.
1248 1945 1341 1986 sqq.
1373 1933 1467 1973 741.
1498 1933 1553 1973 A.

222 1999 286 2039 sq.
330 1986 425 2027 744.
464 1985 517 2026 B.
557 1984 638 2027 VI.
676 1999 719 2039 p.
759 1987 855 2027 754.
906 1986 963 2028 A.
1011 2000 1106 2040 sqq.
1157 1986 1555 2029 mathematicorum

223 2040 405 2082 scientia
446 2055 577 2094 quum
627 2039 682 2081 ad
719 2041 832 2082 vires
872 2041 1036 2098 ingenii
1078 2041 1325 2085 excitandas
1363 2047 1453 2084 tum
1497 2043 1554 2086 ad

220 2110 288 2137 res
322 2096 470 2138 civiles
500 2095 746 2138 tractandas
775 2095 992 2138 iudicatur
1020 2111 1114 2139 esse
1143 2097 1382 2141 utilissima.
1438 2098 1553 2140 Nam

221 2151 350 2192 etiam
378 2151 423 2192 in
452 2151 637 2206 Republ.
669 2151 772 2194 VII.
803 2167 846 2206 p.
874 2154 969 2199 521.
1001 2151 1051 2195 C.
1080 2177 1135 2183 —
1165 2154 1257 2196 530.
1299 2159 1342 2194 et
1370 2154 1465 2196 533.
1495 2155 1552 2196 D.

219 2205 501 2261 philosophus
531 2221 620 2260 eos,
651 2208 724 2261 qui
755 2223 807 2249 ex
835 2208 1040 2249 militibus
1060 2207 1277 2264 deligendi
1306 2209 1393 2251 sint
1419 2209 1553 2251 futuri
1607 2259 1609 2261 ι

220 2261 525 2316 magistratus,
565 2277 642 2318 per
669 2263 1005 2316 arithmeticam,
1037 2264 1312 2318 geometriam
1343 2271 1387 2306 et
1414 2271 1551 2307 astro·
1600 2263 1609 2282 ‘⁷

221 2317 407 2359 nomiam
444 2317 566 2359 iubet
604 2318 797 2373 institui,
827 2317 1202 2374 utphilosophiae
1231 2326 1347 2361 recte
1378 2335 1551 2376 operam

221 2371 323 2414 dare
371 2373 566 2427 possint,
610 2373 797 2428 ideoque
836 2374 957 2416 Libr.
998 2374 1102 2416 VII.
1141 2391 1183 2430 p.
1214 2377 1310 2420 528.
1340 2376 1391 2417 B.
1424 2377 1550 2418 sicuti

219 2427 286 2469 Le
320 2443 361 2483 g.
392 2427 497 2470 VII.
530 2443 573 2483 p.
597 2430 691 2473 820.
751 2428 943 2486 Graecos
973 2428 1082 2471 adeo
1111 2430 1401 2485 reprehendit,
1433 2432 1550 2486 quod

219 2489 308 2524 mat
340 2483 522 2525 ematica
556 2484 683 2526 nimis
714 2485 999 2542 neglexerint.
1068 2485 1122 2527 In
1158 2487 1255 2542 ipsa
1282 2493 1424 2529 autem
1459 2487 1549 2529 vita

221 2539 438 2581 communi
477 2539 708 2581 maximum
745 2556 839 2584 esse
878 2540 1273 2584 mathematicarum
1303 2542 1548 2599 disciplina-

221 2609 314 2639 rum
351 2609 498 2648 usum,
539 2600 741 2637 constans
778 2603 845 2639 est
874 2597 1069 2639 Platonis
1100 2598 1340 2651 sententia,
1378 2598 1431 2639 de
1462 2613 1548 2652 qua
