1612 2872
231 93 311 133 454
739 90 1109 133 PLATONIS

231 205 336 256 τούς
373 222 416 247 τε
450 203 596 246 αὐτῶν
631 203 881 246 διδάσκουσι
923 207 1094 254 παῖδας.
1139 207 1268 257 θείης
1311 203 1369 248 ἂν
1414 207 1558 249 ταῦτα

231 272 311 315 δύο
350 277 447 324 γένη
486 271 571 310 τῶν
609 273 881 322 καλουμένων
905 274 1094 328 ἰατρῶν,

332 338 433 379 ΚΛ.
475 337 577 384 Πῶς
609 334 692 390 γὰρ
728 334 810 387 οὕ;

335 403 427 444 ΛΘ.
453 394 543 454 Ἆρ’
588 394 668 443 οὖν
702 404 774 444 καὶ
807 403 1008 453 ξυννοεῖς,
1043 400 1126 450 ὅτι,
1161 401 1327 445 δούλων
1347 406 1418 446 καὶ
1444 406 1558 446 ἐλευ-

160 471 195 512 C
231 470 378 523 θέρων
421 464 561 509 ὄντων
611 469 697 508 τῶν
739 468 994 522 καμνόντων
1028 472 1073 510 ὲν
1108 477 1204 518 ταῖς
1238 469 1410 521 πόλεσι,
1455 470 1559 519 τοὺς

231 535 310 589 μὲν
341 531 525 582 δούλους
558 532 710 587 σχεδόν
754 550 795 576 τι
845 538 887 576 οὶ
923 536 1072 576 δοῦλοι
1119 535 1174 576 τὰ
1212 534 1352 578 πολλοὶ
1388 535 1559 590 ἰατρεύ-

233 614 330 641 ουσι
362 603 679 654 περιτρέχοντες
709 602 780 642 καὶ
815 606 860 642 ὲν
893 609 983 649 τοῖς
1013 603 1218 654 ἰατρείοις
1248 609 1559 656 περιμένοντες,

233 668 304 707 καὶ
352 663 452 708 οὔτε
498 663 594 707 τινὰ
639 665 770 720 λόγον
817 666 1002 709 ἑκάστου
1048 669 1142 721 περὶ
1178 666 1426 722 νοσήματος
1460 667 1557 709 ἑκά-

233 746 338 774 στου
385 733 471 773 τῶν
519 733 695 774 οἰκετῶν
739 731 879 781 οὐδεὶς
921 734 1009 774 τῶν
1052 732 1265 775 τοιούτων
1299 735 1461 787 ἰατρῶν
1498 735 1560 787 δι’·

232 801 360 839 δωσιν
397 796 489 840 οὐδ’
531 798 812 853 ἀποδέχεται,
856 797 1101 852 προςτάξας
1133 798 1178 843 ,δ’
1230 797 1350 852 αὐτῷ
1397 797 1450 840 τὰ
1487 798 1560 841 δό-

231 865 367 915 ξαντα
405 863 448 914 ἐξ
481 866 700 917 ἐμπειρίας
732 863 788 913 ὡς
822 863 1011 919 ἀκριβῶς
1046 863 1191 914 εἰδώς,
1241 862 1449 920 καθάπερ
1485 864 1559 907 τύ-

232 946 413 983 ραννος,
462 927 677 980 αὐθαδῶς
719 929 881 985 οἴχεται
932 930 1221 982 ἀποπηδήσας
1271 929 1381 985 πρὸς
1423 928 1560 973 ἄλλον

233 996 458 1050 κάμνοντα
494 1001 687 1046 οἰκέτην,
735 998 806 1038 καὶ
840 994 1068 1053 ῥᾳστώνην
1112 994 1223 1039 οὕτω
1271 998 1332 1049 τῷ
1373 995 1559 1056 δεσπότῃ

165 1070 205 1110 D
236 1061 550 1118 παρασκευάζει
591 1065 678 1104 τῶν
724 1063 980 1116 καμνόντων
1024 1064 1101 1114 τῆς
1143 1065 1403 1116 έπιμελείας;
1448 1060 1470 1104 ὁ
1515 1065 1560 1105 δέ

233 1126 469 1182 ἐλεύθερος
503 1127 561 1178 ὡς
595 1131 662 1171 ἐπὶ
699 1127 747 1171 τὸ
788 1131 988 1171 πλεῖστον
1023 1125 1076 1170 τὰ
1114 1130 1200 1171 τῶν
1219 1130 1460 1185 ἐλευθέρων
1488 1145 1563 1172 νο·
1588 1122 1598 1129 N

232 1194 408 1248 σήματα
444 1194 686 1248 θεραπεύει
713 1211 757 1237 τε
792 1200 861 1237 καὶ
895 1201 1125 1246 ἐπισκοπεῖ,
1160 1197 1231 1237 καὶ
1251 1196 1391 1237 ταῦτα
1411 1195 1560 1246 ἐξετά-

232 1264 316 1313 ζων,
350 1259 433 1303 ἁπ’
484 1259 622 1316 ἀρχῆς
664 1263 735 1303 καὶ
778 1258 890 1303 κατα
927 1259 1082 1317 φύσιν,
1132 1262 1193 1316 τῷ
1226 1261 1437 1315 κάμνοντι
1472 1278 1560 1304 κοι-

233 1326 441 1381 νούμενος
476 1326 596 1381 αὐτῷ
644 1344 687 1369 τε
733 1330 803 1370 καὶ
849 1336 939 1377 τοῖς
972 1330 1141 1386 φίλοις,
1187 1324 1280 1381 ἅμα
1315 1330 1393 1382 μὲν
1425 1325 1561 1376 αὐτὸς

281 1524 298 1555 δ
326 1480 364 1513 Ι).
410 1476 489 1518 ἅμα
528 1478 572 1511 δὲ
603 1481 685 1517 καί,
718 1477 818 1511 καθ’
852 1477 988 1522 ὅσον]·
1014 1481 1067 1511 καὶ
1091 1480 1215 1512 inserui
1239 1489 1280 1512 ex
1309 1479 1345 1512 Ω.
1362 1491 1391 1512 v,
1406 1480 1426 1512 f.
1441 1480 1472 1513 h.
1487 1491 1557 1513 aa.

236 1535 263 1556 c.
306 1535 355 1557 .ο.

234 1648 361 1670 mann.
378 1637 419 1669 ad
437 1637 548 1678 Viger.
575 1647 606 1677 p.
632 1636 708 1671 784.
731 1640 764 1668 et
780 1635 856 1670 845.

233 1682 439 1715 Matthiae
479 1681 547 1713 Gn·
571 1681 599 1723 §.
631 1682 708 1716 616.
757 1680 858 1712 Cete-

230 1737 302 1760 rum
326 1728 431 1760 verba
453 1727 662 1767 suspicamur
695 1727 760 1758 levi
787 1736 858 1758 ma-

230 1774 302 1805 cula
328 1783 405 1804 esse
428 1782 623 1813 conspersa.
678 1772 857 1812 Corrigen-

228 1818 304 1851 dum
329 1819 429 1857 enim,
454 1817 480 1848 si
507 1817 586 1858 quid
607 1816 759 1849 iudicare
781 1826 858 1856 poa-

230 1873 368 1917 spmus:
399 1859 474 1896 Ἐάν
498 1873 534 1894 τε
559 1863 603 1895 δέ
625 1860 652 1904 y‘
680 1860 858 1905 ἐλεόθςροι

230 1918 326 1941 ωσιν.

278 1952 379 1989 τούς
402 1964 444 1984 τε
469 1951 606 1984 αὑτῶν
630 1949 858 1983 διδάσκου-

233 2011 272 2030 σι
297 1997 478 2040 waldam]
508 1997 668 2030 Ridicule
692 1998 858 2037 interpre-

232 2048 366 2078 tantur:
400 2044 565 2075 iiberos
596 2053 622 2074 ³.
650 2042 770 2073 filios
796 2051 859 2081 qu-

232 2100 290 2122 os.
319 2089 452 2121 Etenim
484 2089 603 2124 παῖδες
624 2087 746 2130 ἰατρῶν
771 2096 860 2118 nunc

231 2143 411 2175 vocantur,
446 2133 500 2175 qui
534 2138 708 2176 sectantur
740 2141 857 2164 eorum

230 2184 337 2212 artem
366 2190 405 2212 ac
429 2179 646 2220 disciplinam.
681 2178 738 2209 Sic
766 2177 859 2209 Libr.

230 2225 290 2257 Vl.
321 2236 352 2266 p.
369 2225 444 2259 769.
461 2224 498 2256 Β.
525 2225 559 2255 οἱ
582 2221 762 2266 ζωγράφων
781 2226 858 2253 παῖ-

231 2269 297 2306 δες.
323 2280 353 2302 v.
379 2279 453 2304 ann.
482 2268 523 2301 ad
540 2268 670 2301 Phileb.
699 2278 730 2309 p.
747 2267 801 2302 36.
818 2268 856 2301 D.

230 2318 265 2347 et
287 2325 374 2356 quos
398 2315 441 2345 ibi
461 2313 684 2354 iandavimus,
705 2312 858 2346 Sohae-

230 2359 302 2392 fer.
327 2355 384 2392 'ad
418 2359 560 2401 Dionys.
614 2359 662 2390 De
693 2358 855 2399 Compos.

229 2405 373 2438 Verbor.
399 2415 432 2446 p.
460 2403 537 2438 313.
562 2403 855 2447 Wyttetibach.

227 2450 269 2482 ad
298 2450 423 2494 Eunap.
456 2459 486 2490 p.
513 2448 588 2483 264.
621 2450 744 2490 quibus
771 2459 857 2481 nunc

228 2494 394 2528 addimus·
431 2494 604 2535 Caspar.
643 2495 855 2526 Bartmum

226 2550 302 2572 anti.
339 2540 381 2573 ad
400 2538 548 2572 Zaehar.
582 2538 686 2580 Mityl.
717 2549 749 2581 p.
776 2539 853 2573 252.

225 2596 275 2626 sq.
301 2587 355 2626 qui
381 2583 514 2627 praeter
531 2585 598 2617 alia·
616 2583 740 2627 docuit,
759 2587 792 2617 A
806 2595 855 2616 m-

188 2640 190 2643 ·
221 2631 419 2663 Jhrosium
451 2630 558 2673 Epist.
594 2629 714 2663 LXVi.
747 2630 853 2663 medi·

925 1645 1040 1668 corum
1075 1637 1223 1669 asseclas
1256 1646 1382 1668 vocare
1407 1646 1553 1668 eorun-

925 1679 1012 1712 dem
1062 1690 1230 1723 pueros:
1291 1681 1425 1713 Verbi
1469 1691 1556 1722 gra-

925 1726 1003 1763 tia,
1049 1726 1220 1758 misceri
1259 1727 1431 1758 mulieri
1467 1727 1556 1767 qui-

925 1770 1103 1803 busdam
1135 1772 1339 1811 voluptas
1364 1775 1449 1809 est3
1482 1781 1556 1803 me-

926 1815 1122 1849 dicorum
1152 1817 1274 1858 pueri
1311 1816 1436 1849 etiam
1468 1826 1556 1849 cor—

927 1863 1111 1903 poribus
1136 1863 1245 1894 utile
1270 1860 1426 1894 ferunt.

972 1931 1010 1962 C.
1049 1930 1085 1960 ἔν
1118 1931 1208 1964 τοῖς
1238 1928 1473 1969 ἰατρείοις]
1506 1929 1557 1961 De

926 1976 1094 2008 similibus
1141 1974 1291 2006 tabernis
1347 1973 1555 2006 medicorum

926 2021 1013 2063 apud
1047 2020 1220 2051 Romanos
1261 2028 1291 2052 v.
1312 2017 1555 2053 'Heindorfi

926 2067 969 2099 ad
994 2065 1114 2098 Horat.
1141 2064 1242 2096 Satir.
1268 2064 1296 2095 1.
1327 2064 1358 2103 7,
1383 2063 1415 2097 3.
1560 2068 1561 2071 ’

972 2131 1145 2165 ἑκάστου
1181 2130 1274 2171 περὶ
1306 2128 1557 2171 νοσήματος

926 2176 1111 2210 ἑκάστου
1147 2189 1176 2210 τ,
1227 2174 1328 2216 uim]
1368 2174 1416 2206 de
1457 2185 1555 2207 uno-

926 2233 1092 2264 quoque
1117 2220 1265 2253 morbo
1285 2221 1554 2252 uniuscuius-

925 2279 1006 2310 que
1038 2277 1202 2305 θοι-σπι,
1242 2267 1314 2306 qui
1346 2265 1400 2298 ad
1432 2265 1555 2298 fami-

926 2314 1023 2346 liam
1049 2313 1277 2354 pertinent,
1323 2309 1399 2343 Non
1424 2314 1554 2343 temere

925 2357 1066 2390 ἑκάστου
1091 2358 1249 2395 iteratur,
1285 2356 1317 2388 in
1349 2365 1416 2396 quo
1441 2360 1553 2388 tamen

923 2404 1056 2442 fuerunt
1080 2403 1135 2444 qni
1161 2406 1288 2433 temere
1304 2401 1490 2433 haererent.
1512 2419 1553 2423 —-

925 2449 1006 2481 Mox
1031 2445 1249 2491 προςτοίττειν
1275 2446 1397 2478 dicitur
1419 2445 1462 2478 de
1480 2456 1553 2479 me-

925 2495 1002 2526 dico
1017 2493 1214 2526 medicinam
1234 2493 1283 2524 vei
1295 2490 1439 2524 diaetam
1454 2502 1552 2533 prae-

923 2539 1103 2578 scribente,
1126 2541 1162 2569 ut
1178 2540 1347 2569 nostrum:
1376 2546 1478 2569 vero
1489 2535 1551 2568 rd-

923 2594 1063 2616 nen.-
1089 2583 1249 2615 Ceterum
1277 2582 1450 2623 praeclara
1471 2581 1551 2613 haec

923 2634 975 2662 est
1001 2628 1184 2670 descriptio
1208 2627 1417 2660 medicorum
1442 2625 1549 2658 illibe-
