1612 2872
264 108 394 154 CXH
448 172 455 182 Χ
689 111 1158 158 PROLEGOMENA

265 222 437 277 quidem
475 239 554 265 nec
591 226 633 265 in
665 225 880 266 communi
920 225 1137 268 hominum
1182 227 1270 269 vita
1306 229 1456 271 inutile
1506 239 1580 272 aut

263 293 622 334 supervacaneum
653 279 776 322 duxit
806 281 932 322 altius
961 296 1096 336 usque
1127 283 1357 338 suspicere,
1389 300 1474 339 quo
1504 285 1581 327 ho-

264 335 397 376 mines
427 335 656 388 aliquando
685 336 812 378 altius
849 336 910 378 ire
950 337 1247 380 condiscerent
1283 354 1421 393 neque
1458 355 1580 395 prae·

265 397 403 487 sussnta
442 391 738 445 desperatione
777 405 862 446 quo
902 393 1062 435 vellent
1102 393 1310 436 evadendi
1347 410 1460 438 circa
1497 411 1581 438 lma

261 460 311 487 su
344 453 555 487 eisterent.

376 534 442 574 En
459 533 603 589 igitur,
625 534 757 576 habes
781 535 864 578 iam
883 536 1060 578 formam
1083 537 1342 593 reipublicae
1363 554 1387 580 a
1403 538 1581 582 Platone

262 590 305 629 in
337 589 527 644 Legibus
558 589 828 645 descriptam.
895 591 1018 645 Quae
1055 600 1222 635 tantum
1261 595 1383 636 abest
1410 603 1457 636 ut
1486 611 1583 637 cum

263 645 339 698 iis,
372 660 480 699 quae
511 646 554 686 in
587 646 863 702 Reipublicae
891 648 1011 702 librjs
1042 650 1236 704 exposita
1264 657 1386 703 sunt,
1418 658 1583 706 pugnet

263 707 338 742 aut
367 701 611 754 discordet,
653 710 700 743 ut
731 703 785 743 ad
816 704 1001 759 optimae
1031 705 1216 747 civitatis
1246 707 1444 761 speeiem,
1477 722 1582 761 qua-

263 757 345 798 lem
377 758 470 799 sola
517 765 654 799 mente
693 759 920 801 informare
959 761 1107 814 liceat,
1148 761 1436 804 sollertissime
1467 778 1582 804 com-

264 819 414 868 parata
445 814 522 866 sit,
555 813 681 856 modo
711 814 818 856 illud
848 817 1130 870 tenuerimus,
1172 817 1337 873 Legum
1367 818 1583 860 civitatem

263 884 348 910 non
379 884 565 911 summae
603 870 716 912 illius
757 877 799 912 et
836 872 1054 913 absolutae
1094 873 1368 927 perfeetionis
1400 873 1584 929 speciem

267 925 490 978 exhibere,
523 925 599 967 sed
629 927 832 982 optimam
861 927 967 983 fingi
997 928 1269 983 hominibus,
1310 945 1394 983 quo
1433 930 1475 970 hi
1506 930 1582 971 ali-

265 980 436 1035 quando
475 981 528 1022 ad
569 982 741 1024 maioris
780 983 952 1024 virtutis
1006 991 1048 1025 et
1089 985 1375 1039 praestantiae
1413 985 1582 1027 laudem

264 1036 544 1078 adducantur.
610 1037 763 1092 Itaque
802 1037 1007 1081 hactenus
1047 1046 1161 1081 certe
1200 1040 1303 1081 nihil
1345 1040 1583 1095 deprehen·-

265 1091 430 1146 dimus,
471 1092 585 1146 quod
623 1109 708 1135 non
738 1094 919 1136 Platone
953 1094 1245 1151 dignissimum
1275 1096 1409 1137 videri
1446 1097 1583 1151 possit

266 1155 340 1189 aut
372 1148 546 1201 debeat,
588 1157 736 1204 estque
775 1165 842 1191 res
874 1151 1010 1193 omnis
1040 1158 1187 1193 nostro
1220 1151 1392 1206 quidem
1421 1152 1579 1194 iudicio

265 1205 390 1260 plane
422 1205 464 1245 in
493 1211 599 1246 tuto.

378 1293 466 1336 Sed
507 1294 591 1335 alia
634 1294 843 1348 quaedam
892 1301 1016 1348 sunt,
1067 1310 1199 1349 quae,
1247 1296 1371 1337 sicuti
1421 1295 1581 1337 dudum

266 1350 481 1406 exagitata
511 1357 633 1402 sunt,
673 1351 742 1405 ita,
765 1353 892 1391 etiam
921 1365 1034 1392 nunc
1062 1350 1289 1392 videantur
1325 1350 1579 1406 reprehendi

265 1412 394 1460 atque
434 1407 549 1462 carpi
590 1420 730 1462 posse.
811 1406 924 1447 Nam
969 1406 1150 1463 primum
1198 1406 1366 1461 quidem
1411 1407 1582 1449 videtur

250 1462 392 1503 Plato
423 1462 475 1502 de
504 1462 764 1516 reipublicae
794 1462 939 1503 formis
970 1462 1090 1503 aliter
1130 1463 1174 1503 in
1205 1463 1419 1519 Legibus,
1460 1463 1582 1504 aliter

266 1519 310 1559 in
340 1517 497 1559 Politia
527 1520 742 1560 statuisse.
812 1518 1024 1560 Recenset
1061 1518 1171 1560 enim
1209 1519 1304 1560 illas
1342 1519 1426 1560 alio
1456 1518 1580 1575 plane

264 1574 392 1615 modo
424 1590 550 1628 quam
589 1575 632 1614 in
672 1573 842 1616 Politia.
905 1574 1038 1616 Recte
1076 1589 1190 1616 vero.
1250 1573 1337 1617 Sed
1362 1574 1464 1628 quid
1492 1581 1582 1616 tum

264 1630 443 1684 postea?
511 1629 826 1682 Colligeinusne
862 1626 962 1670 inde
989 1635 1230 1685 protenus,
1280 1630 1582 1686 philosophum

265 1700 410 1726 secum
438 1686 531 1741 ipso
562 1701 752 1741 pugnare
781 1691 911 1739 atque
941 1685 1194 1726 sententiam
1217 1686 1315 1727 olim
1338 1693 1581 1741 susceptam

266 1741 348 1782 iam
377 1747 536 1801 tegnere
569 1741 836 1782 deseruisse?
903 1741 1133 1782 Enimvero
1168 1741 1250 1782 hoc
1290 1741 1362 1795 qui
1399 1745 1458 1782 ita
1486 1757 1580 1783 esse

237 1847 239 1849 ι
265 1804 535 1850 censuerunt,
568 1812 641 1839 eos
671 1812 756 1838 non
786 1796 1029 1839 dubitamus
1058 1797 1190 1838 libere
1218 1797 1412 1852 profiteri
1430 1798 1580 1839 mirum

267 1866 470 1907 quantum
501 1853 624 1895 nobis
652 1853 786 1894 videri
815 1852 973 1894 iudicio
1003 1867 1081 1894 suo
1110 1853 1240 1894 falsos
1272 1867 1382 1904 esse,
1435 1853 1582 1895 Habet

266 1909 377 1950 enim
407 1924 474 1950 res
506 1909 646 1964 potius
676 1909 758 1950 hoc
789 1908 932 1951 modo.
1001 1907 1224 1950 Diiudicat
1251 1923 1351 1950 sane
1385 1908 1507 1949 Plato
1535 1909 1579 1949 in

270 1965 459 2020 Legibus
490 1966 645 2006 formas
676 1964 933 2020 reipublicae
961 1964 1083 2005 aliter
1111 1971 1238 2018 atque
1269 1965 1371 2005 feeit
1398 1964 1440 2004 in
1460 1964 1579 2005 libris

214 2059 224 2070 ,
266 2020 318 2061 de
347 2020 547 2062 Civitate.
607 2020 695 2063 Sed
725 2021 768 2061 in
798 2027 980 2074 utroque
1010 2034 1136 2075 opere
1157 2034 1245 2061 rem
1265 2019 1578 2074 sapientissime

264 2076 450 2117 instituit
477 2092 555 2132 pro
585 2077 753 2118 consilii
783 2077 849 2118 sui
886 2076 1063 2118 ratione.
1121 2075 1232 2116 Nam
1269 2075 1312 2115 in
1344 2075 1581 2129 Republica

265 2148 421 2187 pravas
440 2133 698 2188 reipublicae
721 2133 878 2174 formas
898 2131 1186 2173 aristocratiae
1217 2131 1433 2185 opposuit,
1474 2146 1577 2184 qua—

266 2194 392 2230 tenus
423 2188 596 2230 eaedem
626 2189 752 2230 etiam
780 2188 823 2230 in
855 2187 1117 2244 singulorum
1146 2185 1360 2227 hominum
1391 2187 1578 2228 moribus

267 2250 309 2285 et
337 2245 520 2300 ingeniis
550 2259 776 2300 expressae
813 2250 1056 2286 cernuntur.
1126 2241 1315 2296 Repetiit
1351 2243 1484 2338 iffiitur
1517 2242 1575 2282 ibi

266 2300 414 2341 iudicii
445 2301 509 2342 sui
539 2315 713 2343 caussas
744 2306 786 2342 et
815 2300 999 2341 rationes
1029 2298 1081 2340 ab
1103 2298 1198 2352 ipso
1218 2298 1357 2339 animo
1406 2312 1576 2351 umano,

266 2362 316 2397 ut
342 2356 481 2397 facere
512 2357 555 2396 in
585 2356 769 2398 Politiae
801 2371 929 2411 opere
957 2355 1205 2411 plerumque
1235 2354 1357 2396 solet.
1416 2353 1503 2396 Sed
1532 2353 1577 2394 in

269 2412 461 2467 Legibus
491 2413 726 2454 communis
758 2411 976 2454 societatis
1012 2411 1167 2451 formas
1208 2415 1250 2450 et
1279 2410 1464 2450 rationes
1493 2409 1577 2451 sol-

266 2468 394 2508 lerter
431 2468 701 2522 persequitur
740 2468 825 2520 sic,
858 2474 905 2508 ut
933 2465 1056 2509 simul
1085 2464 1304 2519 ostendat,
1336 2480 1420 2519 quo
1450 2463 1576 2506 modo

268 2523 386 2564 varia
424 2523 514 2565 eius
552 2538 709 2580 genera
745 2539 837 2565 sese
886 2522 1034 2565 ordine
1077 2520 1278 2576 deinceps
1316 2521 1575 2576 exceperint,

269 2578 610 2635 quandoquidem
641 2579 820 2634 primum
852 2579 1001 2627 domus
1030 2575 1265 2630 solitariae,
1297 2576 1450 2618 deinde
1477 2575 1575 2626 vici,

269 2643 357 2677 tum
389 2635 542 2686 urbes,
584 2633 767 2688 denique
809 2635 1003 2676 civitates
1040 2633 1129 2674 sive
1166 2632 1432 2687 respublicae
1471 2631 1576 2673 exti-
