1612 2872
132 569 211 609 724

235 126 318 167 466

715 122 1092 166 PLATONIS
1324 135 1344 143 ⁶

235 238 557 294 ὁμολογοῦντες
594 234 978 290 προοιμιάζεσθαι.
1014 239 1086 280 καὶ
1121 235 1174 279 τά
1205 238 1284 291 μὲν
1318 231 1408 293 πὲρὶ
1442 239 1560 281 θεῶν

235 306 363 359 τιμῆς
411 302 642 356 προγόνων
687 318 732 344 τε
778 305 1041 358 θεραπείας,
1084 305 1155 346 καὶ
1202 299 1254 344 τὰ
1291 303 1371 343 νῦν
1403 302 1454 355 δὴ
1498 306 1561 345 λε-

239 373 410 424 χθέντα
446 366 577 409 ἱκανοί
591 382 600 391 ·

647 365 700 409 τὰ
750 367 787 409 δ’
837 367 934 419 ἑξῆς
967 368 1223 423 πειρώμεθα
1259 368 1563 424 λέγειν,’μέχρι

241 451 318 489 περ
353 432 411 475 ἄν
446 446 514 474 σοι
550 435 640 475 πᾶν
677 430 725 475 τὸ
764 436 999 488 προοίμιον
1025 436 1181 483 ἱκανῶς
1213 434 1421 488 εἰρῆσθαι
1446 435 1561 492 δοκῇ.

239 497 347 554 μετὰ
385 500 429 540 δὲ
467 500 600 541 τοῦτο
644 495 728 550 ἤδη
766 500 868 548 τοὺς
902 497 1063 554 νόμους
1096 496 1260 548 αὐτοὺς
1282 497 1402 549 διέξει
1422 501 1562 553 λέγων.

342 565 440 607 ΑΘ.
512 562 684 607 Οὐκοῦν
718 566 813 619 περὶ
849 566 973 607 θεῶν
1006 566 1084 619 μὲν
1118 568 1189 607 καὶ
1227 566 1313 606 τῶν
1347 563 1452 618 μετὰ
1487 567 1563 606 θε-

241 628 318 680 οὺς
359 632 431 672 καὶ
474 634 637 682 γονέων
682 628 852 681 ζώντων
897 646 942 672 τε
987 634 1081 685 πέρι
1118 633 1188 673 καὶ
1225 628 1566 680 τελευτησάντων

240 695 341 739 τότε
382 696 542 744 ἱκανῶς
587 693 1000 752 προοιμιασάμεθα,
1045 694 1102 745 ὡς
1149 697 1228 739 νῦν
1272 698 1470 749 λέγομεν·
1516 694 1563 737 τὸ

242 763 286 804 δὲ
328 759 681 816 ἀπολειπόμενον
727 765 790 803 ἔτι
837 763 915 804 τοῦ
957 760 1164 805 τοιούτου
1208 765 1354 820 φαίνει
1400 777 1473 813 μοι
1514 761 1565 803 σὺ

243 826 574 870 διακελεύεσθαι
609 826 662 869 τὰ
700 828 781 870 νῦν
817 826 912 870 οἷον
957 826 1067 883 πρὸς
1110 825 1159 870 τὸ
1197 829 1290 886 φῶς
1325 825 1565 878 ἐπανάγειν.

331 978 372 1011 Ε.
420 978 552 1013 διέξει
576 978 724 1020 λέγων]
761 979 795 1011 V.
822 979 937 1021 λέγειν.

240 1026 309 1056 bris
336 1026 374 1056 A.
401 1025 449 1055 Ω.
475 1034 506 1055 v.
532 1026 554 1054 f.
582 1022 611 1055 h.
638 1034 664 1055 r.
690 1035 719 1057 a.
747 1024 776 1056 δ.
803 1035 837 1056 o.

987 978 1210 1020 Participium
1237 979 1337 1022 λέγων
1362 978 1440 1011 dedi
1464 989 1502 1012 ex
1530 980 1562 1011 ii-

330 1069 370 1101 P.
399 1069 475 1103 724.
526 1068 669 1110 φαίνει
701 1080 775 1111 μοι
806 1069 875 1111 σύ]
901 1069 960 1102 Sic
988 1069 1063 1101 Par.
1092 1070 1134 1099 Α.
1163 1079 1210 1109 pr.
1240 1069 1318 1100 Vat.
1346 1070 1393 1100 Ω.
1423 1068 1508 1102 Flor.
1535 1080 1563 1100 a.

240 1119 274 1147 et
302 1114 376 1147 Vat.
401 1124 427 1146 r.
480 1113 590 1156 Vulgo
615 1117 689 1146 erat
714 1115 826 1158 φαίνῃ.

284 1223 353 1255 καὶ
378 1222 426 1255 τά
451 1223 527 1265 μὲν
551 1224 648 1264 περὶ
680 1226 792 1255 θεῶν
820 1237 829 1254 ι
848 1235 873 1254 ι-

238 1272 320 1310 ,ιιῆς
346 1269 410 1311 —]
447 1269 498 1301 Et
524 1267 576 1301 de
601 1270 656 1301 iis
682 1269 874 1309 quidem,

240 1324 353 1355 quse
401 1315 628 1355 pertinent
675 1313 725 1346 ad
778 1313 873 1346 deo-

237 1369 326 1392 rum
352 1358 553 1391 honorem
580 1359 873 1400 maiorumque

232 1405 414 1443 cultum,
432 1405 496 1436 vel
521 1414 549 1435 s.
571 1404 651 1436 iam
677 1413 736 1444 en,
761 1413 872 1445 quae

239 1449 392 1490 pauno
440 1453 539 1481 ante
588 1449 705 1480 dicta
753 1452 870 1488 sunt,

237 1493 483 1526 sufficiunt.
534 1494 584 1527 De
608 1494 776 1526 formula:
799 1495 871 1526 ἱκα-

236 1538 274 1570 νὰ
317 1538 371 1569 καὶ
410 1541 525 1570 ταῦτα
562 1543 597 1571 et
634 1539 802 1571 similibus
838 1550 868 1571 v.

236 1593 311 1615 ann.
334 1583 378 1615 ad
396 1582 549 1625 Sophist.
567 1588 602 1624 p.
619 1584 696 1618 220.
715 1584 755 1615 D.
784 1585 870 1616 Cra-

235 1629 295 1669 tyl.
321 1640 355 1670 p.
380 1628 456 1662 429.
483 1629 525 1660 E.
556 1638 658 1670 supra
693 1629 787 1660 Libr.
814 1629 869 1661 lV.

234 1683 269 1714 p.
288 1672 369 1707 705.
387 1675 426 1705 Α.
452 1673 651 1714 Respicitur
676 1673 719 1705 ad
744 1683 868 1714 prooe-

235 1718 304 1750 mia
337 1722 438 1750 antea
474 1718 619 1759 exempti
651 1718 761 1759 gratia
790 1728 868 1760 pro-

235 1763 350 1804 posita
374 1773 407 1804 p.
431 1762 510 1796 715.
536 1763 580 1794 E.
605 1765 648 1786 ·—'
674 1774 707 1805 p.
734 1762 809 1798 718.
830 1763 868 1794 Β.

279 1811 401 1849 μέχρι
431 1818 507 1849 περ
541 1807 589 1838 ἅν
620 1819 689 1839 σοι
717 1811 795 1840 πᾶν
820 1807 867 1839 τὸ

235 1851 488 1894 προοίμιον]
557 1852 872 1895 unumquodque

235 1898 521 1937 prooemium,
559 1897 633 1937 vel,
665 1897 868 1939 quidquid

236 1947 301 1974 est
339 1942 563 1984 prooemii.
603 1952 633 1974 v,
673 1942 715 1974 ad
758 1943 869 1975 Phae-

236 1986 316 2019 don.
342 1997 375 2028 p.
404 1987 481 2021 108.
511 1987 550 2018 Β.

281 2032 418 2066 P-724·
465 2031 641 2063 καὶτῶν
662 2030 767 2073 μετὰ
797 2034 886 2063 θε-

235 2074 333 2118 οὑς]
383 2077 560 2110 heroum
609 2086 657 2108 nc
694 2077 867 2110 daemo-

235 2131 342 2154 num.
369 2132 400 2154 v
427 2132 459 2164 p.
485 2121 563 2155 717.
591 2121 630 2153 Β.

279 2163 371 2198 οἷον
395 2165 506 2209 πρὸς
539 2164 582 2197 τὸ
611 2166 695 2208 φῶς
718 2166 869 2198 ἐπανοί-

232 2212 344 2253 γειν]
396 2215 593 2252 tanquam
644 2211 681 2242 in
732 2213 866 2245 iucem

233 2254 455 2296 proferre,
494 2265 622 2297 quum
659 2255 798 2288 adhuc
829 2257 868 2289 in

233 2299 429 2333 obscuro
455 2299 707 2332 manserint.
736 2301 776 2333 In
802 2311 869 2343 qua

233 2345 400 2384 formula,
442 2346 578 2377 Platoni
615 2346 764 2379 maxime
800 2347 868 2379 fre-

231 2393 418 2430 quentata,
443 2408 487 2413 —
512 2400 587 2421 nam
620 2391 712 2423 conf.
749 2392 807 2425 Vi.
835 2402 867 2433 p

233 2434 313 2469 781.
350 2437 388 2466 Α.
428 2434 511 2465 VII.
551 2434 627 2468 788.
662 2435 701 2467 C.
737 2436 798 2468 lx.
838 2447 870 2478 p.

241 2479 318 2514 869.
337 2479 376 2513 C.
401 2477 546 2511 Phaedr.
573 2490 605 2521 p.
618 2480 694 2514 261.
715 2481 753 2512 D.
779 2481 870 2514 Tim.

244 2535 277 2566 p.
311 2525 368 2559 9¹.
399 2524 440 2557 D.
465 2523 567 2565 Reip.
593 2525 636 2557 V.
671 2536 702 2565 p.
725 2525 803 2560 461.
831 2526 870 2558 C.

242 2570 284 2601 si.
302 2587 343 2592 ——
362 2568 441 2609 quid
457 2572 598 2600 ornatus
615 2571 753 2602 oratorii
779 2572 869 2603 eius-

242 2623 310 2655 que
339 2614 444 2655 inepti
481 2612 744 2654 deprehenderit
772 2617 870 2648 Zei-

245 2660 358 2691 {erus
382 2658 481 2691 stud.
509 2659 614 2691 Platt.
643 2669 674 2700 p.
701 2659 870 2697 90.,⁷n0s

939 1222 1077 1264 quidem
1104 1224 1196 1255 nullo
1224 1222 1327 1255 modo
1347 1222 1566 1262 assequimur.

939 1267 1059 1309 Neque
1083 1268 1303 1310 inteiligimus
1327 1266 1417 1308 quod
1433 1267 1567 1309 scripsit

939 1314 991 1346 vir
1038 1313 1183 1346 doctus:
1233 1313 1294 1354 „P
1311 1313 1319 1345 l
1337 1322 1354 1344 a
1369 1316 1382 1343 t
1397 1321 1417 1343 o
1434 1321 1455 1346 n
1499 1322 1567 1353 ge-

939 1358 1121 1391 braucht
1158 1368 1223 1392 ,es
1278 1367 1365 1389 son
1386 1360 1428 1389 st
1472 1365 1566 1394 nur,

939 1413 1054 1436 weun
1116 1400 1436 1436 ausdriickiich
1489 1410 1567 1434 von

940 1453 1072 1481 etwas
1121 1448 1450 1488 Verborgenem
1497 1445 1568 1479 die

938 1493 1057 1526 Rede
1104 1494 1182 1533 ist,
1230 1491 1449 1526 welches
1493 1501 1569 1524 ans

940 1537 1070 1571 Licht
1129 1537 1343 1579 gebracht
1404 1535 1569 1570 werden

937 1585 1061 1616 soii.“
1125 1583 1308 1624 Aptissime
1345 1581 1432 1612 enim
1471 1580 1502 1612 h.
1549 1582 1567 1611 Ι.

938 1629 1075 1669 ponitur
1100 1627 1259 1666 formula,
1295 1625 1374 1667 quia
1398 1625 1566 1665 significa-

937 1678 991 1705 tur
1034 1673 1100 1705 iam
1139 1671 1274 1704 tandem
1314 1669 1566 1712 prooemiorum

938 1718 1190 1759 expositionem
1216 1716 1260 1748 de
1284 1714 1447 1748 industria
1471 1714 1567 1746 insti-

937 1766 1046 1794 tutum
1073 1762 1135 1802 iri,
1167 1771 1269 1802 quum
1309 1770 1350 1792 ea
1380 1762 1479 1792 antea
1502 1768 1567 1791 non

937 1807 1113 1848 proposita
1140 1805 1264 1838 suerint
1291 1805 1355 1837 nisi
1382 1814 1442 1846 per
1466 1813 1566 1836 occa—

938 1852 1090 1892 sionem,
1128 1851 1346 1893 pertinetque
1383 1849 1447 1881 hoc
1481 1848 1567 1892 πρός

937 1895 976 1929 τό
1006 1895 1076 1938 φῶς
1099 1894 1291 1937 ἐπανάγειν
1326 1894 1367 1927 ad
1393 1897 1566 1936 antegres-

936 1951 1009 1974 sum
1037 1940 1075 1973 τὸ
1107 1939 1380 1982 ἀπολειπόμενον
1405 1941 1470 1970 τοῦ
1493 1950 1565 1970 τοι·

937 1985 1065 2027 ου’τους
1095 1985 1185 2019 uude
1217 1989 1365 2027 apparet
1396 1994 1455 2016 cur
1485 1984 1565 2017 ἐπα-

937 2029 1048 2074 νάγειν
1072 2040 1135 2063 nec
1156 2041 1237 2063 vero
1261 2029 1398 2071 ἀνάγειν
1424 2029 1563 2061 dicatur.

975 2073 1099 2108 'Alia
1146 2088 1229 2119 μην
1274 2072 1383 2117 μετά
1429 2085 1472 2116 γε
1517 2073 1563 2106 τὰ

935 2133 1128 2153 τοιαυτα
1159 2120 1222 2162 -]
1255 2120 1296 2152 In
1335 2118 1384 2151 his
1414 2117 1456 2150 ἰὰ
1490 2122 1566 2152 ante

936 2165 1014 2207 περὶ
1028 2165 1089 2201 τοὶς
1109 2166 1236 2198 ἑαυτῶν
1260 2163 1375 2207 ψυχὰς
1400 2173 1441 2196 ex
1466 2163 1565 2196 codd.

936 2211 1167 2251 restituimus,
1207 2209 1298 2251 quod
1332 2209 1434 2241 etiam
1473 2208 1565 2241 Ste-

937 2256 1100 2299 phanus
1132 2257 1166 2287 in
1188 2255 1273 2286 libro
1298 2253 1446 2295 quodam
1473 2253 1564 2296 legit.

937 2300 1145 2333 Consecutio
1185 2303 1220 2332 et
1258 2298 1344 2331 ordo
1386 2298 1564 2331 verborum

937 2345 988 2378 hic
1018 2349 1086 2377 est:
1117 2343 1201 2376 ἀλλὰ
1241 2343 1309 2384 μὴν
1332 2341 1506 2396 πραςῆκᾶν
1528 2342 1562 2374 τ’

933 2389 1006 2423 ἐστὶ
1033 2389 1091 2421 καὶ
1127 2388 1332 2421 κοινότατον
1361 2386 1422 2419 τόν
1453 2399 1489 2420 τε
1513 2388 1563 2418 λέ·

936 2447 1042 2478 γοντα
1065 2434 1122 2466 καὶ
1146 2434 1230 2470 τοῦς
1251 2431 1445 2469 duodenae
1463 2431 1562 2464 ἄναπ.

937 2479 1022 2524 μὶτὰ
1055 2479 1097 2511 ‘lii
1132 2482 1280 2510 ‘lolafira
1304 2476 1388 2509 καῒᾶ
1417 2476 1564 2520 δυναμιν

937 2523 1126 2581 ἔπηβόλρυς
1171 2524 1355 2577 γίγνεσθαι
1404 2523 1564 2560 παιδείας,

936 2582 980 2605 ως
1003 2569 1067 2623 χρὴ
1094 2568 1168 2611 περι
1191 2566 1232 2600 τὰ
1258 2567 1335 2611 περὶ
1357 2566 1418 2604 τὰς
1441 2567 1565 2599 ἑαυτῶν

938 2613 1247 2656 ψυχὰς-ἴσχυνε
1271 2617 1316 2645 ut
1341 2622 1442 2645 vero
1466 2621 1562 2645 con·

938 2659 1086 2692 venit
1134 2658 1561 2697 communiterque
