1612 2872
289 89 368 131 DE
402 90 684 136 LEGIBUS
723 94 844 138 LlB.
877 95 912 138 I.
948 97 994 139 P.
1029 100 1123 143 643.
1157 100 1220 143 St.

1364 105 1438 146 107

82 203 143 254 εἷς
187 221 230 248 τε
264 210 506 260 καπηλείας
538 213 610 254 καὶ
647 215 916 271 ναυκληρίας
945 218 1018 259 καὶ
1037 214 1184 260 ἄλλων
1222 217 1440 264 τοιούτων

79 270 202 325 μάλα
261 277 616 332 πεπαιδευμένων
674 279 852 338 σφόδρα
909 281 1196 339 ἀνθρώπων·
1251 286 1304 330 οὐ
1350 285 1438 343 γάρ

79 339 223 381 ταῦτα
259 337 527 395 ἡγουμένων,
565 343 622 395 ὡς
659 346 778 398 ἔοικ’,
814 348 927 392 εἶναι
948 353 1154 396 παιδείαν
1186 351 1209 396 ὁ
1246 356 1328 397 νῦν
1363 356 1439 399 λό-

77 421 155 460 γος
188 403 246 448 ἂν
277 406 355 460 εἴη,
389 407 473 462 τὴν
510 412 554 454 δὲ
592 411 704 467 πρὸς
736 412 902 472 ἀρετὴν
938 423 984 460 ἐκ
1023 422 1194 463 παίδων
1217 424 1436 475 παιὺείαν,

77 474 297 516 ποιοῦσαν
353 477 639 534 ἐπιθυμητήν
697 497 742 525 τε
795 485 867 526 καὶ
914 484 1080 542 ὲραςὴν
1128 490 1207 531 τοῦ
1250 492 1437 544 πολίτην

166 579 197 635 ὁ4
218 607 294 636 νῦν
322 604 455 649 λόγος
485 607 534 639 ὃν
563 609 627 652 εἴη
662 628 706 635 -
732 611 896 645 παίδων
929 614 1152 658 παιδείαν]
1190 618 1290 653 Haec
1316 621 1433 664 verba,

75 647 179 691 vulgo
205 649 249 682 ob
274 650 585 688 homoeoteleuton
612 661 744 690 temere
769 659 910 699 omissa,
945 670 986 692 ex
1015 658 1170 696 Eusebio
1202 670 1238 698 et
1260 667 1364 702 eodd.
1392 671 1432 701 A.

72 693 121 726 Ω.
154 705 184 727 v.
219 695 242 727 t'.
276 696 307 728 h.
342 708 367 731 r.
400 709 430 731 a.
463 709 496 732 o.
533 701 564 734 δ.
597 712 630 735 x.
665 712 774 746 nuper
807 705 968 738 restituta
1000 712 1090 743 sunt.

72 741 174 773 etiam
200 741 398 785 Stephanus
424 745 456 778 in
483 757 592 790 marg.
619 759 650 781 v.
675 760 751 782 ann.

71 851 283 886 magnopere
316 847 516 880 mutationis
551 849 709 883 audacia.

69 888 237 930 Equidem
274 892 305 923 in
337 890 424 932 μάλα
454 895 562 928 latere
595 897 711 938 suspi-

70 944 131 967 cor
156 933 251 974 ἇλλα,
276 939 368 979 quod
396 943 580 983 utrumque
607 953 710 974 voca-

69 980 182 1015 bulum
209 994 228 1015 a
254 985 375 1017 scribis
401 987 560 1027 potuisse
577 993 710 1022 temere

69 1029 276 1069 permutari,
310 1031 414 1064 etiam
449 1043 491 1065 ex
526 1044 567 1065 eo
599 1045 706 1077 appa-

67 1077 139 1113 ret,
176 1075 270 1117 quod
309 1077 399 1119 apud
433 1079 706 1120 Aristophanem

65 1128 132 1151 non
157 1130 225 1153 uno
253 1123 330 1155 loco
357 1133 419 1161 pro
448 1122 492 1166 μή
519 1121 602 1158 ἀλλὰ
624 1127 710 1159 scri-

65 1169 159 1207 ptum
195 1171 290 1200 extat
322 1166 420 1208 μάλα.
470 1171 707 1206 Quamobrem

65 1215 176 1244 totum
220 1214 332 1247 locum
376 1216 423 1247 sic
472 1218 706 1260 retingendum

65 1267 214 1290 censeo:
252 1260 306 1291 καὶ
354 1258 478 1294 ἄλλων
516 1262 706 1297 τοιούτων

64 1299 86 1334 ἄ
94 1303 110 1334 ³.
118 1304 134 1334 λ
143 1315 164 1335 α
219 1306 427 1348 πεπαιδευμέ
436 1320 454 1339 ν
463 1320 481 1340 ο
490 1320 509 1340 ν
566 1309 706 1354 σφόδρα

63 1345 310 1391 ἀνθρώπων,
343 1354 376 1386 h.
405 1366 434 1387 e.
468 1356 573 1389 licet
600 1367 703 1390 non-

62 1405 271 1438 uunquam
323 1399 372 1431 ad
431 1404 701 1444 cauponari-

61 1451 120 1473 am
174 1448 215 1475 et
273 1447 590 1481 naviculariam
642 1455 699 1482 at-

61 1497 144 1529 que
181 1490 292 1522 alias
326 1491 362 1523 id
397 1503 540 1532 ,egenus
573 1494 699 1528 liomi-

60 1543 151 1566 uum
186 1541 313 1568 artes
348 1538 481 1571 valde
518 1541 697 1574 institu-

59 1583 128 1611 tus
159 1581 226 1613 sit.
288 1582 470 1617 Enimvero
507 1587 553 1618 ita
589 1585 700 1620 ἄλλων

59 1623 224 1658 τοιούτων
247 1624 448 1671 ἀνθρώπων
472 1642 534 1673 per
557 1635 696 1676 synesin

57 1670 186 1704 dictum
221 1679 295 1712 est,
345 1676 621 1719 quandoquidem
664 1681 696 1713 iu

58 1719 238 1759 καπηλείας
268 1721 321 1752 καὶ
352 1723 559 1765 ναυκληρίας
584 1727 694 1758 conti-

57 1769 160 1797 netur
204 1767 298 1798 notio
331 1768 399 1799 τῶν
439 1768 600 1812 καπήλων
640 1773 694 1804 καὶ

56 1808 270 1852 ναυκλήρων.
326 1813 473 1846 Poterat
509 1826 592 1848 sane
628 1818 693 1851 dici

57 1855 261 1897 simplicius:
288 1859 341 1889 καὶ
363 1857 443 1891 ἄλλα
458 1863 597 1894 τοιαῦτα
615 1874 691 1896 nen.

55 1900 126 1932 Sed
166 1904 325 1935 consulto
371 1906 505 1938 videtur
545 1909 694 1949 scriptor

55 1946 110 1978 καὶ
139 1944 250 1980 &How
290 1949 457 1983 τοιούτων
494 1948 694 1995 ἀνθρώπων

54 1992 206 2034 dixisse,
236 1997 363 2038 quippe
387 2008 455 2038 quo
482 1998 605 2031 fortius
632 2011 692 2033 ex-

53 2040 261 2079 primeretur
275 2043 390 2080 talium
410 2043 584 2077 bominum
609 2057 691 2078 con·

52 2086 186 2117 temtio.
240 2086 325 2120 Nam
361 2089 404 2121 de
430 2091 593 2135 καπηλεία
616 2093 693 2125 uui·

54 2140 219 2173 versaque
254 2140 447 2168 mercatura
490 2147 592 2178 quam
637 2149 692 2170 se-

51 2186 132 2209 vere
170 2178 267 2211 Plato
298 2183 473 2220 statuerit,
511 2185 562 2216 vel
605 2194 692 2216 unus

52 2221 147 2254 locus
177 2223 309 2266 Legum
345 2227 402 2259 lib.
439 2228 503 2260 XI.
543 2241 576 2271 p.
608 2231 688 2266 918.

52 2266 91 2299 C.
109 2279 184 2310 sqq.
210 2270 347 2304 abunde
373 2274 491 2313 docet,
518 2276 574 2307 ubi
601 2277 690 2309 inter

51 2314 120 2345 alia
154 2315 236 2346 baec
269 2318 442 2358 leguntur:
484 2319 537 2354 διὸ
579 2321 688 2355 πάντα

52 2356 91 2390 τὰ
125 2360 200 2402 περὶ
232 2359 292 2402 τὴν
325 2367 506 2407 καπηλείαν
541 2369 595 2399 καὶ
632 2368 685 2409 ἐμ-

51 2407 176 2446 πορίαν
202 2407 255 2439 καὶ
275 2409 480 2444 πανδοκείαν
505 2414 585 2456 γένη
614 2413 685 2447 δια-

49 2450 216 2493 βέβληταί
245 2464 278 2485 τε
309 2457 364 2488 καὶ
391 2456 427 2490 ἐν
452 2459 606 2501 αἰσχροῖς
631 2461 684 2503 γε’-

49 2507 152 2537 γονεν
192 2495 376 2540 ὀνείδεσιν,
407 2515 437 2536 κ.
471 2516 497 2537 τ.
530 2507 556 2538 λ.
594 2507 684 2543 conf.

47 2542 130 2574 ibid.
164 2555 195 2586 p.
221 2545 301 2580 919.
328 2547 367 2580 Ε.
403 2551 503 2583 VIII.
540 2563 571 2593 p.
603 2553 683 2588 847.

47 2587 88 2620 1).
115 2589 167 2621 De
194 2589 340 2634 Republ.
369 2594 440 2628 Vll.
463 2608 497 2639 p.
524 2598 602 2633 525.
632 2600 684 2632 D:

46 2631 106 2665 ἐὰν
132 2637 194 2667 τοῦ
218 2639 393 2680 γνωρίζειν
417 2641 515 2675 ἕνεκά
532 2654 581 2676 τις
598 2642 683 2678 αὐτὸ

47 2678 242 2723 ἐπιτηδειῗῃ,
283 2680 363 2717 vind
403 2685 447 2730 μὴ
478 2691 541 2722 τοῦ
575 2703 680 2732 namp-

1146 711 1278 746 Attulit
1309 714 1432 748 eadem

778 851 899 887 λεύειν.
963 856 1110 891 Pluralis
1152 867 1316 893 numerus
1360 870 1428 894 non

779 901 891 942 magis
936 902 1084 944 aliquem
1126 905 1281 937 offendat
1322 916 1427 948 quam

780 946 854 978 libr.
884 947 942 981 ΙΙΙ.
969 959 1001 990 p.
1020 949 1100 985 677.
1125 951 1163 982 Β.
1191 952 1242 983 εἴς
1268 963 1301 984 ιε
1325 954 1425 986 πλεο-

778 992 894 1033 νεξίας
919 995 974 1026 καὶ
1003 997 1226 1036 φιλονεικίας.
1259 998 1424 1034 Ceterum

779 1038 998 1072 Eusebius
1024 1042 1152 1085 Praep.
1182 1043 1244 1076 Ev.
1270 1045 1347 1078 Xll.
1367 1046 1424 1081 18.

778 1095 809 1126 p.
836 1085 917 1120 591.
946 1086 985 1118 D.
1014 1090 1182 1132 scriptum
1211 1090 1350 1125 exhibet
1373 1091 1424 1125 εἰς

778 1128 852 1163 τὰς
890 1135 1073 1174 καπηλείας
1111 1141 1146 1168 et
1178 1133 1289 1169 ἄλλων
1322 1140 1424 1171 τινῶν

777 1187 840 1218 pro
866 1174 976 1209 ἄλλων
1004 1177 1186 1214 ιοιούιων.

822 1241 874 1277 οὐ
899 1244 978 1289 γὰρ
1004 1250 1137 1282 ταῦτα
1163 1247 1422 1293 ἡγουμένων

773 1291 840 1333 —]
874 1292 914 1324 Iu
947 1292 997 1326 liis
1031 1297 1135 1338 vulgo
1172 1297 1318 1332 deerant
1343 1310 1422 1335 ver-

774 1335 836 1368 ba:
870 1334 890 1369 o‘
923 1339 988 1371 νῦν
1020 1339 1126 1384 λόγος
1155 1340 1198 1375 ἂν
1222 1344 1274 1387 εἴη
1309 1356 1421 1389 usque

771 1382 814 1414 acl
834 1384 870 1415 ἐκ
895 1385 1028 1418 παίδων
1045 1387 1211 1428 παιδείαν,
1236 1402 1325 1433 quae
1344 1403 1418 1426 ma·

771 1428 932 1464 nifestum
960 1438 1015 1465 est
1040 1435 1085 1467 ob
1102 1434 1415 1473 homoeoteleuton

770 1477 955 1510 excidisse.
1011 1480 1173 1514 Servavit
1205 1493 1244 1515 en
1283 1484 1415 1519 Euse-

770 1520 867 1554 bius
913 1524 1037 1568 Praep.
1081 1526 1144 1559 Ev.
1183 1528 1267 1562 XII.
1307 1532 1331 1564 1.
1368 1542 1414 1572 c.‚

768 1567 858 1600 unde
891 1569 1021 1604 dudum
1058 1571 1195 1606 Platoni
1230 1577 1415 1612 vindicavit

767 1611 810 1645 G.
838 1615 981 1649 Gottl.
1021 1617 1280 1662 lVernsdorlss
1314 1626 1346 1656 in
1372 1625 1413 1658 li-

766 1659 875 1695 bello:
915 1662 1173 1698 Kritischer
1215 1667 1410 1704 versuch

765 1706 872 1739 iiber
898 1702 1049 1751 ein⁸ige
1074 1711 1124 1744 im
1149 1712 1306 1748 Platon
1332 1728 1410 1750 aus

763 1751 856 1786 «lem
897 1754 1115 1789 Eusebius
1163 1770 1214 1792 zu
1256 1764 1410 1804 ergan-

762 1799 904 1833 zende
943 1802 1126 1836 Liicken.
1177 1805 1411 1852 wittenberg,

761 1844 863 1879 17-96.
897 1846 929 1881 8.
963 1859 994 1889 p.
1023 1849 1068 1883 25
1093 1860 1167 1892 sqq.
1218 1853 1410 1889 Servarunt

760 1890 841 1922 item
879 1893 958 1925 libri
990 1895 1175 1937 meliores,
1209 1899 1258 1931 uti
1286 1901 1317 1933 in
1343 1912 1406 1933 an-

761 1937 937 1970 notatione
952 1940 1069 1972 critica
1088 1944 1314 1978 narravimus.
1345 1947 1408 1979 Est

761 1988 876 2014 autem
902 1985 966 2016 loci
991 1988 1161 2019 sententia
1190 1988 1289 2024 baec:
1318 1990 1404 2025 Non

763 2029 891 2068 enim,
935 2031 1116 2072 opinor,
1149 2043 1229 2067 nos
1273 2037 1302 2069 ii
1339 2048 1404 2071 su-

763 2082 872 2113 mus,
921 2077 994 2116 qui
1042 2079 1083 2110 iu
1131 2078 1232 2113 istis
1279 2085 1404 2117 cerni

761 2118 964 2152 παιδείαν
999 2124 1294 2167 arbitremur,
1325 2131 1400 2164 sed

761 2166 1060 2210 intelligimus
1094 2170 1101 2200 i
1120 2181 1172 2203 us
1191 2174 1225 2206 ti
1242 2178 1290 2208 tu
1307 2177 1399 2210 tio-

759 2221 850 2244 nem
876 2215 926 2245 ad
961 2215 1172 2250 virtutem
1199 2225 1264 2253 ctr.
1314 2222 1399 2256 Par-

757 2258 908 2298 ticipium
937 2257 1139 2302 ἡγουμένων
1162 2265 1235 2298 sine
1249 2268 1398 2302 articulo

757 2304 907 2345 positum
936 2308 984 2339 sic
1009 2309 1262 2351 interpreteris:
1288 2314 1396 2348 deun

757 2349 826 2382 die
853 2350 1017 2395 ietzige.
1042 2354 1164 2389 Rede
1189 2358 1248 2391 ist
1274 2359 1395 2403 doch,

756 2398 833 2428 wie
859 2409 904 2429 es
929 2399 1120 2440 scheint,
1152 2404 1272 2438 nicht
1298 2407 1396 2440 eine

754 2441 871 2475 Rede
907 2455 984 2478 von
1025 2446 1202 2490 benten,
1242 2451 1314 2485 die
1345 2453 1394 2486 ‹la

755 2489 957 2530 glauben,
985 2492 1024 2524 in
1050 2492 1198 2528 dies-en
1222 2497 1393 2542 Dingen

757 2534 936 2569 bestebe
961 2537 1029 2571 die
1057 2539 1321 2586 Erziehung.

799 2600 950 2645 ἄρχειν
989 2608 1057 2640 καὶ
1098 2606 1320 2651 ἄρχεσθαι
1357 2625 1390 2652 μ.

753 2647 805 2690 δ.]
833 2650 1019 2686 Notissima
1051 2660 1105 2688 est
1131 2661 1284 2690 veterum
1310 2668 1391 2691 sen—

751 2696 876 2736 tentia,
916 2709 983 2739 qua
1025 2703 1244 2743 statuebant,
1296 2713 1388 2745 eum,
