1612 2872
197 85 278 126 ΒΕ
313 82 588 128 LEGIBUS
621 83 742 127 LIB.
773 83 855 127 IV.
886 82 933 126 Ρ.
967 85 1060 126 708.
1093 83 1157 127 St.

39 202 247 261 χάλεπον.
294 200 394 244 ἀλλ’

1317 85 1399 125 395

451 200 571 259 ὅμως
605 206 694 246 ἐστὶ
730 207 983 258 νομοθεσία
1021 205 1094 245 καὶ
1132 200 1300 245 πόλεων
1337 205 1400 244 οὶ·

41 272 185 315 κισιιοὶ
222 268 403 315 πάντων
445 269 713 315 τελεώτατον
749 269 861 327 πρὸς
894 267 1062 328 ἀρετὴν
1095 267 1289 323 ἀνδρῶν.

147 338 248 380 ΚΛ.
286 337 444 391 Εὶκός·
489 337 596 383 ὅποι
633 338 673 381 δ’

43 404 171 464 φράζ
215 408 275 447 ἔτι
315 414 600 465 σαφέστερον.

725 332 784 381 αὖ
827 340 1000 394 βλέπων
1036 335 1159 381 τοῦτ’

1213 335 1400 392 εἴρηκας,

43 582 269 624 perscriptum
298 586 405 616 extat.
432 580 528 624 ὅμως
552 591 633 614 cum
656 585 744 613 vett.
770 580 867 613 editt.
894 586 1012 614 tuetur
1036 579 1085 611 Ω.
1113 587 1163 621 pr.
1190 588 1236 610 ιιι.
1253 581 1288 609 et
1310 575 1403 608 Flor

43 629 130 669 a..,3
159 638 208 670 pr.
237 638 281 660 ιιι.

309 628 347 661 Ξ.
358 628 399 660 Β.
427 634 462 661 et
487 637 688 669 marg.a11n.
714 629 820 659 altera
850 627 928 659 Par.
957 630 995 660 Α.
1027 627 1146 665 Atque
1174 624 1243 655 hoc
1266 627 1404 655 senten-

44 676 114 706 tiae
139 674 327 707 rationibus
352 680 407 707 est
433 673 811 707 convenientissimum.
865 673 951 706 Mox
985 682 1048 714 pro
1073 673 1166 713 vulg.
1195 682 1265 710 unq
1297 669 1328 701 3'
1357 672 1401 699 αυ·

42 718 171 762 βλέπων
195 730 238 753 ex
269 730 348 753 uno.
377 720 406 753 li.
438 718 519 752 ὅποι
545 719 636 753 dedi.

44 904 91 935 ita
117 903 221 936 etiam
249 902 468 945 legumlatori
492 901 582 935 idem
607 896 690 936 lice·

45 950 94 982 bit
117 949 242 982 facere.
280 948 372 983 Quid
398 958 480 981 vero
504 953 571 990 est,
596 949 690 991 quod

44 991 101 1029 file
134 998 249 1038 potius
282 995 345 1027 sibi
383 999 548 1037 exoptet,
586 1005 690 1037 quam

45 1042 123 1079 lioc,
157 1047 196 1074 ιιι
227 1042 258 1074 ei
285 1041 438 1082 civitati,
475 1051 579 1082 quain
606 1042 690 1081 legi-

46 1090 110 1120 bus
141 1088 186 1120 sit
219 1087 471 1127 instructurus,
505 1097 594 1119 unua
627 1089 686 1119 ali-

42 1134 118 1176 quis
131 1138 293 1175 tyrannus
307 1134 447 1175 praesit,
467 1143 572 1175 penes
583 1143 687 1175 quem

44 1182 90 1212 sit
114 1189 228 1212 rerum
249 1181 403 1211 omnium
419 1180 608 1221 potestas?
631 1179 688 1212 Ni-

46 1227 171 1258 mirum
202 1225 287 1258 haec
312 1235 378 1257 una
409 1224 541 1267 imperii
574 1226 689 1258 forma

45 1272 195 1305 maxime
232 1277 287 1304 est
326 1270 452 1303 idonea
489 1271 533 1303 ad
578 1281 688 1304 novos

46 1327 162 1350 mores
186 1316 456 1349 introducendus
476 1321 581 1358 atque
599 1328 688 1350 nova

46 1364 253 1406 reipublicae
272 1363 431 1396 instituta
458 1362 631 1396 fundanda
655 1367 692 1396 et

46 1410 268 1451 stabilienda;
303 1419 405 1450 quam
442 1410 577 1442 laudem
612 1419 693 1452 pru-

46 1456 139 1489 xime
170 1459 250 1498 post
280 1465 354 1488 eam
394 1455 541 1488 duorum
580 1456 692 1498 impe·

46 1502 146 1542 rium,
172 1505 253 1544 post
276 1499 341 1533 hoc
365 1506 480 1533 antem
511 1501 692 1534 democra-

47 1549 96 1581 tia
122 1548 296 1580 vindicare
319 1547 383 1579 sibi
410 1547 557 1582 videtur.
603 1547 691 1580 Nam

49 1595 167 1637 plures
202 1592 314 1625 sicubi
339 1598 502 1635 praesunt
527 1594 692 1636 reipubli-

47 1650 129 1680 cae,
171 1638 275 1672 veluti
306 1638 340 1670 in
370 1639 605 1680 aristocratia,
642 1639 695 1671 ibi

48 1689 193 1729 propter
222 1685 423 1726 opinionum
462 1691 497 1718 et
537 1686 687 1718 iudicio·

48 1741 123 1765 rum
142 1731 348 1763 varietatem
366 1741 407 1763 nc
424 1728 690 1774 discrepantiam

49 1777 178 1818 aliquid
216 1777 250 1807 in
288 1777 412 1808 melius
446 1778 571 1810 mutari
599 1778 693 1810 haud

48 1824 150 1856 facile
175 1826 302 1864 potest.
329 1822 397 1855 lam
424 1833 507 1854 vero
530 1829 694 1867 tyrannus

48 1870 118 1906 ille,
142 1869 172 1899 si
200 1867 309 1899 fuerit
331 1867 466 1900 iuvenis
491 1869 614 1901 alacris
642 1870 695 1900 in-

49 1915 154 1957 genii,
182 1913 240 1955 qui
266 1913 365 1945 bonis
394 1914 547 1946 consiliis
574 1915 698 1947 luben-

50 1965 106 1993 ter
138 1960 351 2000 obsequatur
381 1965 488 2000 atque
518 1960 695 1992 fortitudi-

50 2017 94 2038 ne
120 2006 294 2046 animique
319 2006 550 2046 magnitudine
582 2008 696 2039 excel-

51 2054 117 2090 lat,
151 2050 228 2083 nihil
260 2049 332 2083 fere
357 2051 502 2092 cogitari
534 2057 593 2084 aut
616 2053 696 2094 fingi

50 2098 166 2131 animo
197 2097 347 2139 poterin,
385 2095 479 2138 quod
517 2099 699 2140 legislator

51 2144 194 2176 ulterius
224 2143 287 2174 sibi
322 2147 484 2184 expetat3
529 2154 603 2177 nain
637 2145 697 2177 tali

52 2193 149 2222 certe
182 2188 328 2230 principi
364 2189 459 2221 cives
491 2199 612 2222 omnes
645 2192 696 2222 lu·

53 2236 176 2267 benter
200 2234 371 2276 parebunt
402 2235 545 2276 eiusque
575 2237 696 2268 volun-

53 2282 116 2312 tati
142 2281 188 2312 ita
214 2279 519 2321 obtemperabunt,
545 2286 583 2313 ut
608 2282 697 2314 liand

53 2335 160 2368 aegre
191 2326 351 2366 pristinos
389 2337 504 2358 mores
537 2333 572 2358 et
602 2329 695 2360 insti-

55 2376 128 2403 tuta
153 2381 228 2403 cum
247 2372 344 2403 novis
366 2375 593 2414 per-mutaturi
621 2375 700 2407 sint.

58 2417 148 2449 Huic
179 2417 283 2457 igitur
326 2417 354 2448 si
396 2419 534 2459 sapiens
567 2421 700 2462 legum-

57 2464 146 2494 lator
162 2463 339 2504 obtigerit,
365 2463 454 2495 facili
481 2466 621 2505 negotio
647 2476 699 2498 re-

57 2517 139 2540 cens
163 2512 243 2539 nata
258 2508 379 2540 civitas
393 2509 436 2541 ad
450 2511 581 2551 optima
595 2521 699 2552 quae-

55 2563 122 2595 que
160 2553 360 2585 instituetur
393 2559 427 2586 et
468 2555 701 2589 conformabi-

56 2604 122 2630 tur.
160 2598 196 2630 Si
215 2609 296 2630 vero
311 2603 472 2640 tyrannus
498 2601 575 2644 ipse
600 2602 702 2635 snerit

57 2646 247 2686 sapientia,
274 2648 522 2688 temperantia,
553 2649 699 2681 ceteris-

58 2699 124 2731 que
150 2691 335 2723 vii-tutinus
361 2699 519 2732 ornatus,
547 2694 579 2725 id
608 2695 699 2736 quod

759 912 841 935 sane
890 902 1065 937 rarissime
1113 902 1204 934 solet
1253 900 1406 934 evenire,

758 953 831 982 tum
856 958 939 981 vero
964 949 1047 980 nihil
1074 952 1148 988 est,
1186 945 1282 988 quod
1321 943 1405 976 civi-

761 997 823 1027 bus
847 995 961 1036 possit
986 995 1169 1034 obtingere
1197 992 1319 1025 melius
1345 993 1407 1022 aut

759 1042 948 1074 salutarius
986 1040 1050 1080 (P.
1076 1039 1156 1075 709.
1187 1039 1228 1070 Ι).
1256 1055 1299 1061 -
1325 1036 1406 1071 712.

761 1091 827 1127 Λ.).
863 1087 942 1119 Hoc
964 1087 1070 1128 igitur
1090 1088 1330 1127 argumentum
1353 1084 1405 1115 lo·

756 1134 786 1166 ci
813 1139 877 1166 est.
926 1132 1030 1167 Quod
1057 1131 1183 1174 duplici
1215 1130 1260 1163 de
1283 1138 1406 1161 caussa

758 1179 1004 1222 explicandum
1050 1177 1256 1221 putavimus.
1317 1174 1404 1208 Nam

757 1227 904 1268 primum
919 1225 1058 1267 quidem
1085 1223 1288 1266 disputatio,
1313 1230 1406 1262 quae

758 1272 928 1313 sequitur,
968 1271 1144 1312 aliquanto
1182 1273 1236 1301 est
1266 1267 1406 1299 intrica-

757 1318 826 1350 tior
850 1328 892 1350 ac
916 1316 1108 1356 difficilior,
1139 1324 1256 1368 quam·
1271 1318 1308 1345 ιιι
1332 1317 1405 1345 nta-

761 1364 823 1396 tim
857 1363 968 1405 possit
999 1367 1096 1395 recte
1125 1360 1256 1404 percipi
1283 1363 1319 1392 et
1354 1360 1404 1391 in-

761 1411 882 1452 telligi.
908 1409 1015 1444 Quod
1033 1418 1124 1441 nunc
1140 1407 1291 1449 quidem,
1309 1415 1405 1438 sum-

761 1465 815 1488 ma
842 1456 916 1488 eius
942 1456 1115 1497 exposita,
1141 1454 1249 1486 multo
1268 1452 1406 1484 facilius

760 1502 832 1534 fieri
858 1502 996 1544 poterit.
1025 1501 1155 1533 Deinde
1168 1499 1267 1531 simul
1283 1502 1407 1530 osten-

760 1548 844 1580 dere
870 1547 1052 1588 voluimus,
1081 1546 1162 1588 quid
1188 1544 1408 1577 sentiendum

760 1594 806 1626 sit
835 1594 878 1626 de
911 1593 1039 1626 iudicio
1064 1591 1253 1628 Zelleri‚
1284 1590 1341 1631 qui
1373 1591 1408 1622 in

759 1639 891 1672 Studiis
927 1639 1089 1675 Platonn.
1124 1649 1156 1681 p.
1196 1636 1277 1671 103.
1324 1636 1409 1668 naec

758 1686 894 1725 omnia,
928 1696 1019 1726 qnae
1051 1696 1084 1728 p.
1111 1684 1191 1720 709.
1226 1687 1266 1715 Α.
1299 1691 1410 1723 usque

758 1732 802 1765 ad
833 1743 865 1774 p.
894 1732 975 1766 712.
1004 1733 1042 1763 A.
1071 1733 1252 1773 leguntur,
1285 1737 1409 1760 excer-

760 1783 818 1821 pta
842 1782 878 1810 et
907 1778 1147 1810 consarcinata
1172 1775 1348 1807 existimat
1367 1783 1410 1806 ex

762 1823 921 1865 Reipubl.
949 1823 1037 1855 libro
1065 1823 1104 1855 V.
1130 1833 1162 1865 p.
1187 1820 1268 1854 473.
1288 1819 1409 1852 B—E.

766 1870 822 1902 vl.
853 1879 888 1910 p.
913 1868 994 1903 487.
1030 1869 1075 1900 A.
1109 1878 1143 1908 p.
1177 1866 1258 1900 499.
1290 1866 1329 1900 C.
1356 1875 1410 1906 sq.

764 1926 797 1958 p.
825 1914 907 1949 502.
935 1913 1069 1946 A-c.
1098 1913 1176 1944 Vll.
1204 1923 1237 1953 p.
1263 1910 1345 1946 540-
1370 1912 1410 1942 l).

765 1971 841 2003 sqq.
866 1959 1029 2002 adeoque
1045 1958 1224 1991 contendit
1252 1958 1413 1990 nonnulla

765 2008 808 2040 ad
835 2007 976 2038 verbum
1008 2005 1089 2039 inde
1123 2003 1298 2045 exscripta
1322 2013 1417 2036 esse.

767 2052 934 2086 Nimirum
961 2053 1113 2094 loquitur
1131 2051 1234 2083 Plato
1255 2059 1339 2081 sane
1359 2049 1414 2080 his

766 2109 904 2141 quoque
929 2098 1013 2131 locis
1038 2097 1082 2130 de
1109 2102 1281 2139 tyranno,
1309 2105 1413 2137 quem

767 2149 883 2177 tamen
919 2145 965 2176 ibi
998 2143 1042 2176 ad
1076 2134 1224 2185 perfecti
1248 2141 1413 2195 sapientis

765 2191 958 2233 exemplum
986 2189 1204 2229 informavit,
1236 2187 1336 2220 sicuti
1360 2186 1414 2219 fe-

766 2237 812 2268 cit
842 2237 946 2269 etiam
979 2236 1113 2268 l‘olitic.
1152 2245 1185 2276 p.
1216 2233 1295 2268 291.
1329 2232 1411 2265 G—

766 2282 845 2316 297.
862 2282 902 2314 Β.
948 2283 1080 2314 Verum
1108 2281 1186 2312 inde
1212 2280 1412 2321 neutiquam

768 2329 1003 2369 consequitur,
1026 2333 1064 2360 ut
1088 2326 1140 2359 liic
1158 2325 1290 2368 Legum
1316 2324 1415 2359 locus

769 2375 861 2406 illine
886 2374 933 2405 sit
950 2374 1124 2415 'repetitus
1150 2377 1186 2404 et
1209 2372 1414 2404 adornatus.

768 2419 855 2452 Nam
881 2420 1030 2460 primum
1056 2417 1194 2461 quidem
1211 2428 1296 2460 quas
1317 2417 1414 2449 Zel-

772 2467 890 2498 lerus
922 2470 1043 2508 crepat
1083 2465 1295 2505 singulorum
1337 2473 1413 2494 ver-

770 2511 891 2544 borum
938 2521 979 2544 ac
1017 2511 1265 2544 sententiarum
1308 2509 1412 2541 itera-

770 2557 894 2596 tiones,
911 2564 973 2590 ‘eae
990 2557 1113 2599 quales
1126 2555 1206 2595 sint,
1230 2565 1311 2588 mox
1328 2554 1414 2596 ipsis

770 2602 991 2645 Reipublicae
1025 2603 1111 2636 locis
1142 2602 1334 2643 appositis.
1372 2599 1414 2631 ab

770 2659 977 2691 unoquoque
1025 2654 1150 2692 sponte
1189 2646 1413 2686 intelligetur.

770 2695 900 2728 Deinde
942 2705 1044 2736 quum
1088 2697 1251 2735 pleraque
1288 2691 1417 2729 omnia,
