1612 2872
467 104 550 148 DE
582 103 860 150 LEGIBUS
892 109 973 146 ete.
1229 101 1387 145 CXXI

38 224 132 260 tum
162 221 354 260 mutatae
391 215 590 272 adeoque
631 215 789 272 partim
818 215 1016 259 sublatae
1079 213 1236 258 enitus.
1297 211 1388 256 Sed

38 275 114 318 ubi
149 289 240 316 rem
276 272 624 316 consideraveris
669 272 942 327 accuratius,
982 230 1293 328 phssosophum
1323 270 1388 312 fa·-

38 331 120 374 cile
159 329 330 373 videbis
369 329 547 372 decreta
582 329 657 371 illa
695 327 798 383 sha,
830 344 943 384 quae
973 330 1019 371 in
1048 326 1292 384 Republica
1321 341 1388 368 se-

38 393 202 442 quutus
232 393 312 441 est,
356 387 606 442 neutiquam
648 385 925 442 prodidisse,
965 384 1044 428 sed
1075 390 1282 441 quantum
1311 398 1390 439 per

37 445 212 500 Legum
260 443 475 486 rationem
511 443 685 496 liceret,
736 442 1090 485 constantissime
1140 440 1388 483 retinuisse.

32 500 154 543 -Nam
196 506 244 543 ut
283 507 507 542 taceamus
546 499 600 542 de
645 513 713 553 eo,
759 499 879 553 quod
909 499 954 540 in
983 499 1183 556 Legibus
1213 511 1389 554 quoque

38 572 267 600 commune
312 556 503 599 civitatis
540 555 811 612 singulorum
843 556 1005 598 civium
1043 555 1201 598 studiis
1230 568 1283 596 ac
1316 569 1391 596 vo-

36 614 276 656 luntatibus
313 627 391 669 per
419 612 565 655 omnia
593 611 896 668 anteponitur,
924 612 988 653 ita
1016 619 1066 653 ut
1095 612 1140 653 hi
1170 611 1298 668 plane
1327 610 1392 652 vi-

39 670 226 713 deantur
261 670 409 726 legum
446 669 563 711 servi
602 683 700 712 esse
732 675 776 710 et
805 669 849 711 in
880 668 1068 711 maxima
1096 669 1302 710 libertate
1330 667 1391 709 ci-

38 727 116 770 vili
143 727 248 769 item
289 725 427 782 premi
454 726 643 768 maxima
671 725 905 779 servitute,
938 724 1057 780 quod
1087 725 1231 781 ipsum
1262 724 1393 765 etiam

39 784 85 827 in
111 783 357 839 Republica
386 783 448 824 ita
484 797 580 825 esse
612 782 884 825 ostendimus
918 781 1124 838 Prolegg.
1166 780 1222 822 ad
1262 780 1392 822 Rem-

39 841 283 897 publicam3
323 839 453 881 etiam
492 839 667 896 singula
705 854 785 895 pro
823 839 1052 902 utriigsque
1093 837 1282 880 civitatis
1323 851 1392 878 ra-

39 897 236 940 tionibus
279 896 455 953 egregie
490 896 605 938 inter
644 910 690 938 se
732 895 978 939 consentire
1007 893 1244 937 iudicanda
1274 903 1392 936 sunt.

40 954 157 998 Nam
186 954 433 996 communio
462 952 699 1007 bonorum,
733 968 844 1007 quae
873 953 918 994 in
949 952 1116 1007 optima
1143 957 1303 1004 regnat
1332 950 1394 993 ci-

41 1011 200 1065 vitate,
239 1009 324 1052 etsi
361 1009 408 1051 in
435 1009 636 1066 Legibus
667 1010 844 1052 omnino
875 1008 996 1051 nulla
1036 1015 1128 1063 est,
1177 1006 1393 1063 siquidem

9 1075 23 1083 ”
42 1068 137 1124 agri
175 1067 301 1109 inter—
318 1066 437 1109 cives
491 1066 749 1121 aequalibus
789 1065 1066 1122 portionibus
1123 1064 1254 1106 divisi
1293 1069 1396 1106 sunt

25 1124 184 1180 -(Libr.
226 1123 283 1166 V.
330 1139 372 1179 p.
413 1124 507 1166 736.
537 1123 589 1166 Ε.
620 1123 740 1178 sqq.)
773 1130 906 1178 atque
937 1121 1048 1164 adeo
1077 1121 1240 1178 singuli
1268 1135 1394 1176 prae-

40 1188 107 1223 ter
136 1195 258 1223 suam
289 1180 383 1236 agri
412 1184 576 1222 sortem
615 1180 731 1222 bona
760 1179 907 1235 aliqua
950 1178 1176 1234 possidere
1209 1183 1396 1234 possunt

44 1237 178 1293 (lbid.
218 1253 262 1293 p.
303 1236 445 1291 744.),
483 1242 630 1278 tamen
672 1251 726 1278 ex
773 1251 893 1279 more
932 1235 1208 1278 Cretensium
1249 1234 1395 1289 (Libr.

45 1294 150 1338 VII.
181 1310 224 1350 p.
257 1295 354 1336 847.
384 1293 460 1347 Ε.)
490 1292 554 1334 ita
584 1299 652 1335 est
678 1293 953 1347 institutum,
992 1300 1043 1334 ut
1073 1291 1274 1334 omnibus
1306 1291 1396 1332 fru-

45 1351 188 1394 ctibus
218 1356 263 1393 et
290 1349 577 1406 proventibus
606 1350 761 1392 annuis
791 1350 836 1392 in
866 1365 1003 1391 unum
1022 1348 1192 1391 collatis
1221 1347 1397 1404 publica

46 1408 214 1450 civibus
266 1407 543 1448 instruantur
589 1407 792 1448 convivia
840 1407 993 1462 (Libr.
1034 1405 1167 1448 VIII.
1217 1421 1260 1460 p.
1298 1406 1395 1447 847.

49 1464 86 1507 Ε
121 1479 218 1519 sqq.
257 1463 340 1506 VI.
380 1478 423 1518 p.
466 1464 563 1505 780.
601 1463 655 1506 Β.
695 1464 801 1516 Vll.
839 1479 883 1519 p.
924 1464 1020 1506 806.
1051 1463 1142 1517 Β.).
1192 1461 1266 1503 *In
1310 1476 1397 1516 quo

47 1520 157 1563 adeo
187 1520 334 1575 aliqua
365 1519 574 1562 discessio
606 1520 723 1562 facta
752 1526 820 1562 est
849 1520 904 1562 ab
942 1521 1092 1575 Lycur
1125 1519 1138 1560 i
1177 1517 1396 1571 instituto,

47 1593 133 1633 quo
164 1577 349 1632 quisque
378 1576 539 1618 civium
568 1576 624 1618 ad
653 1577 833 1632 publica
864 1577 1067 1619 convivia
1093 1535 1152 1616 {e
1180 1590 1260 1617 suo
1282 1589 1398 1631 sym-

48 1634 177 1678 bolas-
201 1633 465 1687 conferebat,
498 1632 545 1674 id
575 1633 697 1687 quod
729 1633 952 1688 displicuit
983 1631 1295 1675 Aristoteli
1326 1631 1398 1672 De

49 1691 158 1748 Rep.
195 1689 257 1732 ΙΙ.
298 1691 338 1732 9.
404 1689 641 1732 Mulierum
681 1697 827 1732 autem
878 1690 1225 1732 communionem
1279 1687 1399 1743 quod

48 1753 259 1790 remotam
295 1746 493 1789 videmus
542 1747 588 1788 in
636 1747 861 1804 Legibus,
918 1744 1271 1802 quandoquidem
1320 1759 1401 1787 sua

49 1805 209 1859 cuique
238 1818 351 1845 uxor
379 1817 547 1857 suaque
575 1803 739 1845 familia
768 1810 860 1858 est,
900 1810 1030 1858 atque
1061 1802 1172 1844 adeo
1204 1801 1258 1843 dc
1288 1817 1400 1857 nup-

50 1860 124 1903 tiis
183 1866 228 1902 et
279 1859 566 1902 matrimoniis
620 1860 917 1902 severissimae
974 1860 1231 1903 sanciuntur
1278 1858 1400 1914 leges

51 1916 194 1971 (Libr.
223 1915 307 1958 VI.
337 1931 381 1971 p.
414 1916 511 1957 773.
540 1930 639 1971 sqq.
668 1917 745 1972 al.)
773 1917 878 1958 licet
907 1917 989 1959 hac
1022 1916 1067 1957 in
1098 1921 1225 1971 parte
1257 1914 1403 1956 omnia

0 1980 10 1988 ⁸
51 1972 109 2016 ad
150 1987 422 2015 communem
460 1972 575 2013 vitae
614 1972 978 2015 consuetudinem
1021 1971 1276 2028 diligentius
1316 1970 1406 2011 sint

52 2035 326 2085 comparata,
374 2035 522 2070 tamen
566 2028 686 2083 quod
729 2029 1019 2085 philosophus
1064 2029 1111 2069 in
1158 2026 1404 2083 Republica

54 2086 238 2139 censuit,
266 2085 468 2127 mulieres
500 2084 556 2126 ab
588 2091 812 2127 contemtu
842 2086 928 2128 isto
959 2091 1004 2127 et
1033 2084 1325 2141 neglectione,
1356 2084 1402 2125 in

55 2158 141 2198 qua
178 2142 311 2199 vulgo
352 2141 668 2196 versabantur,
703 2141 939 2197 aliquando
970 2140 1255 2183 vindicandas
1286 2146 1331 2181 et
1358 2140 1404 2181 in

54 2199 272 2265 publicam
313 2198 429 2240 vitae
467 2198 609 2240 lucem
656 2198 905 2241 educendas
946 2213 1067 2251 esse,
1116 2197 1232 2239 idem
1273 2196 1404 2238 etiam

54 2271 101 2298 m
130 2255 328 2298 Leuibus
358 2255 501 2298 tenuit
530 2261 574 2296 et
602 2269 683 2309 pro
724 2270 866 2297 rerum
898 2254 1149 2297 conditione
1180 2253 1286 2296 satis
1315 2253 1404 2295 for·

56 2313 159 2354 titer
199 2290 421 2366 defendit,
463 2312 533 2366 (v,
572 2311 644 2354 De
681 2312 793 2367 Rep.
832 2312 891 2352 V.
931 2328 972 2367 p.
1012 2312 1112 2353 455.
1153 2310 1252 2353 coll.
1291 2309 1328 2351 Ι.
1359 2326 1403 2366 p.

58 2370 152 2411 637.
192 2367 243 2410 C.
275 2367 415 2434 Legg.
455 2367 537 2410 VI.
569 2382 613 2422 p.
646 2369 742 2412 781.
774 2369 831 2410 A.
863 2369 958 2411 802.
999 2367 1052 2409 Ε.
1093 2368 1190 2411 804.
1222 2367 1275 2408 Ε.
1307 2368 1405 2410 814.

59 2423 141 2479 C.)
180 2423 481 2467 stultissimum
518 2438 615 2466 esse
651 2432 798 2479 ratus,
848 2425 887 2467 si
924 2424 1152 2479 mulieres,
1207 2423 1406 2478 quamvis

58 2482 163 2523 viris
203 2480 350 2536 paullo
377 2480 670 2534 infirmiores,
718 2497 806 2524 non
853 2480 911 2524 ad
949 2481 1124 2524 easdem
1170 2486 1303 2535 atque
1342 2479 1407 2521 illi

60 2537 395 2580 exercitationes
427 2537 718 2580 adhibeantur
757 2545 889 2593 atque
926 2539 1020 2595 pari
1059 2537 1332 2580 educationis
1364 2542 1408 2578 et

59 2593 344 2637 institutionis
386 2610 493 2638 cura
530 2594 691 2651 dignae
741 2594 1007 2650 habeantur,
1058 2592 1274 2649 siquidem
1324 2592 1409 2634 hoc

62 2650 266 2707 neglecto
307 2651 502 2706 eveniat,
547 2657 596 2693 ut
634 2651 787 2694 civitas
823 2667 903 2709 pro
942 2651 1075 2708 dupla
1105 2647 1409 2698 tantummodo
