1612 2872
473 63 556 106 DE
588 63 870 108 LEGIBUS
904 68 985 106 etc.
1248 63 1411 107 XLIX

47 179 255 223 cedoniae
286 192 432 235 regem
455 177 693 220 arcessitus
714 182 796 229 est,
828 178 904 231 qui
931 191 1062 220 curae
1092 177 1187 220 eius
1217 177 1412 219 Alexan-

49 236 118 280 dri
145 235 227 279 filii
257 234 577 278 iustitutionem
608 233 844 284 commisit3
875 233 994 276 unde
1021 233 1199 276 tandem
1232 233 1410 291 Olymp.

53 296 147 336 111.
180 295 218 336 2.
254 308 320 330 =
361 293 458 334 335.
488 307 526 333 a.
558 289 659 333 Chr.
692 305 734 331 n.
763 289 969 347 Philippo
999 290 1247 345 interfecto,
1278 306 1413 345 quum

48 348 300 393 Alexander
320 349 364 390 in
385 349 539 391 Asiam
567 353 685 390 esset
711 347 1006 402 profecturus,
1033 362 1183 391 rursus
1211 347 1413 390 Athenas

47 406 179 450 rediit
208 406 357 460 ibique
387 405 593 451 scholam.
611 404 782 459 aperuit
811 404 856 446 in
879 405 1063 461 Lyceo3
1092 421 1133 446 v.
1161 402 1414 446 Brandis

47 465 76 506 l.
109 479 146 507 c.
188 480 231 519 p.
275 466 342 505 54.
386 477 483 516 sqq.
548 461 638 505 Sed
685 475 740 501 ne
783 460 1035 503 diuturnior
1084 460 1263 516 quidem
1305 460 1414 502 haec

48 522 94 563 in
125 521 287 563 exteris
319 519 574 575 regionibus
606 518 888 560 commoratio
918 533 1012 559 eam
1045 519 1190 574 potuit
1222 518 1310 560 vim
1339 517 1416 559 ha-

49 579 169 631 bere,
202 583 252 618 ut
281 576 355 618 illo
385 582 582 631 tempore
612 573 778 616 iudicio
810 589 890 615 suo
923 574 976 615 de
997 575 1196 631 Legibus
1218 575 1417 616 Platonis

49 635 287 686 falleretur,
321 647 408 687 quo
443 632 729 674 Politicorum
770 631 906 673 libros
935 632 1096 673 litteris
1128 631 1418 688 consignavit.

51 691 167 735 Sunt
197 690 311 732 enim
342 689 387 731 hi
417 689 518 731 libri
546 688 802 742 neutiquam
838 688 893 730 ab
925 703 976 730 eo
1007 688 1158 743 scripti
1192 704 1279 743 quo
1309 694 1419 730 tem-

50 763 156 804 pore
196 747 387 790 Athenis
425 746 583 788 absens
625 745 736 787 vixit
775 750 820 786 et
856 760 1040 801 peregre
1080 745 1200 800 apud
1242 752 1419 786 exteros

52 810 346 848 commoratus
387 810 480 857 est,
526 802 604 844 sed
640 802 875 858 compositi
917 802 1088 858 potius,
1130 807 1421 858 posteaquam

54 862 252 904 Athenas
282 859 482 902 redierat.
522 858 727 901 Tradidit
755 859 867 900 enim
906 865 1067 915 postea
1094 859 1310 901 tredecim
1343 873 1419 900 an-

52 933 133 961 nos
161 918 224 960 ibi
274 915 599 974 philosophiam
641 915 874 971 extititque
915 921 1071 958 auctor
1106 916 1297 958 familiae
1337 916 1421 957 Pe—

53 975 324 1030 ripateticae,
364 988 505 1029 usque
563 973 666 1014 dum
727 971 904 1029 Olymp.
950 975 1044 1015 114.
1086 974 1126 1015 3.
1160 990 1221 1011 Ξ
1255 973 1352 1014 323.
1383 988 1422 1016 a.

55 1032 160 1075 Chr.
191 1048 234 1074 n.
265 1031 503 1087 impietatis
543 1035 776 1072 accusatus
816 1029 990 1084 aufugit
1020 1027 1296 1083 Chalcidem,
1329 1029 1422 1071 Eu-

53 1090 189 1132 boeae
209 1088 376 1142 urbem,
407 1088 481 1129 ubi
512 1093 714 1129 narratur
738 1102 898 1128 annum
929 1086 1085 1128 aetatis
1106 1085 1427 1144 sexagesimum

54 1146 234 1188 tertium
256 1160 406 1198 agens,
429 1144 587 1186 hausta
607 1144 768 1197 cicuta,
792 1143 925 1184 vitam
946 1143 1156 1186 finivisse.
1178 1160 1219 1184 v.
1243 1143 1377 1186 Stah
1389 1159 1423 1186 r.

57 1202 319 1246 Aristotelia
367 1201 404 1245 Ι.
458 1217 502 1257 p.
556 1203 651 1243 147.
701 1199 949 1242 Brandis
999 1199 1029 1243 l.
1080 1215 1117 1243 c.
1157 1215 1200 1255 p.
1250 1201 1318 1242 60.
1358 1215 1424 1255 sq.

59 1259 299 1302 Enimvero
329 1258 573 1314 posteriore
605 1257 686 1299 hac
718 1257 834 1299 vitae
865 1262 1010 1299 aetate
1043 1272 1118 1299 eos
1150 1272 1245 1299 esse
1266 1257 1425 1300 litteris

59 1322 260 1359 exaratos
290 1315 361 1357 vel
391 1331 445 1357 ex
477 1330 529 1357 eo
560 1314 844 1369 intelligitur,
887 1313 1009 1368 quod
1040 1314 1161 1356 Libr.
1195 1314 1250 1355 V.
1288 1315 1352 1356 10.
1381 1331 1424 1371 p.

68 1374 188 1416 1312.
221 1388 259 1414 a.
290 1373 332 1415 b.
366 1371 434 1414 ed.
475 1371 667 1413 Bekker.
730 1370 889 1413 Dionis
919 1369 1132 1413 adversus
1162 1370 1428 1429 Dionysium

59 1429 283 1486 expeditio
321 1428 499 1486 Olymp.
546 1430 636 1470 109.
680 1429 720 1470 3.
763 1444 838 1465 τε
882 1429 979 1469 342.
1020 1443 1058 1471 a.
1099 1426 1204 1470 Chr.
1246 1444 1287 1470 n.
1331 1443 1427 1471 sus-

59 1493 190 1542 cepta
229 1493 273 1529 et
308 1485 444 1528 ibid.
485 1502 527 1541 p.
562 1487 684 1529 1311.
715 1485 757 1528 b.
790 1484 989 1540 Philippi
1033 1483 1297 1530 Macedonis
1329 1500 1428 1527 cae-

59 1543 138 1586 des
162 1542 338 1600 Olymp.
365 1546 459 1587 111.
494 1545 530 1584 l.
552 1557 630 1580 =
655 1543 752 1584 336.
774 1558 811 1584 a.
831 1540 935 1583 Chr.
958 1557 1000 1584 n.
1030 1547 1284 1597 perpetrata
1314 1557 1432 1585 com-

61 1607 337 1643 memoratur.
401 1600 461 1641 Et
490 1599 638 1656 colligi
662 1598 776 1640 idem
798 1599 928 1640 etiam
959 1613 1013 1640 ex
1041 1613 1093 1640 eo
1114 1604 1279 1655 potest,
1312 1599 1433 1655 quod

62 1657 184 1701 Libr.
224 1657 286 1701 ΙΙ.
324 1672 363 1699 c.
395 1658 434 1699 2.
474 1656 598 1698 Libr.
631 1655 715 1699 ΙΙΙ.
751 1671 788 1699 c.
826 1657 889 1697 12.
930 1655 1056 1698 Libr.
1088 1655 1168 1697 IV.
1205 1671 1242 1698 c.
1279 1659 1344 1700 11.
1375 1656 1433 1699 ad

63 1713 226 1756 Ethica
253 1713 510 1770 relegamur.
573 1712 693 1767 Quid
723 1712 857 1755 vero?
887 1727 1034 1754 nonne
1066 1718 1159 1754 tum
1183 1712 1426 1770 Stagiritae

64 1771 252 1813 maxima
277 1770 543 1827 suppetebat
561 1769 865 1827 opportunitas
887 1768 1129 1824 quaerendi
1159 1775 1291 1824 atque
1324 1771 1432 1813 scis-

67 1826 261 1880 citandi,
305 1828 402 1882 quis
442 1826 618 1874 tandem
648 1827 759 1868 tanti
799 1826 943 1882 operis
993 1832 1146 1868 auctor
1186 1826 1434 1870 extitisset?

70 1884 307 1925 Enimvero
330 1898 463 1938 quum
484 1883 578 1925 sine
603 1883 737 1925 dubio
759 1884 845 1924 iam
866 1883 968 1924 olim
1000 1882 1307 1937 inaudivisset‚
1330 1883 1438 1938 quid

72 1940 202 1982 Plato
218 1955 354 1982 senex
382 1940 428 1981 in
449 1939 729 1995 philosophia
756 1940 995 1993 moliretur,
1017 1945 1110 1980 tum
1139 1940 1272 1981 etiam
1293 1940 1437 1983 Athe·
1512 1933 1517 1936 .

70 2012 151 2039 nas
189 1996 328 2039 redux
367 1996 510 2038 factus
550 1996 594 2038 in
635 2011 687 2037 ea
724 1995 943 2038 sententia
986 1995 1239 2051 planissime
1278 1997 1438 2040 confir-

70 2060 211 2096 matus
239 2060 322 2107 est,
355 2059 407 2095 ut
434 2053 556 2095 illum
586 2068 718 2094 unum
749 2053 920 2108 Legum
951 2060 1173 2094 auctorem
1219 2067 1316 2096 esse
1354 2054 1439 2097 sibi

72 2109 369 2166 persuaderet.
430 2107 726 2162 Quamobrem
765 2124 847 2151 nec
878 2108 1099 2150 dubitavit
1127 2108 1257 2152 huius
1290 2111 1437 2167 operis

75 2168 196 2209 iuxta
235 2174 367 2222 atque
399 2166 587 2208 Politiae
618 2166 817 2208 Platonis
847 2179 1077 2207 censuram
1113 2165 1340 2210 instituere
1373 2174 1438 2210 at-

76 2239 162 2280 que
189 2223 300 2266 adeo
322 2222 563 2266 identidem
601 2237 876 2276 asseverare,
908 2221 1024 2264 hunc
1053 2237 1135 2264 nec
1175 2238 1441 2280 quemquam

76 2280 211 2322 alium
259 2279 412 2336 scripti
463 2280 582 2322 illius
639 2295 735 2322 esse
784 2284 1021 2335 parentem.
1094 2279 1283 2323 Frustra
1327 2285 1442 2324 enim

68 2343 206 2396 «εφη,
239 2337 313 2391 qui
343 2337 436 2379 eius
467 2336 552 2379 hoc
581 2337 627 2378 in
658 2350 817 2393 genere
847 2335 1058 2378 incuriam
1091 2345 1296 2393 crepant,
1327 2338 1441 2380 hanc

79 2394 291 2448 imprimis
329 2407 526 2436 caussam
566 2394 612 2435 in
650 2392 840 2435 medium
875 2393 1133 2445 afferentes,
1181 2395 1301 2448 quod
1332 2394 1441 2437 adeo

81 2450 374 2492 Menexenum
414 2456 459 2492 et
487 2450 700 2507 Hippiam
739 2450 948 2491 minorem
979 2465 1060 2505 pro
1090 2450 1213 2492 libris
1245 2452 1442 2494 Platoni-

81 2506 146 2548 cis
187 2506 452 2562 probaverit.
504 2506 559 2548 In
598 2522 684 2562 quo
723 2506 920 2563 profecto
958 2505 1044 2561 ipsi
1092 2507 1232 2549 critici
1286 2508 1443 2551 novitii

79 2569 264 2605 ruerunt
302 2563 505 2618 mirifice,
538 2564 611 2619 qui
652 2578 728 2606 eos
765 2562 936 2606 libellos
968 2578 1048 2618 pro
1088 2563 1336 2607 subditiciis
1366 2565 1442 2606 ha-

81 2618 251 2661 bendos
290 2619 617 2675 iudicaverunt,
660 2620 735 2675 qui
764 2619 918 2676 procul
949 2619 1084 2662 dubio
1116 2627 1220 2662 sunt
1249 2621 1443 2675 genuini.

1112 2687 1152 2728 D
