1612 2872
249 122 487 164 CXLVIII
676 116 1150 160 PltObEGOMENA

1161 215 1163 221 y
1206 202 1215 215 .

251 235 531 289 reprimantur
572 237 614 270 et
651 228 944 270 cohibeantur.
1015 229 1226 271 Nimirum
1257 236 1323 273 est
1354 230 1458 273 haec
1487 233 1571 274 vir*

250 297 335 342 tus,
366 290 402 330 si
432 302 520 329 rem
549 290 748 326 accurate
777 285 1062 337 aestimamus,
1094 284 1277 340 denique
1307 286 1410 328 nihil
1439 287 1569 342 aliud,

250 346 334 388 nisi
362 344 515 386 mentis
545 340 759 394 animique
789 341 949 382 sanitas
979 340 1210 395 quaedam,
1241 356 1348 396 quae
1379 345 1570 399 corporis

250 400 424 443 sanitati
462 399 591 452 longe
631 403 697 438 est
732 396 944 437 simillima
982 397 1104 451 eique
1151 398 1282 439 veluti
1333 413 1386 439 ex
1437 401 1570 441 altera

251 462 368 511 parte
408 451 652 509 respondet.
727 451 929 494 Cernitur
966 459 1109 494 autem
1147 454 1191 494 in
1230 468 1306 506 eo,
1354 460 1402 495 ut
1441 456 1568 497 animi

251 512 411 552 viribus
473 516 589 550 recte
642 509 890 563 temperatis
945 508 1194 563 sedatisque
1240 510 1568 565 perturbationi—

251 569 327 609 bus
371 566 482 607 adsit
520 564 642 619 quasi
692 563 864 618 quidam
900 572 1075 606 ornatus
1117 567 1230 607 vitae
1260 573 1303 607 et
1331 565 1568 608 studiorum

249 638 345 664 oum
389 622 551 663 ratione
591 627 793 674 rectaque
849 621 947 661 boni
998 620 1280 677 intelligentia
1326 624 1568 666 consensio.

249 679 363 720 Hinc
400 678 532 735 igitur
569 676 660 717 sine
698 692 748 718 ea
784 677 946 718 nullum
977 677 1349 719 omninolvirtutis
1379 679 1567 720 studium

250 741 392 790 potest
431 733 688 786 consistere,
720 739 922 787 recteque
951 732 1165 774 iudicatur
1194 749 1285 775 esse
1314 734 1451 776 civilis
1481 751 1567 776 ma-

248 791 359 832 xime
387 789 560 832 virtutis
598 789 826 830 initium
867 795 911 829 et
957 788 1389 843 fundamentum,
1422 805 1567 844 quem-

248 846 478 888 admodum
519 845 753 886 virtutis
792 845 1070 900 perfectio
1109 851 1151 886 et
1188 845 1482 888 absolutio
1520 847 1565 890 in

249 903 413 945 iustitia
449 901 633 958 ponitur.
704 900 818 942 Hinc
855 915 939 942 una
977 916 1072 942 cum
1103 901 1351 942 fortitudine
1381 902 1567 945 omnium

249 959 404 1000 civium
432 957 667 1000 communis
695 962 823 1010 atque
853 957 1023 1012 propria
1052 971 1143 998 esse
1174 956 1329 998 debere
1351 958 1567 1000 existima-

247 1021 330 1057 tur.
388 1015 504 1056 Hinc
536 1012 718 1067 denique
748 1013 874 1053 etiam
904 1016 955 1053 ea
984 1027 1077 1054 esse
1099 1012 1324 1065 iudicatur,
1354 1014 1408 1054 ad
1439 1029 1566 1068 quam

249 1070 443 1112 alendam
482 1075 526 1110 et
569 1067 839 1110 nutriendam
887 1068 1137 1123 disciplinae
1187 1075 1230 1109 et
1283 1070 1566 1112 institutionis

248 1127 444 1183 publicae
474 1125 583 1167 ratio
602 1125 807 1180 imprimis
828 1124 1150 1166 accommodata
1179 1139 1272 1166 esse
1303 1141 1352 1166 ac
1374 1133 1567 1181 spectare

249 1183 422 1235 debeat,
461 1180 589 1224 sicuti
628 1181 746 1222 Libr.
788 1181 822 1221 1.
862 1197 889 1236 p
943 1182 1037 1223 645.
1079 1180 1130 1222 C.
1169 1195 1262 1235 sqq⁶
1305 1181 1365 1222 ΙΙ.
1399 1198 1439 1237 p.
1471 1183 1565 1224 655.

250 1240 299 1281 B.
331 1238 381 1281 C.
420 1253 504 1280 non
545 1237 636 1279 sine
675 1248 827 1278 caussa
868 1236 1153 1281 admonemur.
1183 1237 1294 1279 conf.
1325 1236 1494 1279 Charm.
1525 1254 1566 1294 p.

257 1297 343 1338 171.
377 1300 420 1336 et
443 1293 543 1337 174.
576 1293 643 1334 De
674 1293 784 1347 Rep.
813 1293 894 1334 IV.
925 1309 966 1348 p.
995 1295 1092 1335 430.

361 1353 508 1405 Atque
547 1349 654 1391 haec
687 1348 857 1403 quidem
899 1348 950 1390 de
980 1348 1152 1390 virtutis
1183 1346 1377 1390 doctrina
1406 1349 1449 1390 in
1480 1350 1564 1391 Le-

249 1407 374 1464 gibus
406 1406 630 1462 explicata,
662 1420 789 1460 quam
818 1405 924 1447 satis
942 1420 1057 1446 nunc
1077 1419 1283 1460 apparere
1313 1405 1568 1447 arbitramur

248 1463 378 1505 talem
407 1478 517 1515 esse,
549 1467 597 1503 ut
624 1461 906 1517 philosophus
925 1476 1017 1502 eam
1037 1460 1345 1502 existimandus
1376 1462 1446 1514 sit,
1476 1458 1566 1504 ser-

250 1520 361 1562 vatis
403 1518 638 1562 subtilioris
675 1517 854 1559 rationis
894 1517 938 1558 in
984 1517 1078 1559 aliis
1127 1517 1297 1572 scriptis
1345 1518 1565 1573 expositae

250 1575 558 1628 fundamentis,
598 1573 723 1616 huius
762 1574 902 1629 operis
933 1580 1184 1629 argumento
1215 1578 1258 1614 et
1285 1574 1464 1616 consilio
1495 1589 1565 1616 ac-

248 1631 514 1674 commodate
551 1630 817 1686 populariter
853 1629 1101 1671 tractavisse
1139 1635 1181 1670 et
1217 1628 1431 1671 secundae
1462 1631 1565 1673 civi-

246 1688 348 1730 tatis
377 1702 479 1729 suae
509 1686 745 1728 rationibus
774 1685 1062 1740 adaptavisse.
1120 1685 1214 1727 Nec
1245 1701 1344 1726 vero
1369 1686 1457 1727 «iam
1489 1687 1565 1729 ob-

249 1759 420 1786 scurum
456 1745 546 1785 fore
582 1748 809 1798 putamus,
848 1741 1103 1795 quibusnam
1141 1741 1326 1782 civitatis
1370 1743 1564 1796 partibus

248 1801 330 1842 iam
370 1799 561 1855 singulas
603 1798 787 1839 virtutes
826 1797 1021 1853 proprias
1063 1810 1156 1838 esse
1195 1796 1391 1838 voluerit.
1449 1798 1563 1840 Nam

248 1856 498 1912 sapientiam
524 1853 710 1909 quidem,
742 1868 869 1908 quam
897 1853 942 1894 in
974 1853 1212 1909 Republica
1242 1853 1390 1895 tribuit
1420 1853 1560 1908 philo-

249 1913 397 1968 sophis
429 1910 771 1967 magistratibus,
805 1910 849 1951 in
880 1909 1047 1965 Legum
1085 1908 1204 1951 libris
1235 1909 1327 1950 sine
1357 1908 1487 1951 dubio
1517 1910 1560 1951 in

246 1969 414 2025 legibus
444 1966 615 2024 optimis
643 1967 782 2008 inesse
811 1967 962 2007 statuit
998 1971 1146 2021 utpote
1187 1966 1402 2021 perfectae
1431 1966 1563 2008 ratio-

246 2026 314 2067 nis
343 2025 527 2076 vicariis,
559 2021 903 2077 quandoquidem
933 2021 1002 2063 hic
1024 2021 1344 2077 magistratibus
1374 2021 1560 2077 pruden-

245 2081 347 2122 tiam
385 2077 677 2122 tantummodo
716 2078 884 2120 civilem
921 2077 1173 2132 adscripsit,
1204 2083 1251 2118 ut
1279 2090 1331 2118 ne
1362 2078 1559 2119 nocturni

248 2137 418 2191 quidem
461 2140 696 2178 conventus
743 2134 871 2177 sociis
914 2133 1134 2176 subtiliore
1178 2132 1404 2175 dialectica
1451 2134 1559 2189 o‘pus

247 2207 341 2235 esse
370 2193 612 2244 arbitretur,
637 2205 762 2245 quam
794 2205 901 2246 quae
930 2188 983 2231 ad
1011 2188 1214 2231 tuendam
1241 2189 1381 2245 legum
1411 2196 1559 2231 aucto-

247 2249 416 2290 ritatem
453 2255 495 2290 et
523 2246 851 2304 perpetuitatem
880 2252 923 2288 et
956 2244 1011 2286 ad
1051 2244 1396 2301 cognoscendum
1424 2246 1557 2287 totius
1602 2255 1605 2261 ·

248 2305 507 2359 reipublicae
542 2304 671 2345 finem
712 2303 758 2344 in·
785 2304 942 2345 virtute
971 2316 1021 2343 ac
1049 2301 1253 2343 felicitate
1280 2302 1464 2357 positum
1491 2317 1557 2343 re-

249 2361 455 2416 quiratur.
518 2359 587 2401 De
629 2373 794 2414 quo-v.
824 2359 942 2401 Libr.
970 2357 1004 2398 1.
1034 2372 1076 2411 p.
1107 2356 1283 2400 632.st
1313 2357 1386 2400 ubi
1415 2357 1558 2413 legum

249 2422 399 2459 auctor
430 2415 599 2458 iubetur
635 2420 850 2471 postremo
908 2415 1164 2456 constituere
1212 2412 1410 2469 φύλακας
1457 2413 1557 2462 tunic
1611 2457 1612 2472 ἢ

247 2476 327 2527 μὲν
373 2473 466 2515 διά
507 2469 846 2528 φρονήσεως,
885 2469 987 2519 τοὺς
1016 2472 1061 2511 δὲ
1090 2469 1156 2511 δι’
1189 2469 1442 2521 ἀληθοῦς
1470 2468 1555 2512 ‹56-
1609 2488 1612 2522 ς

248 2529 341 2582 ξης
378 2526 539 2577 ἰόντας.
613 2525 733 2568 Libr.
769 2527 876 2569 XII.
916 2543 956 2582 p.
997 2526 1092 2569 951.
1132 2525 1189 2566 D.
1227 2540 1323 2581 sqq.
1363 2527 1458 2567 960.
1502 2525 1555 2568 Β.
1608 2550 1612 2575 ,«

246 2586 343 2628 961.
371 2582 418 2626 C.
448 2598 541 2639 sqq.
569 2583 664 2625 964.
695 2583 750 2623 D.
781 2585 876 2627 965.
905 2583 957 2625 Β.
986 2596 1078 2636 sqq.
1109 2583 1201 2625 969.
1234 2582 1290 2624 D.
1308 2582 1443 2624 Porro
1471 2581 1555 2622 for·
1605 2606 1612 2684 ἦ]

1604 2685 1612 2720 {l

245 2639 471 2684 titudinem
499 2654 549 2682 ac
582 2640 908 2694 temperantiam
938 2637 1132 2681 omnibus
1159 2637 1324 2680 civibus
1343 2637 1435 2680 vult
1462 2651 1557 2680 esse
