1612 2872
241 89 395 131 XLIV
674 90 1147 133 PROLEGOMENA

241 203 333 242 Att.
381 201 440 242 ΙΙ.
479 203 541 244 18.
587 201 907 242 Athenaeus
951 200 1029 242 IV.
1078 205 1141 243 17.
1193 203 1389 245 Aelian.
1434 205 1558 247 Varr.

241 257 354 297 Hist.
396 257 478 301 ΠΙ.
512 259 602 309 17.,
641 262 750 298 teste
783 257 1018 312 Diogene
1045 259 1280 301 Laertio
1309 259 1426 302 Libr.
1460 261 1566 302 VII.

240 314 307 353 36.
344 313 454 354 inter
495 312 576 354 alia
610 318 785 366 septem
830 312 961 354 libros
1020 314 1260 369 composuit
1307 314 1417 370 πρὸς
1464 319 1567 365 τούς

242 367 481 416 Πλάτωνος
509 368 693 421 νόμους.
731 374 779 409 ut
808 382 887 409 nec
918 367 1076 411 Stoicis
1107 370 1340 425 quidquam
1368 371 1421 413 de
1445 371 1567 414 adul-

239 423 379 464 terina
415 423 558 477 operis
596 422 760 479 origine
799 423 1040 467 suboluisse
1091 425 1299 468 videatur.
1365 428 1434 469 Ac
1469 443 1566 483 pro-

242 480 396 520 barunt
431 478 538 520 illud
578 494 654 535 pro
693 480 880 535 genuino
901 481 1044 522 etiam
1084 482 1222 524 critici
1268 481 1565 537 Alexandrini,

241 534 368 575 sicuti
397 549 450 576 ex
479 535 707 577 Laertio
739 535 823 577 ΙΙΙ.
852 537 916 578 62.
949 538 1221 593 perspicuum
1251 537 1313 583 fit.
1372 537 1565 591 Quorum

239 589 443 631 iudicium
470 591 636 633 etiamsi
659 606 745 632 non
773 590 881 633 adeo
907 593 1052 648 magni
1079 592 1324 635 faciendum
1354 594 1564 648 videatur,

239 645 587 701 quandoquidem
654 647 716 704 illi
791 646 844 689 de
920 648 1014 691 aliis
1081 648 1335 704 quibusdam
1396 650 1567 706 scriptis

241 702 411 743 Platoni
443 702 572 758 vulgo
600 702 828 758 adscriptis
852 704 1028 747 mirifice
1054 704 1149 747 falsi
1179 711 1280 746 sunt
1309 711 1353 747 et
1380 706 1568 748 Alexan-

240 757 363 806 drina
409 765 550 800 aetate
586 765 698 800 teste
748 758 958 802 Galeno
1007 759 1063 802 ad
1106 760 1313 816 Hippocr.
1367 761 1436 803 De
1482 768 1566 804 nat.

240 813 422 855 hominis
453 814 487 857 Ι.
518 815 585 857 42.
616 814 790 857 fraudes
816 815 1045 858 litterariae
1075 817 1179 858 mire
1198 817 1385 872 grassari
1414 831 1491 859 coe
1549 841 1567 849 -

238 876 340 910 runt
379 871 448 924 (V.
487 868 698 912 Clerici
727 871 828 912 Act.
870 871 1018 915 Critic.
1059 872 1110 914 T.
1142 873 1201 914 ΙΙ.
1245 887 1287 928 p.
1326 874 1420 915 306.
1450 832 1565 915 Cffi.

241 925 370 966 Dan.
411 925 572 981 Beck.
632 927 701 968 De
740 926 978 984 philologia
1013 929 1174 970 saeculi
1210 927 1566 970 Ptolomaeorum.

240 982 362 1036 Lips.
406 983 524 1024 1815.
564 986 602 1024 4.
645 982 892 1038 Klippel:
961 984 1054 1025 Das
1085 983 1319 1026 Alexandr.
1351 985 1566 1026 Museum.

240 1036 437 1093 Gotting.
483 1039 601 1079 1838.
650 1038 885 1080 Ritschl:
952 1040 1037 1081 Die
1088 1039 1321 1082 Alexandr.
1359 1039 1565 1082 Biblioth.

238 1093 374 1135 Bresl.
421 1094 584 1147 1838.);
623 1100 765 1135 tamen
802 1095 876 1137 ubi
906 1096 1047 1151 agitur
1076 1094 1130 1136 de
1167 1096 1382 1137 volumine
1422 1102 1567 1138 tantae

239 1148 563 1206 magnitudinis,
593 1165 856 1206 magnopere
886 1167 1083 1193 veremur
1111 1167 1164 1193 ne
1196 1151 1363 1193 cautius
1401 1150 1455 1193 de
1484 1152 1567 1194 illis

238 1204 568 1247 existimandum
599 1206 668 1259 sit,
701 1207 953 1261 praesertim
984 1222 1115 1262 quum
1152 1205 1566 1263 Aristophanes

270 1262 542 1303 rammaticus
570 1261 887 1305 Alexandrinus
915 1269 1026 1305 teste
1052 1263 1303 1319 Diogene
1334 1263 1567 1305 Laertio

238 1276 325 1358 ill.
364 1318 402 1372 ξ.
441 1319 506 1358 61.
549 1319 614 1359 62.
682 1317 874 1360 Platonis
922 1319 1054 1362 libros
1092 1318 1327 1361 secundum
1374 1319 1567 1376 trilogias

239 1373 535 1428 descripserit:
583 1372 636 1414 de
677 1388 763 1428 qua
810 1374 1018 1416 divisione
1085 1390 1124 1418 v.
1172 1375 1299 1416 Prole
1333 1390 1374 1431 g.
1421 1382 1568 1416 nostra

239 1428 293 1470 ad
327 1429 436 1470 Plat.
478 1429 577 1471 Vol.
609 1429 645 1472 I.
674 1429 722 1471 P.
750 1430 785 1471 I.
817 1445 858 1485 p.
888 1430 1111 1472 XXXVI.
1142 1444 1239 1485 sqq.
1280 1391 1346 1472 ΒΞ.
1377 1434 1416 1472 4.
1476 1430 1567 1472 Iam

238 1500 341 1527 vero
378 1490 479 1541 post
514 1484 598 1527 hoc
634 1486 678 1527 in
707 1485 893 1527 medium
922 1486 1225 1542 producendus
1253 1492 1341 1539 est,
1383 1486 1456 1540 qui
1485 1486 1565 1528 etsi

237 1541 432 1597 longiore
478 1541 648 1590 demum
695 1542 900 1597 temporis
947 1543 1085 1597 spatio
1135 1542 1360 1584 interiecto
1405 1541 1564 1595 floruit,

237 1603 382 1639 tamen
437 1597 561 1639 testis
611 1603 679 1639 est.
732 1599 902 1640 minime
957 1598 1317 1651 contemnendus,
1373 1597 1566 1652 quando·

238 1652 410 1707 quidem
457 1653 510 1695 iis
568 1653 725 1708 polluit
769 1654 990 1696 doctrinae
1062 1654 1238 1709 opibus,
1302 1653 1415 1695 unde
1455 1652 1566 1695 iudi-

238 1709 351 1750 cium
398 1708 451 1750 de
489 1709 695 1764 pristinae
742 1711 895 1752 aetatis
944 1710 1144 1766 operibus
1192 1724 1424 1764 eorumque
1469 1724 1565 1763 pre·

239 1765 300 1806 tio
331 1771 373 1806 et
402 1765 610 1821 dignitate
639 1766 766 1808 facile
795 1771 987 1822 repetere
1022 1771 1182 1821 posset,
1214 1765 1469 1807 Ciceronem
1499 1764 1565 1806 di-

238 1821 387 1863 cimus.
456 1822 500 1863 Is
541 1822 653 1863 enim
691 1837 778 1865 non
824 1837 987 1878 paucos
1026 1822 1196 1878 Legum
1232 1821 1350 1863 locos
1390 1820 1457 1862 vel
1495 1835 1566 1862 ex-

239 1877 400 1931 cerpsit
439 1883 480 1918 et
518 1877 824 1933 interpretatus
866 1879 1020 1920 Latine
1061 1885 1125 1920 est
1152 1877 1219 1919 vel
1250 1877 1378 1918 etiam
1406 1876 1568 1918 taxavit

240 1940 283 1974 et
319 1933 529 1988 respexit,
569 1948 620 1975 eo
652 1933 822 1988 quidem
850 1934 1000 1976 modo.
1038 1940 1087 1975 ut
1116 1948 1211 1975 sese
1239 1933 1462 1974 Platonem
1493 1947 1566 1973 au—

239 1995 400 2030 ctorem
438 1990 582 2044 operis
621 1996 771 2044 putare
811 1989 969 2032 diserte
1005 1990 1204 2044 clareque
1240 1989 1458 2044 professus
1496 1988 1565 2029 sit.

240 2044 382 2097 Quam
418 2045 463 2086 in
494 2060 602 2098 rem,
644 2052 692 2087 ut
729 2060 868 2101 pauca
910 2046 964 2087 de
1001 2046 1145 2087 multis
1176 2057 1565 2096 commemoremus,

238 2100 435 2142 laudasse
473 2101 661 2143 sufficiet
697 2102 837 2158 Legg.
876 2102 911 2143 1.
953 2105 1000 2155 5,
1044 2104 1107 2144 15.
1148 2100 1207 2140 II.
1249 2101 1289 2153 6,
1323 2102 1387 2142 14.
1418 2100 1491 2141 ubi
1520 2114 1566 2140 se

239 2156 553 2210 prooemiorum
585 2158 765 2214 singulis
783 2158 954 2214 legibus·
982 2172 1007 2198 a
1034 2157 1213 2198 Platone
1239 2155 1566 2210 praemissorum

239 2211 426 2253 rationes
464 2212 590 2267 plane
627 2214 811 2268 pro-bare
849 2213 1020 2264 scribit3
1061 2213 1179 2254 Libr.
1201 2211 1286 2253 111.
1320 2213 1369 2263 2,
1418 2213 1480 2252 13.
1523 2216 1567 2251 et

244 2270 308 2308 14.
339 2267 424 2308 III.
468 2270 507 2321 2,
549 2270 587 2309 5.
625 2269 669 2310 in
706 2269 930 2312 condendo
969 2269 1137 2325 Legum
1176 2282 1303 2322 opere
1344 2266 1564 2308 Platonem

241 2339 292 2366 eo
322 2338 417 2365 esse
444 2323 679 2378 imitatum,
721 2325 836 2379 quod
885 2339 1050 2367 omnem
1092 2323 1329 2365 orationem
1368 2321 1420 2364 de
1459 2322 1564 2378 legi-

240 2380 320 2421 bus
349 2395 435 2429 uno
457 2379 524 2421 die
545 2381 707 2422 aestivo
744 2381 892 2423 haberi
909 2380 1099 2430 iusserit3
1130 2379 1199 2420 De
1233 2379 1427 2420 Divinat.
1458 2377 1493 2418 I.
1532 2380 1566 2418 l.

239 2435 309 2476 De
347 2435 449 2479 Nat.
489 2436 618 2478 Deor.
658 2436 694 2479 I.
739 2439 800 2479 1⁶2.
832 2437 926 2479 Nec
959 2451 1061 2478 vero
1089 2435 1210 2477 nihili
1239 2433 1437 2475 facienda
1466 2440 1567 2475 sunt

241 2505 351 2545 quae
380 2498 616 2534 memorant
645 2491 843 2534 Strabo
874 2493 932 2534 X.
962 2494 1003 2534 4.
1034 2507 1075 2546 p.
1103 2492 1199 2532 477.
1229 2490 1358 2532 XIV.
1398 2506 1438 2546 p.
1471 2490 1564 2530 943.

204 2568 206 2570 ’
242 2547 559 2589 Athenaeus
608 2547 691 2589 XI.
751 2551 815 2591 15.
866 2565 907 2604 p.
951 2549 1044 2590 504.
1084 2546 1137 2588 E.
1179 2547 1273 2588 505.
1313 2546 1368 2587 A.
1437 2545 1563 2586 Plu-

241 2603 469 2646 tarchus
500 2602 676 2657 Qua-est.
708 2603 874 2646 Platon.
899 2604 982 2649 III.
1007 2605 1043 2644 ‘2.
1078 2603 1144 2644 De
1165 2617 1294 2644 amor.
1327 2601 1499 2643 fratem.
1529 2614 1565 2641 c.
