1612 2872
461 62 544 104 DE
576 59 854 104 LEGIBUS
885 67 966 104 etc.
1284 60 1398 104 LIX

35 173 350 232 perissologiae
390 174 588 231 exempla
635 174 844 231 plurima3
904 179 1129 230 postremo
1182 174 1395 216 orationis

36 233 177 274 forma
205 246 255 273 ac
283 231 453 287 species
482 231 572 273 tere
593 246 660 286 ea,
693 231 964 288 quaeprimo
996 230 1149 274 saltem
1179 230 1395 287 adspectu

0 322 1 345 2
37 288 328 345 suspicionem
358 294 533 330 moveat
571 303 670 331 esse
701 289 745 331 in
774 288 842 331 his
873 288 1010 342 libris,
1042 288 1079 329 si
1111 304 1198 330 non
1231 289 1392 342 omnia,

36 352 82 387 at
119 352 236 388 certe
274 345 461 402 plurima
499 352 661 387 temere
693 345 966 400 perturbata,
1011 344 1139 388 foede
1171 351 1393 401 corrupta,

36 402 226 457 denique
257 403 414 445 misere
445 401 697 457 depravata.

147 460 274 502 Haec
313 460 447 516 igitur
485 465 590 501 sunt
617 459 733 512 fere,
778 473 890 514 quae
919 459 1046 502 nobis
1079 460 1251 516 Legum
1282 472 1394 514 opus

34 517 323 559 tractantibus
359 525 567 570 tanquam
599 522 755 571 sponte
786 522 1018 558 occurrant
1046 516 1183 558 veluti
1214 516 1322 558 mira
1353 520 1398 556 et

34 572 281 615 insolentia.
340 575 489 628 Atque
518 572 628 614 haec
658 572 756 628 ipsa
786 572 916 619 etiam
947 573 1124 615 fuerunt
1154 573 1244 627 illa,
1277 586 1391 627 quae

34 636 185 673 nostra
229 635 372 672 aetate
402 629 601 683 criticos,
646 644 757 683 quos
798 628 929 671 modo
969 630 1320 683 nominavimus,
1350 629 1398 671 in

34 701 129 728 eam
166 685 447 729 deduxerunt
485 687 762 740 sententiam,
794 692 844 728 ut
874 701 963 728 non
994 685 1126 728 modo
1161 686 1217 728 de
1248 686 1396 742 operis

33 743 283 800 integritate
314 759 365 786 ac
394 743 645 786 sinceritate
676 742 956 798 dubitarent,
998 758 1148 786 verum
1181 744 1313 785 etiam
1343 742 1398 784 de

34 800 128 844 eius
167 801 334 858 origine
373 800 601 844 Platonica
641 806 788 843 actum
811 805 926 843 'esse
957 801 1136 856 penitus
1180 801 1266 844 sibi
1297 815 1397 856 per-

35 857 282 901 suaderent.

146 914 305 970 Itaque
344 914 453 957 haec
487 930 621 970 quum
650 914 713 956 ita
742 930 839 958 sese
870 913 1074 969 habeant,
1109 930 1198 956 non
1228 911 1395 955 medio-

33 986 149 1014 crem
180 987 275 1015 esse
305 972 576 1027 quaestionis
607 971 662 1014 de
695 971 765 1014 his
793 972 926 1015 rebus
955 971 1250 1014 instituendae
1282 969 1396 1012 diffi-

34 1028 263 1082 cultatem,
303 1029 378 1071 vix
417 1035 485 1072 est
523 1028 642 1084 quod
681 1043 958 1081 moneamus3
1001 1035 1155 1084 estque
1204 1043 1256 1070 ea
1293 1043 1395 1084 pro-

34 1085 151 1128 fecto
181 1092 301 1128 tanto
334 1087 484 1140 maior,
517 1085 636 1141 quod
657 1086 934 1142 antiquitatis
955 1086 1230 1139 testimonia,
1263 1084 1396 1134 sicuti

34 1158 88 1185 ex
117 1143 422 1198 superioribus
453 1144 735 1199 perspicuum
765 1150 856 1198 est,
898 1141 1084 1186 adversa
1114 1144 1260 1185 fronte
1293 1157 1395 1184 cum

33 1200 303 1257 argumentis
345 1200 430 1244 illis
471 1206 698 1258 pugnant,
749 1216 862 1256 quae
898 1206 1052 1245 contra
1083 1216 1109 1242 o
1144 1199 1230 1242 eris
1260 1198 1395 1241 fidem

34 1263 79 1299 et
117 1257 423 1301 auctoritatem
462 1273 517 1300 ex
554 1257 691 1314 ipsius
723 1264 1006 1314 argumento,
1048 1216 1198 1300 intfole
1240 1262 1285 1298 et
1324 1270 1394 1297 ra-

33 1314 152 1356 tione
182 1314 368 1370 repetita
397 1320 514 1358 sunt.
581 1314 703 1368 Quid
731 1315 866 1371 igitur
898 1315 943 1356 in
967 1329 1123 1360 caussa
1153 1320 1243 1356 tam
1273 1313 1394 1355 anci-

33 1371 115 1427 piti
152 1370 400 1415 faciendum
439 1371 718 1428 putabimus?
786 1371 908 1414 Num
948 1371 1209 1414 accedemus
1251 1370 1394 1412 conti-

33 1443 120 1470 nuo
159 1429 396 1471 sententiae
427 1444 602 1482 eorum,
641 1429 718 1484 qui
759 1429 1030 1486 argumentis
1060 1428 1153 1471 suis
1185 1433 1230 1470 et
1258 1427 1395 1469 ratio-

33 1485 328 1528 cinationibus
374 1486 582 1529 commoti
631 1485 713 1529 hos
770 1486 906 1529 libros
960 1485 1136 1528 Platoni
1195 1491 1394 1541 ereptum

33 1542 233 1584 iverunt?
264 1558 334 1595 an,
366 1542 433 1585 his
464 1543 692 1600 neglectis,
723 1558 864 1598 usque
894 1550 1074 1585 tenaces
1107 1543 1268 1585 erimus
1301 1541 1390 1598 pri-

33 1599 174 1642 stinae
211 1600 430 1654 opinionis
469 1606 603 1655 atque
641 1600 838 1656 plurimis
881 1600 1157 1656 antiquitatis
1189 1599 1393 1641 testimo-

33 1656 121 1698 niis
149 1657 460 1700 confirmatae?
533 1658 752 1700 Nimirum
797 1672 879 1700 nos
911 1657 1089 1712 quidem
1123 1656 1170 1698 in
1202 1671 1249 1698 re
1280 1654 1392 1698 adeo

34 1713 168 1756 dubia
207 1720 252 1756 et
294 1721 576 1757 controversa
615 1721 815 1757 neutrum
856 1715 1000 1757 facere
1031 1713 1281 1756 consultum
1311 1711 1392 1754 du-

32 1770 188 1813 ximus.
257 1769 576 1815 Constituimus
624 1772 769 1828 potius
819 1771 938 1828 apud
989 1773 1204 1824 animum,
1252 1775 1392 1812 totam

32 1841 230 1870 caussam
274 1827 418 1871 denuo
462 1843 753 1887 cognoscere,
805 1835 850 1871 et
891 1827 1146 1885 ponderatis
1183 1827 1392 1880 utrinque

33 1883 251 1926 rationum
279 1886 512 1928 momentis
543 1886 788 1940 exquirere,
822 1885 928 1940 quid
950 1900 1031 1940 pro
1061 1900 1166 1927 vero
1196 1884 1390 1939 proban-

33 1939 152 1993 dum,
194 1940 301 1995 quid
341 1948 550 1996 tanquam
579 1941 736 1984 falsum
767 1941 1052 1984 reiiciendum
1085 1941 1156 1983 sit.
1218 1940 1274 1982 In
1305 1954 1395 1995 qua

33 1997 290 2052 quaestione
331 1998 368 2040 si
398 1999 460 2040 ita
491 1999 682 2052 eveniet,
725 2005 773 2040 ut
802 1999 1030 2055 pristinam
1061 1997 1207 2054 operis
1241 2003 1392 2039 aucto-

32 2055 206 2097 ritatem
247 2054 436 2110 denique
475 2069 729 2099 censeamus
771 2056 1026 2110 nentiquam
1067 2069 1163 2097 esse
1206 2067 1392 2096 concus-

33 2125 124 2158 sam
154 2117 230 2155 aut
256 2111 578 2167 labefactatam,
620 2112 698 2155 sed
729 2119 845 2155 stare
877 2111 1024 2155 adhuc
1055 2112 1220 2155 salvam
1251 2116 1295 2153 et
1325 2110 1393 2152 in-

34 2168 260 2223 columem,
291 2170 484 2212 futurum
515 2185 610 2212 esse
641 2184 886 2226 speramus,
917 2174 968 2210 ut
993 2168 1039 2210 id
1062 2184 1150 2211 non
1183 2167 1240 2211 ob
1264 2182 1391 2223 prae-

33 2223 269 2267 indicatam
309 2226 497 2281 aliquam
538 2243 562 2269 o
597 2226 787 2268 inionem
826 2233 903 2268 aut
931 2226 1035 2268 anili
1068 2225 1392 2282 'superstitione

35 2282 219 2337 permoti
241 2282 412 2337 fecisse,
444 2283 522 2326 sed
584 2283 830 2340 iligentiore
861 2298 1005 2326 rerum
1035 2281 1390 2326 consideratione

33 2337 90 2380 ad
121 2354 216 2382 eam
246 2341 505 2384 sententiam
537 2341 740 2398 perducti
770 2355 865 2384 esse
895 2340 1138 2384 videamur.
