1612 2872
201 120 284 163 DE
319 116 591 161 LEGIBUS
626 114 742 157 Llss.
778 113 836 157 11.
868 113 918 154 P.
949 113 1043 153 (353.
1077 110 1142 153 St.

1298 109 1373 150 147

35 259 113 285 τον
149 243 298 289 παισὶν
334 237 509 293 ἀρετήν,
546 232 684 288 ἡδονὴ
728 231 782 286 δὴ
817 234 888 276 καὶ
913 234 1038 291 φιλία
1062 231 1134 273 καὶ
1165 225 1281 280 λύπη
1303 228 1376 270 καὶ

35 318 162 363 μῖσος
196 305 254 350 ἂν
288 306 444 363 ὀρθῶς
478 310 524 348 ὲν
563 310 728 362 ψυχαῖς
770 305 1051 354 ἐγγίγνωνται
1085 295 1212 354 μήπω
1247 297 1376 338 δυνα-

33 382 172 432 μένων
205 373 322 429 λόγῳ
359 371 616 428 λαμβάνειν,
653 367 885 424 λαβόντων
921 369 965 410 δὲ
1002 364 1080 409 τὸν
1101 363 1248 420 λόγον,
1273 378 1379 419 συμ-

125 551 262 595 ἠδονὴ
298 549 346 591 δὴ
375 551 443 582 καὶ
477 549 636 590 gollim]
676 545 782 589 ἡδονή
816 543 856 588 δὴ
893 557 922 577 κ,
950 544 1041 577 Α.Β.
1059 540 1382 578 Ω.ν.1”.11.1·.11.ο.δ.

38 600 147 641 Vulgo
171 600 207 631 δὲ
231 597 397 631 scribitur.
437 596 507 627 Sed
535 595 600 626 vid.
628 595 842 636 interpretat.
868 598 1035 625 nostram.

127 644 238 687 λόγω
273 642 531 684 λαμβάνειν]
567 641 602 671 ἐν
627 638 717 682 λόγῳ
750 650 775 671 r.
814 639 940 670 Euseb.
969 638 1095 679 l'raep.
1124 637 1184 669 Er.
1212 636 1296 669 XII.
1323 634 1379 670 18.

36 704 66 735 p.
93 692 172 726 592.
207 681 245 723 A.
278 688 403 731 λόγον,
441 690 608 730 probante
631 685 809 719 Boeckhio
837 685 945 718 Astio.
979 684 1098 718 Herm.
1133 682 1194 715 sed
1228 693 1258 714 v.
1285 692 1380 715 com-

37 744 139 771 ment.
167 748 267 779 exeg.

38 898 152 942 potius
178 894 302 937 αὐτό,
330 896 402 927 sive
427 892 465 926 τό
496 893 615 937 ὀρθῶς
639 893 673 925 ὲν

38 947 162 987 ψυχαῖς
196 943 415 985 ἐγγίγνεσθαι
453 939 580 982 ἡδονὴν
617 940 674 972 καὶ

39 991 156 1033 φιλίην
192 988 286 1028 κιλ.,
323 987 358 1019 id
398 988 491 1028 quod
522 997 582 1029 per
620 988 672 1018 lo-

39 1035 163 1079 quendi
188 1032 469 1067 consuetudinem
503 1043 586 1065 sane
618 1043 672 1064 re-

40 1082 189 1115 ctissime
212 1081 283 1113 fieri
312 1084 442 1121 potest,
471 1080 543 1111 iure
573 1079 672 1111 meri-

39 1134 142 1170 toque
172 1126 255 1160 illud
275 1127 387 1158 iocum
405 1136 503 1158 suum
521 1125 584 1157 sibi
601 1130 673 1156 tue-

40 1175 140 1207 bitur.
192 1177 235 1205 At
259 1182 359 1208 vero,
393 1171 518 1204 dixerit
541 1171 676 1212 aliquis,

41 1222 85 1254 ita
102 1225 216 1253 tamen
232 1228 395 1260 perquam
420 1219 601 1250 molestum
621 1227 675 1249 ac-

42 1267 126 1298 cidit
157 1264 249 1308 quod
281 1265 440 1296 continuo
462 1264 677 1306 subiungitur

42 1311 149 1345 istud:
177 1308 350 1352 λαβόντων
373 1311 408 1341 δὲ
432 1308 508 1342 τᾶν
532 1309 673 1351 λόγον,

42 1358 163 1401 quibus
182 1357 297 1390 verbis
314 1356 528 1389 manifestum
549 1361 601 1389 est
619 1365 676 1388 an-

43 1409 238 1447 tegressum
271 1401 359 1445 λόγῳ
391 1401 575 1445 λαμβάνειν
612 1402 679 1434 ite-

42 1449 120 1483 rari.
168 1449 282 1482 Recte
305 1458 386 1481 vero
410 1449 501 1481 istud
527 1447 678 1490 quidem.

42 1497 276 1529 Veruntamen
296 1493 416 1527 exinde
433 1494 580 1527 nondum
598 1504 680 1526 con-

44 1542 215 1584 sequitur,
240 1541 312 1574 fieri
337 1551 403 1573 non
432 1541 607 1583 potuisse,
643 1543 681 1572 ut

43 1588 189 1630 scriptor
213 1587 396 1620 dictionem
433 1587 596 1629 deinceps
622 1596 679 1618 va-

43 1635 158 1667 riaret.
187 1633 260 1666 lmo
292 1632 375 1665 fecit
399 1633 464 1666 hoc
489 1632 680 1665 rectissime

43 1684 146 1722 atque
170 1679 299 1713 caussis
319 1680 401 1711 satis
425 1679 568 1712 idoneis.
593 1678 677 1711 Nam

43 1726 187 1770 primum
214 1725 352 1768 quidem
376 1735 477 1768 quum
494 1725 604 1758 denuo
622 1724 681 1756 da-

44 1774 147 1805 tivum
191 1777 285 1804 esset
325 1772 559 1811 subiecturus,
597 1781 678 1814 pru-

44 1818 242 1852 dentissime
278 1818 436 1850 iteratum
470 1817 560 1850 istud
592 1815 680 1858 λόγῳ

46 1864 199 1898 evitavit.
218 1863 350 1896 Deinde
366 1862 457 1905 quod
475 1874 563 1895 inune
577 1863 681 1895 dixit:

46 1908 219 1952 λαβόντων
251 1909 284 1940 δὲ
309 1907 371 1940 τὸν
396 1907 518 1951 λόγον,
553 1909 680 1951 signifi-

46 1960 144 1989 catur
160 1966 199 1988 ea
225 1955 370 1987 formula
394 1954 554 1995 loquendi
579 1954 680 1986 etiam

47 2001 136 2036 aliud
161 2000 254 2043 quid,
280 2011 379 2042 quam
406 2006 607 2042 antegresso
623 1997 682 2031 λα’-

45 2061 94 2091 γῳ
125 2046 319 2090 λαμβάνειν.
367 2046 452 2080 Nam
486 2048 551 2078 τὸν
582 2043 684 2087 λόγον

46 2096 171 2138 λαβεῖν,
198 2092 316 2127 addito
342 2093 496 2132 articulo,
523 2102 610 2124 nunc
631 2091 683 2123 di-

49 2145 188 2180 cuntur,
213 2139 269 2182 qui
295 2139 498 2172 rationem
524 2138 573 2171 ad
601 2139 683 2171 ista

50 2190 170 2219 recte
204 2184 448 2218 iudicanda
482 2195 682 2218 necessa-

51 2233 154 2265 riam
202 2231 347 2272 adepti
396 2235 506 2266 sunt.
563 2231 685 2272 Itaque

50 2287 171 2311 caussa
196 2281 317 2319 aperta
340 2282 412 2317 est,
437 2287 497 2309 cur
521 2275 684 2319 loquendi

50 2325 138 2357 ratio
164 2323 208 2356 sit
232 2327 371 2356 mutata.
397 2323 469 2356 Iam
489 2333 571 2356 vero
596 2322 685 2356 idem

52 2380 178 2402 nomen
204 2379 279 2401 cum
311 2369 341 2400 vi
366 2370 532 2411 repetitur
555 2370 588 2402 in
616 2368 686 2403 his:

56 2413 302 2457 συμφωνήσωσι
325 2417 372 2458 τῷ
395 2414 505 2458 λόγῳ,
538 2415 573 2447 si
599 2425 686 2447 cnm

54 2461 222 2493 ratione
247 2462 546 2505 consentiant,
578 2470 688 2502 neque

56 2506 129 2539 eius
154 2506 301 2548 imperio
324 2516 365 2539 ac
379 2507 510 2549 legibus
525 2507 687 2540 officiant.

57 2552 160 2589 Quod
196 2553 308 2594 ipsum
343 2562 476 2595 quoque
513 2558 566 2586 est
598 2554 686 2586 eius-

56 2597 168 2639 modi,
203 2603 242 2631 ut
272 2598 313 2630 ad
346 2593 469 2631 veteri's
500 2599 689 2642 scripturae

57 2644 296 2677 auctoritatem
338 2644 567 2678 infirmandam
608 2644 687 2678 1111111

57 2690 232 2732 quidquam
242 2690 363 2723 valeat.
382 2689 499 2733 ltaque
513 2690 596 2724 haec
612 2692 686 2733 qui-

59 2733 134 2768 dem
175 2736 327 2769 videmur
368 2736 436 2768 isto
469 2736 572 2770 modo
606 2737 689 2770 satis

742 891 975 934 expedivisse‚
1002 895 1038 923 ut
1065 892 1152 924 uuila
1169 891 1314 934 amplius
1333 891 1385 924 lo·

744 949 818 970 cum
847 938 972 970 habeat
998 938 1176 970 dubitatio.
1208 939 1385 980 i‘ergimus

743 984 784 1017 ad
811 985 901 1017 aliud
925 983 1016 1025 quid.
1047 985 1200 1017 Dubitari
1229 986 1317 1017 enim
1346 984 1384 1016 ii-

743 1034 799 1063 cet
834 1029 877 1061 de
911 1030 1086 1070 subiecto,
1121 1030 1213 1072 quod
1247 1029 1292 1063 ad
1324 1029 1383 1061 λα-

742 1076 877 1118 βόντων
917 1080 952 1109 et
995 1076 1245 1118 συμφωνήσωσι
1281 1076 1385 1118 perti-

742 1127 833 1156 neat.
861 1123 910 1155 De
922 1122 1131 1164 quaquidem
1145 1133 1181 1155 re
1198 1123 1244 1156 ita
1263 1122 1384 1155 statui-

745 1173 869 1206 mus‚ut
879 1169 920 1200 ad
934 1165 1387 1211 aassdn'mputemusintel-

744 1216 800 1257 ligi
812 1210 936 1255 αὐτῶν,
947 1216 966 1247 i.
980 1225 1008 1247 e.
1020 1216 1086 1247 τῶν
1095 1214 1236 1254 παίδων,
1248 1215 1289 1248 ad
1301 1225 1385 1255 συμ-

746 1261 935 1303 φωνήσωσι
961 1266 1076 1295 autem
1101 1272 1167 1294 uon
1182 1272 1266 1311 5pum
1287 1262 1385 1294 Boe-

745 1307 876 1340 ckhio
903 1313 937 1340 et
951 1307 1078 1341 Astio
1094 1308 1128 1338 οἱ
1143 1308 1264 1344 παῖδες
1286 1318 1384 1341 assu·

748 1364 898 1393 mamus,
915 1354 975 1386 sed
998 1358 1190 1396 repetamus
1204 1355 1385 1398 superiora

746 1401 825 1433 illa:
858 1398 962 1441 ἡδονή
998 1400 1055 1431 καὶ
1087 1401 1185 1442 φιλία
1214 1401 1271 1432 καὶ
1294 1399 1386 1442 λύπη

747 1446 939 1489 καὺμῖσος.
989 1446 1030 1478 Id
1057 1447 1146 1479 enim
1175 1447 1282 1490 ipsius
1308 1457 1386 1480 seu-

749 1493 876 1525 tentiae
901 1493 1051 1526 rationes
1080 1492 1239 1526 videntur
1264 1498 1386 1536 postu-

749 1541 827 1572 lare.
870 1539 939 1571 Sed
966 1548 1053 1571 nova
1078 1538 1248 1572 dubitatio
1273 1540 1387 1572 nasci-

748 1591 804 1617 tur
817 1585 860 1618 de
879 1585 1005 1618 verbis:
1029 1583 1148 1627 ἆρθῶς
1164 1585 1387 1618 εἰθίσθαι-

748 1632 850 1663 ἐθῶν.
892 1631 998 1664 Venit
1022 1631 1206 1672 aliquando
1231 1633 1266 1665 in
1290 1642 1387 1665 men-

749 1682 817 1710 tem
845 1678 1038 1720 corrigere:
1066 1676 1318 1720 ουμφωνῆσωοι
1340 1681 1387 1723 τῷ

748 1721 836 1766 λόγῳ
868 1723 917 1768 τῷ
951 1721 1072 1767 ὀρθῶς
1103 1723 1268 1757 εἰθίσθαι
1298 1726 1322 1758 i.
1356 1735 1386 1758 e.

748 1780 796 1802 eo
827 1770 941 1812 quod
973 1770 1256 1803 cousuesacti
1290 1771 1385 1804 sint.

746 1814 818 1848 Nec
841 1820 956 1848 tamen
981 1825 1068 1856 opus
1086 1820 1141 1850 est
1158 1818 1387 1851 correctione.

746 1859 835 1894 Nam
855 1860 973 1904 ὀρθῶς
990 1862 1156 1894 εἰθίσθαι
1169 1862 1298 1904 pendet
1315 1864 1391 1896 sine

748 1907 850 1938 dubio
864 1917 905 1940 ex
916 1912 1118 1949 antegresso
1129 1909 1222 1950 λέγω,
1232 1909 1323 1950 quod
1336 1909 1389 1941 hic

750 1951 838 1994 apud
874 1954 1022 1985 animum
1057 1958 1110 1986 est
1150 1954 1388 1994 repetendum.

750 1999 923 2031 Quocirca
952 1999 1114 2032 librorum
1145 2000 1294 2033 lectione
1318 2003 1387 2035 uti·

750 2054 815 2085 que
831 2049 883 2076 est
895 2045 1194 2086 acquiescendum.
1229 2046 1299 2079 Sed
1318 2048 1391 2080 ion-

751 2100 794 2131 ge
838 2090 939 2123 aliter
981 2091 1205 2124 statuendum
1248 2097 1302 2125 est
1347 2092 1390 2125 de

751 2135 926 2178 proximis,
974 2135 1058 2169 Nam
1091 2137 1170 2171 inde
1207 2137 1249 2170 ab
1280 2138 1391 2181 αὐτῆς

750 2180 787 2213 θ’
815 2181 832 2222 ἡ
859 2182 1036 2226 ξυμφωνία
1065 2184 1136 2216 κτλ.
1161 2194 1262 2226 quum
1290 2195 1390 2218 exor-

751 2227 862 2260 diatur
891 2238 978 2261 nova
1009 2231 1197 2272 sententia,
1232 2235 1387 2272 apertum

752 2284 829 2307 esse
866 2274 993 2315 debet,
1030 2275 1121 2308 istud
1162 2273 1208 2309 θ’
1243 2277 1287 2310 ab
1325 2276 1390 2310 hoc

753 2321 830 2353 ioco
861 2321 1008 2353 alienum
1039 2331 1126 2355 esse.
1178 2322 1259 2356 Huc
1287 2333 1389 2357 acce-

755 2366 828 2408 dit,
861 2366 953 2408 quod
986 2376 1048 2400 nec
1081 2363 1190 2410 αὐτῆς
1222 2369 1387 2413 integrum

755 2412 899 2445 videtur.
928 2413 1060 2447 Etenim
1089 2413 1244 2448 dolorum
1268 2421 1303 2449 et
1327 2426 1388 2448 vo-

754 2460 920 2501 luptatum
943 2459 1094 2502 itemque
1107 2461 1209 2494 animi
1231 2462 1387 2495 affectio—

754 2514 833 2537 num
857 2506 1061 2547 reliquarum
1098 2509 1280 2541 consensio
1310 2519 1388 2543 cum

754 2551 889 2585 ratione
919 2550 1111 2594 neutiquam
1142 2564 1222 2596 pars
1258 2554 1389 2588 iudica-

754 2602 808 2632 tur
833 2608 910 2631 esse
939 2598 1001 2639 τῆς
1024 2598 1201 2640 παιδείας,
1237 2601 1298 2634 sed
1327 2611 1390 2644 po-

755 2644 822 2676 tius
853 2645 961 2677 virtus
990 2644 1033 2676 nb
1065 2645 1276 2680 educationis
1315 2651 1390 2679 tan-

755 2699 853 2731 quam
886 2690 1016 2723 ditione
1039 2691 1193 2725 seiuncta
1223 2703 1263 2726 ac
1291 2703 1390 2735 sepa-

755 2740 837 2771 rata.
885 2736 1057 2771 Quocirca
1089 2738 1308 2772 manifestum
1337 2742 1390 2771 est

961 2793 1122 2838 ⁴10*
