1612 2872
238 79 319 121 DE
355 77 630 120 LEGIBUS
664 75 780 118 [ΑΒ.
814 73 898 116 111.
932 74 977 115 P.
1009 75 1104 116 700.
1139 71 1202 116 St.

1322 74 1403 117 353

55 194 107 252 ἦν
149 198 262 249 εἶδος
305 198 423 252 ᾠδῆς
469 198 592 252 εὐχαὶ
632 194 742 250 πρὸς
792 193 947 244 θεούς,
995 188 1139 247 ὄνομα
1185 194 1231 235 δὲ
1271 189 1401 246 ὕμνοι

51 268 349 311 ἐπεκαλοῦντο
370 282 377 290 ’

424 269 496 309 καὶ
546 262 688 317 τούτῳ
735 263 788 313 δὴ
839 261 887 306 τὸ
937 263 1140 304 ἐναντίον
1183 252 1246 313 ἦνι
1286 258 1404 314 ᾠδῆς

51 339 201 389 ἕτερον
245 333 382 384 εἶδος,
429 333 634 387 θρήνους
685 336 729 372 ὁὶ
784 346 850 379 τις
893 326 952 371 ἂν
999 323 1166 376 αὐτοὺς
1209 327 1401 382 μαλιστα

51 401 248 445 ἐκάλεσε·
285 403 358 443 καὶ
395 404 582 450 παίωνες
616 402 792 454 ἕτερον,
829 398 899 439 καὶ
943 392 1054 438 ἄλλο
1092 394 1304 439 Διονύσου
1336 399 1402 447 γέ-

51 485 180 526 νεσις,
218 467 368 523 οἶμαι,
403 466 691 522 διθύραμβος
725 462 972 520 λεγόμενος.
1011 461 1179 518 νόμους
1207 479 1252 506 τε
1289 460 1402 506 αὐτὸ

51 538 189 580 τοῦτο
225 533 410 591 τοῦνομ’
456 534 668 583 ἐκάλουν,
703 530 824 588 ᾠδὴν
868 528 927 582 ὥς
963 547 1064 573 τινα
1100 533 1274 587 ἑτέραν·
1312 533 1406 573 ἐπ’ἐ-

52 607 184 659 λεγον
241 606 286 646 δὲ
333 599 682 657 κιθαρῳδικούς.
728 599 898 642 τούτων

956 596 1005 649 δὴ
1056 598 1405 653 διατεταγμένων

144 734 188 766 Β.
237 734 304 765 καὶ
331 731 468 777 τούτῳ
494 732 542 775 δὴ
569 730 611 764 τὸ
641 729 858 772 ἐναντίον]
886 731 987 761 τοῦτο
1019 728 1055 760 Ω.
1080 740 1134 770 ’.ιρ
1162 729 1287 769 ΒΘΗ(Ἷ
1315 729 1351 762 Ξ
1374 742 1404 760 v.

52 782 77 812 f.
101 781 135 813 h.
161 791 189 812 r.
215 790 247 812 a.
273 790 302 812 c.
328 779 357 812 δ.
382 791 413 813 ο.
461 780 547 812 Mox
573 777 715 811 παιᾶνες
741 777 816 810 Vat.
845 787 871 808 r.

53 893 518 936 p.451.A.1³01iti0.p
549 892 629 926 277.
656 891 697 923 B.

54 941 113 973 ubi
143 950 177 972 ν.
203 949 286 973 ann.

100 983 335 1029 διῃρημένη
383 986 460 1027 γὰρ
505 980 576 1026 δὴ
604 980 699 1014 τότε

54 1043 106 1075 ην
140 1032 195 1076 -]
225 1032 410 1064 Discretae
435 1035 554 1069 erant,
571 1030 700 1072 inquit,

54 1082 170 1111 certae
194 1079 367 1120 quaedam
391 1077 542 1109 musices
563 1076 699 1118 species

54 1129 161 1167 atque
196 1125 350 1164 formae,
388 1124 498 1156 veluti
533 1123 699 1164 hymni,

55 1172 116 1214 qui
146 1171 375 1203 continebant
387 1180 509 1213 preces
536 1170 583 1201 ad
602 1169 700 1209 deos,

54 1218 231 1257 threni,
264 1218 478 1250 contrarium
520 1217 591 1248 illis
626 1225 698 1248 car-

54 1264 187 1296 minum
205 1273 327 1306 genus,
345 1273 542 1305 pac-,anes
554 1287 563 1302 ‚
579 1271 701 1293 rursus

55 1310 98 1343 ab
123 1310 191 1342 illis
216 1310 362 1348 diversi,
382 1310 535 1351 denique
560 1308 701 1350 dithy-

55 1356 216 1389 rambi.
265 1355 364 1395 Quae
398 1355 541 1398 quidem
573 1364 703 1396 genera

54 1412 126 1434 non
166 1402 296 1435 licebat
330 1402 494 1439 miscere,
536 1411 602 1433 nec
648 1401 702 1433 fas

55 1453 133 1482 erat
171 1449 242 1481 alio
281 1453 384 1481 cantu
423 1458 488 1490 pro
524 1448 595 1480 aiio
635 1447 700 1479 uti.

56 1495 174 1527 Locus
215 1493 408 1537 sanequam
451 1494 703 1531 memorabilis,

55 1543 102 1578 in.
117 1551 186 1583 quo
211 1546 438 1574 recensentur
457 1541 649 1573 carminum
667 1545 703 1572 et

56 1588 210 1620 musicae
248 1597 380 1629 genera
417 1586 568 1619 Athenis
615 1587 699 1618 olim

54 1635 106 1666 ita
133 1633 283 1673 usitata,
308 1637 347 1665 ut
378 1633 656 1675 unumquodque
678 1642 700 1664 a

55 1679 180 1712 ceteris
218 1680 414 1712 seiunctum
457 1684 550 1711 esset
595 1683 700 1720 atque

55 1730 267 1768 separatum.
320 1725 369 1757 Et
403 1725 523 1766 hymni
559 1726 700 1767 quidem

57 1772 154 1815 quod
190 1772 354 1804 dicuntur
393 1771 702 1812 comprehendisse

56 1827 178 1860 preces
202 1818 248 1850 ad
266 1818 370 1858 deos,
393 1818 600 1850 coniunctae
624 1828 702 1850 cum

56 1864 113 1896 his
138 1864 215 1896 sinc
239 1863 348 1895 dubio
373 1862 471 1895 fuere
493 1864 598 1895 etiam
618 1864 701 1896 deo-

58 1919 160 1943 orum
186 1909 321 1942 laudes.
362 1908 418 1941 De
442 1909 593 1950 hymnis,
619 1919 701 1951 pae-

58 1956 185 1989 anibus
224 1959 259 1988 et
304 1955 535 1997 dithyrambis
578 1956 701 1988 audias

56 2002 351 2042 Menandrum
374 2000 430 2033 De
453 2002 621 2034 encomiis
646 2002 700 2034 ed.

57 2048 210 2081 Heeren.
239 2058 274 2090 p.
308 2047 364 2082 26.
394 2044 563 2080 ’Ἐπαινοε
592 2046 629 2079 δέ
654 2057 703 2080 τις

59 2095 207 2137 γίγνεται
238 2090 295 2126 ὁτὲ
326 2092 387 2133 μὲν
418 2093 468 2126 εἰς
490 2091 619 2133 θεούς,
647 2091 703 2126 ὁτὲ

60 2139 98 2172 δὲ
122 2139 172 2172 els
195 2137 370 2183 θνητούς·
397 2141 452 2172 καὶ
483 2137 540 2173 ὅτε
569 2139 631 2181 μὲν
654 2141 703 2173 εἰς

60 2184 189 2224 θεούς,
220 2184 393 2242 ὕμνους
429 2187 608 2227 καλοῦμεν.
649 2187 703 2219 καὶ

62 2229 210 2265 ιουιουε
250 2227 297 2266 αὖ
347 2231 579 2275 διαιρούμεθα
621 2231 703 2266 κατὰ

61 2276 152 2311 θεὸν
175 2277 336 2311 ἕκαστον·
362 2277 446 2312 τοὺε
477 2279 538 2321 μὲν
565 2278 630 2323 γὰρ
655 2280 704 2313 εἰς

61 2321 256 2358 Ἀπόλλωνα
279 2327 465 2358 :tactivas
495 2327 550 2359 καὶ
576 2324 704 2368 ὑπορ-

63 2370 222 2414 χήμαια
246 2371 440 2413 νομζζομεν,
468 2371 550 2405 τούς
585 2372 621 2405 δὲ
656 2382 705 2405 εις

62 2415 247 2450 Διόνυσον
293 2416 609 2461 διθυράμβους
650 2420 704 2452 καὶ

65 2462 326 2505 ἰοβάκχουε,
365 2465 419 2496 καὶ
458 2462 524 2497 ὅσα
567 2467 706 2498 τοιαῦτα

66 2511 195 2553 εἴρηται
232 2508 426 2543 Διονύσου.
478 2512 532 2544 De
563 2514 704 2555 paeani-

67 2557 132 2589 bus
158 2567 250 2589 nunc
275 2557 436 2590 consulas
454 2569 543 2600 quae
561 2560 707 2601 copiose

66 2603 231 2646 exposuit
271 2602 443 2636 Bodius
481 2605 519 2638 in
571 2606 707 2638 Hister.

66 2649 183 2691 Lyric.
222 2649 346 2682 Poesis
386 2648 511 2683 Graec.
553 2652 635 2684 Vol.
677 2651 708 2683 1.

66 2693 105 2726 P.
140 2696 170 2728 1.
203 2706 237 2738 p.
264 2695 416 2731 35-77.
464 2697 626 2731 Eundem
659 2698 708 2730 le-

109 2751 197 2786 Piat.
227 2751 294 2793 Op.
322 2754 404 2786 Vol.
428 2753 471 2790 X.
502 2755 593 2789 Sect.
621 2756 646 2787 1.

767 891 862 932 geris
898 891 1032 921 utiliter
1064 890 1148 921 ibid.
1187 901 1219 931 p.
1254 889 1299 924 94
1330 900 1407 933 sqq.

766 938 809 969 de
834 937 968 968 threnis
993 937 1242 978 disputantem.
1278 936 1406 978 Dithy-

767 983 966 1016 ramborum
991 989 1153 1014 naturam
1177 987 1282 1025 atque
1298 983 1407 1015 ratio-

767 1040 847 1062 nem
870 1029 1046 1071 explicare
1069 1034 1214 1061 conatus
1231 1034 1285 1062 cst
1299 1029 1407 1061 Tim-

767 1075 951 1117 kowsky
976 1077 1011 1107 in
1028 1075 1263 1108 BeckiiActis
1275 1075 1407 1108 Semin.

768 1122 855 1164 Reg.
879 1121 960 1153 Vol.
982 1123 1006 1155 Ι.
1033 1133 1067 1164 p.
1087 1121 1155 1157 205
1175 1133 1264 1165 sqq.,
1287 1123 1408 1165 pulcre

767 1169 851 1201 item
865 1168 1051 1210 descripsit
1066 1170 1100 1201 A
1111 1170 1220 1201 stius
1245 1170 1281 1201 in
1296 1170 1407 1202 libro:

769 1216 1017 1247 Gruudriss
1044 1216 1121 1247 der
1142 1215 1409 1257 Philologic

768 1273 802 1304 p.
833 1261 880 1297 92
911 1272 987 1304 sqq.
1022 1261 1051 1302 ξ.
1080 1261 1138 1296 33.
1186 1262 1270 1293 Fuit
1293 1267 1409 1295 autem

770 1318 897 1341 nomen
923 1307 1133 1350 dithyrambi
1151 1308 1194 1340 ab
1209 1309 1311 1341 initio
1327 1319 1407 1351 pro-

769 1355 884 1397 prium
909 1355 1019 1396 ipsius
1037 1355 1178 1395 Bacchi,
1205 1357 1264 1397 qui
1281 1353 1409 1397 διφυήε

770 1406 805 1434 et
836 1399 1008 1442 δι’μορφος
1036 1401 1233 1443 appellatus
1273 1409 1335 1434 est.
1376 1413 1407 1433 v.

768 1448 897 1490 Hymn.
943 1446 1086 1489 Orphic.
1134 1448 1259 1480 XXX.
1296 1449 1319 1483 2
1357 1459 1407 1490 sq.

767 1493 873 1526 Unde
906 1494 1164 1536 dithyrambum
1197 1500 1298 1527 vocat
1331 1495 1407 1538 phi-

768 1540 939 1582 losophus
955 1538 1142 1572 Διονύσου
1167 1540 1310 1582 γένεσιν,
1343 1541 1408 1574 Ce—

767 1591 880 1618 terum
922 1587 964 1618 de
1001 1588 1056 1619 his
1081 1588 1250 1632 *aliisque
1290 1589 1409 1630 poesis

767 1638 802 1665 et
833 1634 987 1665 musicae
1018 1634 1206 1675 generibus
1243 1635 1410 1667 disseruit

766 1679 983 1712 Burettus
1009 1681 1044 1712 in
1069 1679 1174 1712 Mem.
1201 1681 1315 1714 Acad.
1343 1680 1409 1714 Pa-

770 1726 830 1757 ris.
858 1727 965 1758 lnscr.
991 1726 1039 1758 X.
1068 1737 1102 1769 p.
1127 1726 1201 1761 300
1223 1738 1300 1770 sqq.

817 1771 858 1804 B.
897 1770 1060 1812 νόμους
1084 1784 1124 1805 τε
1149 1769 1253 1805 αυτό
1281 1774 1410 1805 τοῦτο

772 1816 966 1858 τοῦνομα
990 1819 1057 1860 -—]
1095 1819 1226 1852 Modos
1257 1821 1411 1853 musicos

771 1865 942 1908 quosdam
967 1866 1070 1896 etiam
1095 1872 1242 1909 vocatos
1267 1877 1346 1899 esse
1361 1868 1412 1899 ait

771 1911 840 1943 hoc
870 1911 950 1952 ipso
981 1911 1126 1950 legum
1157 1913 1315 1954 nominc,
1341 1923 1410 1955 quo

770 1959 850 1999 ipso
900 1957 1086 1998 significat,
1134 1968 1196 1990 cos
1244 1963 1411 2001 tanquam

770 2004 863 2045 leges
889 2004 1059 2045 quasdam
1092 2005 1187 2037 visos
1218 2015 1295 2038 esse
1320 2006 1411 2037 invi-

771 2050 930 2082 olabiles.
962 2049 1055 2081 conf.
1087 2050 1166 2082 libr.
1192 2051 1248 2083 iv.
1298 2051 1410 2087 ,72.2

771 2095 816 2128 D.
845 2095 924 2127 VII.
950 2106 983 2137 p.
1011 2095 1090 2130 799
1120 2098 1162 2129 Ε.
1209 2063 1295 2130 Dep
1291 2096 1414 2138 νόμοις

772 2153 804 2174 v.
831 2141 953 2174 Bodc
985 2142 1078 2174 Hist.
1114 2142 1219 2177 Ροέε.
1250 2145 1316 2186 lyr.
1348 2143 1407 2177 Gr.

775 2188 851 2220 Vol.
875 2189 903 2220 1.
926 2199 963 2241 p.
989 2188 1057 2223 195
1082 2200 1133 2231 sq.
1159 2200 1200 2223 ac
1230 2155 1284 2223 dg
1298 2192 1409 2237 nqmi—

772 2235 828 2267 nis
843 2235 981 2276 origine
998 2234 1110 2289 Span
1121 2236 1141 2267 h
1152 2247 1223 2269 em.
1242 2238 1289 2271 ad
1304 2237 1411 2271 Calli-

772 2282 884 2314 mach.
911 2281 1040 2323 Hymn.
1066 2284 1102 2314 in
1127 2282 1208 2316 Dei.
1221 2283 1302 2319 364.
1328 2295 1409 2327 pag.

772 2327 852 2363 579.
862 2328 915 2360 ed.
926 2327 1010 2360 Ern.
1021 2327 1046 2361 S
1055 2329 1136 2361 alm
1144 2339 1199 2362 as.
1209 2331 1254 2363 ad
1264 2330 1408 2364 Sueton.

773 2373 906 2406 Neron.
933 2373 988 2409 20.
1014 2385 1048 2417 p.
1076 2375 1158 2411 515.
1183 2381 1218 2409 et
1241 2376 1411 2420 ad‘Capi—

771 2421 874 2452 toiini
901 2420 1003 2454 Pium
1025 2421 1057 2457 7.
1085 2432 1117 2463 p.
1134 2422 1214 2458 264.
1238 2424 1412 2457 Werns-

773 2467 883 2499 dors.
923 2469 966 2500 ad
1003 2467 1138 2501 Himer.
1177 2481 1211 2512 p.
1251 2471 1316 2506 571
1356 2481 1409 2512 sq.

776 2512 848 2546 Sed
879 2513 965 2547 haec
996 2525 1102 2557 quum
1131 2516 1236 2548 facile
1274 2519 1414 2559 possint

776 2561 954 2602 expediri,
977 2565 1095 2594 tamen
1121 2563 1228 2595 verba
1253 2564 1415 2596 laborant

776 2606 982 2640 difficultate
1013 2607 1107 2642 haud
1136 2610 1275 2664 exigua.
1323 2608 1416 2642 Nam

774 2652 938 2687 haeretur
962 2655 1000 2686 in
1023 2655 1119 2687 istis:
1148 2651 1241 2698 ᾦδὴν
1272 2652 1320 2687 ως
1345 2666 1417 2686 τινα

776 2697 902 2741 ἑτέραν,
921 2711 1011 2742 quae
1034 2702 1095 2733 alii
1119 2703 1221 2734 aliter
1246 2702 1416 2743 interpre-

1160 2757 1221 2821 23¹¹
