1612 2872
188 82 271 125 DE
303 79 580 125 LEGIBUS
614 80 732 124 LIB.
763 80 849 123 111.
878 78 926 121 P.
960 80 1053 122 690.
1074 80 1166 122 691.
1201 77 1262 123 St.
1333 79 1412 122 311

8 222 9 225 ¹
63 198 122 251 οἷς
154 198 211 243 τὸΓ
241 198 374 254 ἥμισυ
409 201 489 243 τοῦ
526 199 696 250 παντὸς
729 197 940 249 πολλάκις
984 200 1075 242 ἐστὶ
1109 200 1270 249 πλέονς
1302 194 1414 241 ὁπό-

62 283 148 312 ταν
181 260 207 328 ᾖ
239 267 290 311 τὸ
326 270 407 321 μὲν
440 266 548 311 ὅλον
583 268 825 323 λαμβάνειν
859 267 1080 321 ζημιῶδες,
1106 263 1157 310 τὸ
1194 264 1234 309 δ’
1274 263 1409 319 ἥμισυ

59 339 246 389 μὲι-ρίαν,
269 334 368 378 τότε
405 333 454 378 τὸ
489 342 666 389 μέτριον
701 336 780 377 τοῦ
815 332 1008 389 ἀμέτρου
1042 336 1175 377 πλέον
1211 331 1409 387 ἡγήσατο

58 401 240 458 ἄμεινον
276 401 330 447 ὃν
362 406 585 459 χείρονος-ς

158 472 257 514 ΚΛ.
325 468 586 523 Ὀρθότατοὲ
627 486 684 522 γε.

159 539 257 580 ΑΘ.

57 605 360 660 ἐγγιγνόμενον
409 605 614 647 ἑκάστοτε

57 681 168 715 τοῖσι
201 673 380 726 δήμοις;

158 741 255 784 ΚΛ.

330 536 534 590 Πότερον
572 530 652 579 οὖν
689 537 886 591 οἰόμεθα
924 539 1019 590 περὶ
1051 537 1256 590 βασιλέας
1278 532 1400 576 τοῦτ’

679 607 958 662 διαφθείρειν
1014 603 1232 658 πρότερον
1280 600 1303 653 ἢ
1361 606 1406 643 ἐν

332 739 391 782 Τὸ
429 744 508 794 μὲν
544 738 656 787 εἰκὸς
691 740 762 779 καὶ
799 734 848 780 τὸ
875 735 988 780 πολὺ
1012 739 1228 793 βασιλέων
1264 737 1398 780 τοῦτο
1432 732 1509 773 691

53 805 163 850 εἶναι
198 808 371 859 νόσημα
405 804 698 861 ὑπερηᾳοὶνως
731 803 903 857 ζώντων
939 806 1010 847 διὰ
1050 805 1235 862 τρυφάς.

155 875 249 917 ΑΘ.
323 872 498 917 Οὐκοῦν
535 876 691 924 δῆλον,
730 872 788 922 ὡς
835 875 1014 927 πρῶτον
1050 875 1187 916 τοῦτο
1224 876 1266 915 οὶ
1302 870 1400 914 τότε

53 1008 97 1038 A.
122 1011 156 1039 et
179 1016 268 1038 corr.
298 1004 335 1038 Ω.
364 1019 439 1040 cum
465 1009 565 1041 codd.
595 1007 627 1038 h.
653 1004 682 1037 δ.
712 1016 746 1037 Χ.

797 1005 967 1039 Probavit
995 1016 1072 1038 eum
1103 1006 1171 1037 iam
1201 1003 1320 1046 Steph.

143 1053 185 1084 E.
234 1052 360 1085 πλέον
387 1051 597 1096 ἡγήσαιο]
629 1053 716 1085 Ven.
744 1051 781 1086 Ξ.
807 1062 828 1084 a
857 1063 902 1084 m.
930 1062 998 1084 sec.
1024 1048 1207 1094 ηγήσανιο.
1257 1051 1339 1083 Ald.
1367 1056 1401 1082 et

51 1097 150 1131 Basa.
177 1095 348 1141 ηγησάμει·
351 1112 401 1132 ον.

50 1213 185 1246 cautius
222 1214 265 1245 de
302 1214 368 1246 hac
399 1225 436 1247 re
475 1216 690 1248 iudicaturus

47 1265 138 1291 erat.
199 1260 254 1292 De
296 1266 411 1294 mente
452 1266 486 1293 et
518 1262 694 1294 sententia

48 1306 211 1347 Hesiodi,
235 1316 385 1348 quocum
409 1308 514 1340 etiam
537 1309 690 1340 littacus

48 1352 141 1384 idem
166 1354 285 1396 sensit,
310 1364 343 1386 V.
368 1351 552 1386 Graevii
577 1355 690 1386 Lectt.

46 1398 197 1431 Hesiod.
237 1398 323 1442 Cap.
361 1399 403 1431 ll.
439 1410 474 1442 p.
514 1400 592 1434 513.
633 1401 688 1431 ed.

47 1443 214 1476 Lfissner.
239 1453 274 1477 et
299 1444 494 1479 Orellius
517 1445 685 1488 opuscul.

50 1492 219 1523 (ii-aecor.
245 1491 324 1523 Vct.
354 1491 579 1528 sententiosa
602 1492 685 1525 Vol.

47 1535 72 1568 l.
96 1537 130 1578 ρ.
144 1537 213 1571 552
226 1547 277 1579 sq.
323 1537 513 1572 Praeterea
536 1540 580 1571 de
603 1548 686 1581 pro-

46 1583 191 1615 verbiali
206 1584 369 1615 versiculi
383 1595 449 1617 usu
465 1585 685 1617 consuluisse

44 1629 179 1661 iuvabit
215 1627 240 1660 S
256 1639 274 1661 c
290 1630 313 1661 h
330 1639 351 1661 o
365 1634 378 1661 t
392 1635 416 1662 t.
457 1631 598 1673 Adagg.
641 1641 684 1663 ex

43 1673 154 1708 Suida
177 1673 278 1708 Ceut.
302 1675 374 1709 Vll.
398 1677 454 1712 53.
481 1687 515 1719 p.
540 1676 611 1712 438
630 1688 683 1720 sq.

43 1725 77 1752 et
101 1731 189 1764 quos
207 1721 329 1754 laudat
342 1723 498 1756 Aetius
523 1725 568 1756 ad
578 1723 682 1756 Rem-

44 1767 138 1808 publ.
169 1767 267 1799 Libr.
299 1768 349 1799 11.
382 1779 411 1801 c.
442 1769 499 1803 17.
535 1780 571 1811 p.
599 1769 680 1804 426.

43 1811 177 1854 Nempe
201 1813 262 1845 alii
292 1814 390 1846 illud*
410 1816 448 1846 in
472 1816 579 1847 alium
603 1826 680 1848 sen-

43 1868 118 1891 sum
135 1859 376 1900 detorserunt,
402 1861 510 1893 veluti
530 1861 679 1894 Horat.

42 1904 198 1945 Epist.1.
212 1904 286 1939 2.4.
302 1906 530 1939 dimidium
554 1907 682 1946 facti,

44 1952 117 1991 qui
161 1952 324 1993 coepit,
365 1951 511 1992 habet3
546 1954 606 1985 ubi
649 1964 680 1985 v.

42 1995 333 2030 Obbarium.
383 1998 458 2030 Nec
487 2009 573 2032 vero
605 2001 681 2041 ipse

44 2041 145 2075 Plato
176 2043 243 2076 hac
273 2044 310 2076 in
340 2054 378 2075 re
409 2045 477 2077 sibi
514 2047 680 2084 constitit,

40 2089 100 2131 qui
119 2098 170 2121 'eo
201 2099 267 2132 pro
296 2090 397 2123 varia
433 2092 680 2134 disputationis

39 2135 177 2167 ratione
210 2137 309 2168 vario
350 2147 456 2169 sensu
492 2147 576 2171 usus
613 2145 678 2172 est.

41 2178 203 2214 Ceterum
231 2182 278 2214 ad
313 2177 366 2224 ἆρ’
402 2180 467 2216 οὐκ
497 2195 540 2217 ex
577 2190 679 2217 ante-

40 2227 170 2267 gressis
205 2229 429 2269 repetendum
461 2228 676 2272 διέφθειραν,

39 2273 85 2305 ad
125 2273 219 2314 quod
259 2275 409 2316 pertinet
450 2279 674 2319 participium

40 2314 281 2374 ἀγνοήσαντες.

85 2361 253 2397 ὁπόταν
285 2361 307 2407 ᾖ
338 2365 384 2399 τὸ
412 2367 485 2408 μὲν
518 2365 619 2400 ὅλον
643 2369 671 2401 λ.

37 2410 91 2451 §.l
124 2411 168 2443 In
198 2411 252 2445 his
283 2412 366 2447 Ald.
397 2413 481 2447 Bas.
510 2415 543 2448 1.
579 2420 614 2447 et
637 2415 670 2448 2.

38 2457 206 2513 scriptum
258 2457 388 2491 habent
445 2457 672 2503 ἡγησάμενοι.

38 2501 109 2535 Sed
137 2500 290 2546 ἡγήσατο
327 2515 402 2538 cum
427 2505 452 2539 S
465 2511 480 2538 t
494 2508 586 2550 eph
601 2518 622 2540 a
638 2518 673 2540 ιι.

38 2549 140 2582 codd.
165 2560 296 2584 omues.
338 2550 456 2593 Atqu'e
479 2553 547 2586 hoc
571 2554 675 2586 unice

37 2604 156 2628 verum
179 2601 354 2652 putamus.
391 2597 563 2632 Mutatum
587 2610 672 2632 vero

39 2646 92 2673 ent
117 2642 154 2674 in
193 2639 409 2685 ἡγησάμενον
439 2645 482 2677 ab
515 2647 581 2687 iis,
614 2648 672 2689 qui

41 2686 183 2721 molente
209 2690 342 2722 ferrent
354 2692 560 2732 asyndeton,
573 2703 672 2734 prae·

758 1214 876 1245 sertim
913 1223 1017 1255 quum
1051 1214 1156 1245 etiam
1187 1212 1396 1244 insolentem

757 1261 932 1302 quandam
946 1260 1092 1292 subiecti
1107 1259 1396 1302 permutationem

755 1307 955 1339 adiunctam
1006 1306 1145 1339 habeat.
1207 1306 1256 1337 At
1303 1306 1396 1337 enim

755 1363 840 1385 vero
867 1353 924 1385 hic
948 1363 1088 1395 quoque
1119 1352 1262 1390 accidit,
1298 1352 1394 1393 quod

754 1400 946 1431 innumeris
986 1400 1072 1432 loeis
1117 1398 1394 1437 observavimus,

754 1451 791 1477 ut
830 1446 895 1477 viri
934 1447 1026 1478 docti
1061 1456 1131 1478 non
1176 1449 1393 1486 reputarent,

753 1493 934 1524 continere
961 1492 1046 1524 haec
1064 1492 1168 1524 verba
1182 1492 1394 1533 epexegesin

752 1539 938 1570 verborum
976 1537 1255 1571 antecedentium
1292 1538 1391 1569 ideo-

752 1595 819 1626 que
850 1587 925 1628 sine
954 1586 1201 1617 coniunctione
1231 1581 1296 1626 γάρ
1327 1585 1390 1616 ad-

749 1631 849 1673 iungi
895 1632 1148 1673 superioribus.
1204 1630 1269 1662 Est
1292 1640 1390 1662 -vero

750 1678 923 1710 sententia
953 1679 1138 1710 verborum
1175 1677 1278 1709 haec-2
1321 1677 1390 1708 Ni-

749 1725 897 1756 mirum
933 1726 1166 1766 putavitne
1210 1724 1305 1762 ille,
1339 1725 1390 1755 si-

748 1771 846 1802 cubi
909 1775 1046 1803 totum
1109 1771 1390 1813 prehendere

748 1817 925 1848 noxium
951 1819 1014 1849 sit.
1032 1818 1136 1849 dimi
1151 1818 1266 1848 dium
1284 1826 1387 1848 vero

748 1862 907 1893 iustum
928 1864 1094 1894 modum
1114 1864 1388 1901 habeat‚tum

750 1909 1012 1940 moderatum
1044 1910 1053 1940 i
1071 1919 1151 1940 mm
1165 1919 1185 1939 o
1201 1909 1257 1940 de
1271 1919 1288 1940 r
1303 1914 1351 1940 at
1365 1918 1386 1939 o

748 1954 851 1994 plus
884 1964 996 1994 esse,
1028 1955 1190 1996 quippe
1226 1954 1385 1986 melius

749 2001 770 2031 d
781 2005 871 2031 eter
881 2001 921 2031 io
931 2010 947 2031 r
956 2011 985 2032 e.
1000 1999 1163 2032 Ceterum
1174 2005 1282 2032 totam
1295 2000 1388 2032 hanc

749 2044 849 2087 ῥῆσιν
869 2046 951 2078 inde
984 2047 1027 2079 ab
1053 2043 1185 2079 ὁπόταν
1206 2056 1317 2088 usque
1341 2048 1388 2079 ad

749 2089 791 2123 ὂν
813 2094 969 2134 χείρονος
991 2093 1269 2125 Hermannus
1298 2098 1386 2126 tam-

747 2148 850 2180 quam
875 2139 1076 2180 languidam
1106 2140 1190 2172 dicti
1215 2140 1385 2176 Hesiodei

745 2185 1014 2226 explicationem
1039 2187 1139 2218 uncis
1163 2186 1312 2218 inclusit.

791 2228 812 2272 ἦ
848 2229 892 2263 ἐν
931 2230 1130 2275 δήμοιε,·]
1172 2232 1226 2265 lnt
1265 2231 1381 2275 γιγνό·

742 2287 857 2315 μενον.

792 2323 830 2355 Ρ.
857 2323 936 2358 691.
992 2322 1045 2356 Τό
1072 2324 1147 2364 μὲν
1170 2322 1288 2357 εἰκὸς
1311 2325 1381 2357 καὶ

744 2367 870 2412 πόσι]
904 2369 1256 2407 Consentaneum
1288 2372 1379 2413 qui-

742 2415 836 2448 dem
871 2420 936 2449 e'st
958 2418 1026 2449 vexi
1052 2419 1235 2450 maxime
1267 2418 1380 2450 hunc

743 2472 837 2494 esse
873 2463 1059 2495 morbum
1100 2474 1272 2506 regum,
1315 2475 1378 2496 su-

741 2509 872 2549 perbe
908 2511 1147 2543 viventium
1192 2515 1378 2552 propter

742 2555 974 2589 luxuriam.
1022 2556 1114 2589 Nam
1146 2559 1206 2588 καί
1232 2563 1313 2589 ante
1338 2555 1377 2588 τὸ

742 2598 830 2633 πολύ
842 2603 992 2644 positum
1019 2609 1057 2635 ut
1082 2604 1119 2635 in
1143 2604 1306 2635 formulis
1322 2603 1378 2634 καὶ

742 2645 841 2688 πάνυ,
866 2650 919 2681 καὶ
945 2647 1093 2691 σφόδρα,
1117 2651 1208 2682 aliis.

786 2690 841 2726 ωε
865 2695 1035 2735 πρῶτον
1059 2696 1186 2728 terito
1220 2695 1263 2726 oi
1285 2692 1379 2726 τότε
