1612 2872
202 79 364 123 XXIV

205 193 244 225 P.
271 192 346 227 715.
372 193 420 223 A.
442 188 549 221 ἐστιν
575 199 650 230 παρ.
674 194 708 221 et
730 188 826 229 γέγο·

338 247 406 268 νεν
429 233 492 290 γὰρ
517 232 558 276 δὴ

203 302 246 309 --
295 300 334 306 —·
363 284 400 314 A.
426 276 632 321 ἡττηθεῖσιν
654 276 734 319 μήτε

205 349 234 352 fi
238 328 349 362 716.
359 326 400 358 Β.
409 325 589 366 ἐποίησεν.
598 321 696 365 πρὸς,
705 323 825 355 utvat.

204 394 244 401 ....
293 390 337 396 ——-
358 372 402 404 E.
426 370 530 401 ἐστίν
553 379 634 400 ποτε

204 441 245 447 .-
272 419 349 453 717.
371 418 417 448 A.
444 413 580 446 ἅπασιν
605 423 656 446 σκ.

203 485 245 492 .-..
293 482 337 487 -—
359 461 401 493 B.
426 457 594 503 ῥηθεῖσιν

293 526 331 531 —-
361 507 404 538 D.
435 503 570 547 δρῶσιν
601 502 638 536 τὸ
670 504 766 536 ιοιοῦ
769 514 827 535 τον

203 575 246 581 ...-
271 552 351 588 718.
376 552 420 583 A.
446 548 657 592 κεκμηκόσιν
685 550 827 588 νέμοντα

203 620 247 626 .-.
293 616 336 622 -
360 596 405 628 D.
429 595 559 637 ἔδοξέν
583 597 614 628 u'
634 606 690 635 μοι

203 664 244 671 --
269 643 346 679 719.
370 643 417 674 A.
440 641 564 675 ἔοικεν
589 641 716 682 λέγοντι

203 710 246 717 ...
292 706 333 712 ——-
358 686 397 718 C.
422 688 537 719 πᾶσιν
561 686 759 728 ξυνδεὸογμ.

292 752 335 757 -
361 731 401 764 C.
427 728 535 764 οἶδεν,
556 731 592 764 δὲ

201 799 246 806 -—
269 779 344 814 720.
372 781 411 810 A.
434 777 531 810 εἰσίν
554 775 623 810 πού
646 785 733 809 τινες

291 843 334 848 -
359 823 399 855 Ο.
423 822 649 865 ἰατρεύουσιν
673 833 798 864 nepae.

294 888 334 894 ——
359 869 407 902 D.
431 866 507 902 οἶσε
531 868 564 900 ui
587 867 688 901 ἐστιν
712 866 776 900 διδ.

290 933 333 942 --
358 914 403 948 D.
427 913 597 956 ἐπέιαξεν
626 914 705 955 πρὶν

292 977 333 984 -—
364 960 405 991 Ε.
429 958 575 1000 τάξεσινε
607 962 639 991 τί
671 958 756 1001 μήν,·
791 965 828 991 ut

335 1005 415 1037 Vat.

201 1071 245 1076 -·-
270 1050 346 1086 721.
367 1050 412 1082 C.
435 1050 537 1082 ἔστιν
561 1062 589 1082 τι

201 1115 245 1122 --
289 1115 333 1121 ——
357 1095 401 1129 E.
427 1093 598 1138 μήκεσιντ
640 1095 743 1136 πρὸς,
791 1102 827 1129 ut

339 1141 494 1174 vatican.

201 1186 345 1221 ---722
373 1187 414 1219 Ε.
438 1185 666 1229 ἐπιτάγμασιν
690 1191 760 1219 ταῖς

201 1231 347 1268 -723,
370 1231 413 1263 Β.
432 1234 544 1264 πᾶσίν
559 1244 648 1288 γεν.
667 1232 756 1266 ἐστὶν
771 1244 823 1275 πρ.

200 1296 244 1303 ——-
289 1295 334 1302 ·—
358 1277 400 1309 B.
425 1276 523 1310 ἐστιν
549 1275 630 1321 ῥηθ.

358 1322 404 1355 D.
429 1323 596 1364 πέφυκέν
619 1335 657 1366 γε

202 1389 250 1394 —-
269 1367 346 1404 724.
374 1374 412 1400 A.
436 1368 526 1401 ἐστὶν
550 1366 660 1411 ῥητέα.

379 1414 577 1447 Vatican.
607 1414 644 1447 Ω.

202 890 246 897 .—

202 934 246 942 -ο

247 1460 278 1492 is
303 1461 338 1492 in
360 1460 429 1492 fine
459 1463 670 1500 sententiae,
696 1461 754 1492 ubi
776 1471 826 1492 se·
849 1475 858 1488 ι

203 1507 319 1549 quitur
357 1506 427 1537 alia
461 1516 628 1547 persona,
660 1508 694 1538 ῖ
723 1507 826 1538 etiam

202 1557 281 1585 ante
306 1561 493 1585 consonam
519 1563 595 1583 cum
625 1553 730 1584 Paris.
756 1562 826 1583 ser-

202 1604 270 1637 vat,
296 1602 334 1627 ut
357 1606 387 1636 p.
411 1595 488 1630 704.
514 1596 553 1629 C.
571 1597 656 1631 712.
685 1597 723 1629 C.
750 1598 826 1632 716.

204 1650 242 1676 Α.
269 1643 346 1677 721.
373 1641 414 1672 Ε.
464 1642 500 1674 id
530 1644 624 1683 quod
658 1644 716 1675 alii
741 1653 826 1684 quo-

202 1700 269 1731 que
294 1687 432 1719 codices
458 1687 507 1719 ita
534 1688 675 1722 faciunt.
724 1689 828 1720 Prae·

201 1742 295 1767 terea
317 1736 431 1764 autem
456 1733 591 1764 scribit.

201 1782 241 1813 Ρ
267 1779 344 1816 706.
368 1777 408 1808 Β.
437 1777 654 1831 συνήνεγκεν
678 1780 756 1820 πρὶν

203 1845 245 1850 -
291 1843 333 1849 -ψ
358 1823 400 1854 Β.
425 1819 624 1855 ἀπολλῦσιν
650 1825 717 1857 καὶ.
735 1830 827 1856 ntro-

335 1869 439 1909 bique
480 1880 556 1901 eum
597 1870 707 1903 Paris
746 1880 827 1902 con-

335 1915 507 1954 sentiens,
537 1916 597 1947 sed
627 1917 746 1947 addita
776 1926 827 1947 er-

335 1962 425 1991 roris
450 1965 542 1992 nota.

201 2027 236 2030 --
269 2005 344 2040 707.
370 2005 413 2036 Β.
433 2001 607 2046 Ἕλλησιν,
633 2003 692 2047 τὴν
716 2004 752 2036 δὲ

214 2073 222 2076 »
269 2050 344 2086 708.
371 2051 413 2081 Ε.
451 2047 644 2093 ἀνέτρεψεν
679 2052 752 2083 πολ.
784 2069 828 2074 -—

333 2094 523 2136 μετέβαλεν
547 2095 685 2136 νόμους,
709 2098 829 2129 addita

334 2151 423 2172 corr.
449 2145 541 2173 nota.

204 2208 235 2210 -v
271 2186 348 2221 712.
374 2186 420 2217 D.
445 2186 604 2227 γέγονεν,
622 2188 684 2225 καὶ,
700 2187 757 2219 ubi
783 2187 826 2219 ob

337 2233 647 2272 interpunctionem
684 2235 719 2264 ’ἶν’
758 2243 828 2264 ser-

332 2281 447 2308 vatum
472 2283 534 2308 est..

202 2344 239 2347 —-
292 2342 331 2346 -
358 2323 398 2354 E.
430 2320 536 2354 ἐστὶν
555 2321 670 2362 ,πολιι
699 2327 827 2363 puncto

335 2368 614 2409 superimposito.

206 2434 241 2438 ἠ
270 2413 348 2448 715.
374 2413 413 2445 C.
438 2413 599 2444 τεθεῖσιν
622 2409 751 2450 νόμοις.

204 2479 244 2484 u-
268 2459 346 2493 718.
370 2460 415 2491 A.
442 2455 678 2512 κεκμηκόσιν
689 2457 829 2497 νέμοντα

233 2505 344 2540 719.
373 2504 411 2536 C.
439 2499 544 2534 οἶδεν
572 2499 603 2537 δ’
634 2498 719 2540 οὔτ’,
752 2513 826 2534 cnm

338 2554 423 2582 not-a
445 2558 512 2580 err.

204 2615 239 2620 -ν-
270 2594 347 2629 723.
373 2595 418 2627 D.
457 2593 618 2634 πέφυκέι

336 2645 417 2674 nota
441 2639 579 2672 erroris.

655 2603 706 2634 γε,
753 2603 827 2625 cum

677 76 1041 121 PRAEFATIO.

1084 189 1213 235 1211».
1272 191 1337 234 V.

1101 256 1234 290 Paris.
1262 260 1324 290 Α..

904 323 943 355 Ρ.
970 323 1046 358 726.
1070 329 1115 356 A.
1142 321 1235 356 πάντ’
1258 323 1325 357 ἐστὶ
1353 326 1468 358 πᾶσιν

901 370 1045 404 -.727
1071 369 1117 401 D.
1144 369 1305 410 πέφυκεν
1328 371 1463 414 μέγιστα

902 415 1047 450 —728.
1072 414 1114 447 Β
1139 415 1253 446 πᾶσιν
1276 416 1341 447 πᾶς

988 479 1027 484 --—
1055 460 1095 491 Β.
1121 459 1225 491 ἔστιν
1248 459 1273 492 δ’
1303 457 1322 502 ἦ
1344 463 1478 503 μεγίστη

989 524 1031 529 --
1054 505 1096 539 B.
1121 500 1235 538 οὖσιν
1259 510 1375 538 κακοῖς

988 569 1030 574 -
1059 550 1099 582 C.
1126 547 1191 582 οὐκ
1214 549 1317 582 ἐστὶν
1341 551 1444 584 καλὸν

988 614 1031 619 -
1055 595 1100 628 D.
1125 594 1303 637 νοήσειεν.
1331 596 1389 638 τὴν

969 641 1045 675 729.
1070 642 1114 672 A.
1140 639 1290 673 πόλεσιν
1314 644 1367 674 καὶ

988 705 1030 709 -
1057 689 1095 718 Α.
1122 687 1250 718 παισὶν
1274 685 1310 718 δὲ

987 748 1030 754 —-
1053 731 1098 762 D.
1123 728 1337 771 ὀλυμπιάσιν
1361 734 1414 764 καὶ

968 776 1047 812 730.
1072 776 1114 809 B.
1139 777 1327 816 μέλλουσιν
1348 778 1468 818 νόμοις
1491 785 1525 811 et

1031 820 1134 854 ἐστὶν
1156 819 1235 862 μετὰ

897 887 941 892 -
966 867 1044 902 731.
1069 867 1110 899 C.
1135 868 1248 899 πᾶσιν
1272 866 1467 908 τιμιώτατον

898 932 937 938 —-
987 930 1030 936 —
1055 913 1098 948 Ε.
1125 913 1225 945 τοῦτο
1250 910 1393 946 δ’ἐστὶν

897 977 939 983 —-
1054 959 1096 990 E.
1122 958 1155 990 τέ
1179 957 1282 990 ἐστιν
1305 961 1359 991 καὶ

899 1022 942 1029 —-
967 1002 1042 1038 732.
1067 1003 1108 1035 B.
1134 1002 1290 1036 πολλάκις
1313 1003 1428 1048 ἐστὶν,
1446 1005 1523 1048 χρή-

1033 1059 1117 1088 ματα

900 1112 942 1117 -—-
990 1111 1031 1116 —-—
1058 1094 1098 1125 C.
1123 1094 1218 1126 ιισὶν
1242 1093 1402 1135 πράξεσιν

902 1157 938 1162 -
988 1157 1031 1162 —
1055 1140 1097 1171 E.
1124 1139 1230 1171 ἔστιν
1255 1138 1295 1181 δὴ

897 433 942 756 ΙΙΙΙΙΙΙΙ

900 1203 939 1207 -
968 1183 1042 1219 733.
1070 1185 1111 1217 B.
1138 1183 1238 1216 ἐστὶν
1262 1182 1388 1227 πλήθει
1404 1190 1438 1217 et
1449 1184 1523 1217 loo'-

1035 1233 1140 1271 τησίν
1165 1241 1197 1261 τε

989 1292 1027 1297 -
1054 1275 1095 1309 Β.
1122 1274 1223 1306 ἐστὶν
1250 1276 1330 1306 πᾶσι

987 1338 1030 1344 -
1053 1321 1098 1353 D.
1123 1318 1327 1363 πεφύκασιν
1351 1322 1404 1352 καὶ

989 1383 1031 1388 —
1056 1367 1097 1398 Ε.
1125 1361 1239 1397 οὖσιν
1264 1365 1413 1406 τέταρσιν

899 1429 941 1435 -
967 1409 1043 1444 734.
1068 1413 1109 1444 Ε.
1134 1409 1235 1443 ἐστὶν
1259 1409 1318 1452 τήν
1335 1423 1368 1443 τε
1384 1410 1525 1456 ἐφυφὴν

965 1456 1041 1491 735.
1065 1457 1110 1489 D.
1137 1453 1161 1488 ι’
1184 1456 1285 1488 εισὶν
1313 1458 1366 1489 καὶ

899 1520 940 1526 -
965 1502 1042 1536 736.
1066 1505 1110 1535 A.
1135 1501 1237 1534 ἐστὶν
1263 1503 1366 1543 συμβ.

898 1565 936 1571 -·—
987 1566 1028 1571 υ-
1053 1547 1095 1579 Β.
1121 1545 1148 1579 δ’
1174 1545 1221 1580 ὥς
1244 1547 1368 1580 ἔοικεν

898 1611 937 1617 -
987 1611 1031 1616 —
1054 1593 1098 1626 D.
1129 1592 1228 1624 ἐστίν
1252 1603 1325 1624 τινα

900 1657 939 1663 -
967 1638 1043 1672 737.
1066 1639 1108 1670 Ε.
1133 1637 1279 1670 πόλεσιν
1301 1649 1350 1679 χρ.

899 1703 938 1708 -
967 1683 1044 1718 739.
1069 1685 1108 1716 Β.
1135 1683 1168 1714 τέ
1192 1682 1246 1715 ε’στ
1259 1695 1297 1715 ιν
1321 1684 1375 1715 καὶ

899 1748 940 1754 -
967 1729 1042 1763 740.
1069 1730 1110 1761 Β.
1136 1724 1240 1769 ὦσιν,
1266 1739 1298 1759 π.

898 1794 940 1799 -
987 1793 1031 1798 -
1054 1775 1100 1807 D.
1127 1774 1224 1807 εἰσὶν
1247 1774 1377 1812 πολλαὶ,

989 1836 1028 1844 —-
1055 1821 1101 1852 D.
1132 1820 1230 1852 εἰσὶν
1259 1831 1319 1859 τιμ.
1367 1819 1436 1852 Sed
1459 1820 1525 1851 ibi-

1034 1867 1111 1898 dem
1140 1864 1378 1907 νουθετήσεσι
1404 1865 1523 1906 πρεσβ.

968 1910 1044 1944 741.
1069 1911 1114 1943 D.
1140 1911 1279 1942 ἔνεστιν
1302 1909 1436 1953 σφόδρα

898 1974 942 1980 —
967 1955 1043 1990 742.
1071 1955 1110 1988 C.
1136 1955 1238 1988 ἐστὶν
1264 1954 1357 1988 πόλει

992 2023 1029 2027 -
1057 2002 1095 2032 C.
1121 2002 1220 2033 ἔστιν
1245 1999 1286 2042 δὴ

990 2066 1027 2070 -
1053 2047 1094 2080 E.
1118 2047 1289 2089 λέγουσιν
1315 2045 1351 2077 δὲ

967 2091 1043 2126 743.
1075 2095 1110 2124 Α.
1136 2091 1237 2123 ἐστὶν
1262 2091 1320 2134 τῆς

898 2154 936 2160 --
987 2156 1029 2160 ——
1053 2137 1094 2169 Β.
1121 2136 1224 2169 ἐστὶν
1249 2136 1286 2168 δὲ

914 2199 938 2205 -
966 2181 1044 2217 744.
1069 2183 1113 2214 D.
1138 2182 1324 2214 ἑαυτοῖσιν
1347 2183 1465 2224 τίμημα

900 2246 936 2251 -
969 2227 1045 2262 745.
1069 2227 1112 2259 Ε.
1138 2226 1240 2259 ἐστὶν
1263 2225 1369 2268 χρεών

898 2291 941 2297 -
966 2273 1042 2308 746.
1070 2274 1115 2305 A.
1146 2270 1193 2306 ais
1225 2273 1389 2316 εἴρηκεν,
1423 2269 1523 2313 μεσά-

1033 2329 1111 2359 ιητα

899 2381 940 2387 -
987 2382 1029 2389 --
1054 2363 1093 2397 C.
1118 2363 1218 2396 ἐστιν
1243 2363 1296 2394 καὶ

897 2426 939 2431 --
965 2409 1041 2444 747.
1067 2410 1112 2441 A.
1137 2410 1200 2440 νῦν
1223 2407 1326 2440 ἐστιν

899 2471 940 2476 -—
987 2473 1028 2479 ——
1054 2453 1094 2486 C.
1120 2454 1220 2486 εἰσὶν
1244 2454 1297 2485 καὶ
1321 2453 1369 2486 ἑν.

988 2519 1029 2523 -
1055 2500 1095 2531 Ε.
1120 2498 1222 2531 ἐστὶν
1247 2502 1385 2531 σκοπεῖν

1077 2546 1273 2578 vatican.
1304 2543 1342 2576 Ω.

899 2589 938 2621 P·
963 2590 1039 2626 730.
1066 2592 1110 2622 A.
1153 2591 1257 2622 habet
1292 2589 1446 2622 ἔπαθεν.
1486 2586 1522 2619 τὰ

1032 2634 1091 2675 μὲν
1115 2632 1274 2675 οὐν,εἰηε
1294 2639 1377 2669 nota
1392 2635 1520 2666 erroris
