<?xml version="1.0" encoding="UTF-8"?>
<!DOCTYPE html PUBLIC "-//W3C//DTD XHTML 1.0 Transitional//EN"
    "http://www.w3.org/TR/xhtml1/DTD/xhtml1-transitional.dtd">
<html xmlns="http://www.w3.org/1999/xhtml" xml:lang="en" lang="en">
 <head>
  <title>
</title>
<meta http-equiv="Content-Type" content="text/html;charset=utf-8" />
  <meta name='ocr-system' content='tesseract 3.04.00' />
  <meta name='ocr-capabilities' content='ocr_page ocr_carea ocr_par ocr_line ocrx_word'/>
</head>
<body>
  <div class='ocr_page' id='page_1' title='image "./s1operaomniarece10platuoft_0262.png"; bbox 0 0 1612 2872; ppageno 0'>
   <div class='ocr_carea' id='block_1_1' title="bbox 235 107 1113 160">
    <p class='ocr_par' dir='ltr' id='par_1_1' title="bbox 235 107 1113 160">
     <span class='ocr_line' id='line_1_1' title="bbox 235 107 1113 160; baseline -0.013 0"><span class='ocrx_word' id='word_1_1' title='bbox 235 119 288 160; x_wconf 83' lang='lat'>82</span> <span class='ocrx_word' id='word_1_2' title='bbox 727 107 1113 153; x_wconf 85' lang='lat' dir='ltr'><strong>PLATONIS.</strong></span> 
     </span>
    </p>
   </div>
   <div class='ocr_carea' id='block_1_2' title="bbox 174 222 1597 872">
    <p class='ocr_par' dir='ltr' id='par_1_2' title="bbox 174 222 1597 872">
     <span class='ocr_line' id='line_1_2' title="bbox 235 222 1570 304; baseline -0.007 -29"><span class='ocrx_word' id='word_1_3' title='bbox 235 248 322 274; x_wconf 83' lang='grc' dir='ltr'><strong><em>ται.</em></strong></span> <span class='ocrx_word' id='word_1_4' title='bbox 341 229 410 273; x_wconf 87' lang='grc' dir='ltr'>διὸ</span> <span class='ocrx_word' id='word_1_5' title='bbox 432 225 628 304; x_wconf 71' lang='grc' dir='ltr'><strong><em>φανερὸν</em></strong></span> <span class='ocrx_word' id='word_1_6' title='bbox 647 223 757 280; x_wconf 77' lang='grc' dir='ltr'><strong><em>ὅρον</em></strong></span> <span class='ocrx_word' id='word_1_7' title='bbox 777 225 938 266; x_wconf 84' lang='grc' dir='ltr'><strong><em>τοῦτον</em></strong></span> <span class='ocrx_word' id='word_1_8' title='bbox 958 222 1038 266; x_wconf 83' lang='grc' dir='ltr'>οὐκ</span> <span class='ocrx_word' id='word_1_9' title='bbox 1057 222 1115 268; x_wconf 79' lang='grc' dir='ltr'>ἄν</span> <span class='ocrx_word' id='word_1_10' title='bbox 1135 240 1240 269; x_wconf 83' lang='grc' dir='ltr'><strong><em>ποτε</em></strong></span> <span class='ocrx_word' id='word_1_11' title='bbox 1260 226 1468 279; x_wconf 77' lang='grc' dir='ltr'><em>λέγοιμεν,</em></span> <span class='ocrx_word' id='word_1_12' title='bbox 1490 223 1570 266; x_wconf 78' lang='grc' dir='ltr'>άλ-</span> 
     </span>
     <span class='ocr_line' id='line_1_3' title="bbox 235 288 1569 370; baseline -0.007 -30"><span class='ocrx_word' id='word_1_13' title='bbox 235 295 291 340; x_wconf 65' lang='lat' dir='ltr'>zo}</span> <span class='ocrx_word' id='word_1_14' title='bbox 317 291 717 370; x_wconf 59' lang='grc' dir='ltr'><strong><em>ἀμφιςβητήστιμον,</em></strong></span> <span class='ocrx_word' id='word_1_15' title='bbox 753 306 848 346; x_wconf 84' lang='grc' dir='ltr'><strong><em>περι</em></strong></span> <span class='ocrx_word' id='word_1_16' title='bbox 868 291 1012 332; x_wconf 81' lang='grc' dir='ltr'><em>καλῶν</em></span> <span class='ocrx_word' id='word_1_17' title='bbox 1036 289 1386 345; x_wconf 74' lang='grc' dir='ltr'><strong><em>ἐπιτηδευμάτων</em></strong></span> <span class='ocrx_word' id='word_1_18' title='bbox 1407 307 1477 332; x_wconf 85' lang='grc' dir='ltr'>και</span> <span class='ocrx_word' id='word_1_19' title='bbox 1495 288 1569 345; x_wconf 87' lang='grc' dir='ltr'>μή,</span> 
     </span>
     <span class='ocr_line' id='line_1_4' title="bbox 238 352 1570 412; baseline -0.007 -7"><span class='ocrx_word' id='word_1_20' title='bbox 238 365 362 412; x_wconf 85' lang='grc' dir='ltr'><strong><em>νίκην</em></strong></span> <span class='ocrx_word' id='word_1_21' title='bbox 399 377 443 402; x_wconf 86' lang='grc' dir='ltr'><strong><em>τε</em></strong></span> <span class='ocrx_word' id='word_1_22' title='bbox 477 360 548 401; x_wconf 80' lang='grc' dir='ltr'>καὶ</span> <span class='ocrx_word' id='word_1_23' title='bbox 583 352 722 409; x_wconf 79' lang='grc' dir='ltr'><strong><em>ἧτταν</em></strong></span> <span class='ocrx_word' id='word_1_24' title='bbox 757 358 952 410; x_wconf 77' lang='grc' dir='ltr'><strong><em>λέγοντες</em></strong></span> <span class='ocrx_word' id='word_1_25' title='bbox 988 355 1142 411; x_wconf 77' lang='grc' dir='ltr'><strong>μάχης.</strong></span> <span class='ocrx_word' id='word_1_26' title='bbox 1210 353 1354 408; x_wconf 80' lang='grc' dir='ltr'><strong><em>ἐπειδὴ</em></strong></span> <span class='ocrx_word' id='word_1_27' title='bbox 1401 354 1486 410; x_wconf 53' lang='grc' dir='ltr'>γὰρ</span> <span class='ocrx_word' id='word_1_28' title='bbox 1522 358 1570 397; x_wconf 84' lang='grc' dir='ltr'>αἱ</span> 
     </span>
     <span class='ocr_line' id='line_1_5' title="bbox 240 419 1570 483; baseline -0.005 -14"><span class='ocrx_word' id='word_1_29' title='bbox 240 428 408 483; x_wconf 82' lang='grc' dir='ltr'><strong><em>μείζους</em></strong></span> <span class='ocrx_word' id='word_1_30' title='bbox 447 423 525 472; x_wconf 82' lang='grc' dir='ltr'><strong><em>τὰς</em></strong></span> <span class='ocrx_word' id='word_1_31' title='bbox 557 421 767 471; x_wconf 76' lang='grc' dir='ltr'><em>ἐλάττους</em></span> <span class='ocrx_word' id='word_1_32' title='bbox 801 419 944 471; x_wconf 85' lang='grc' dir='ltr'><strong><em>πόλεις</em></strong></span> <span class='ocrx_word' id='word_1_33' title='bbox 963 425 1111 465; x_wconf 79' lang='grc' dir='ltr'><strong><em>νικῶσι</em></strong></span> <span class='ocrx_word' id='word_1_34' title='bbox 1133 422 1377 478; x_wconf 81' lang='grc' dir='ltr'><em>μαχόμεναι</em></span> <span class='ocrx_word' id='word_1_35' title='bbox 1403 423 1475 463; x_wconf 81' lang='grc' dir='ltr'>καὶ</span> <span class='ocrx_word' id='word_1_36' title='bbox 1493 437 1570 463; x_wconf 72' lang='grc' dir='ltr'>κα·</span> 
     </span>
     <span class='ocr_line' id='line_1_6' title="bbox 174 485 1570 543; baseline -0.003 -10"><span class='ocrx_word' id='word_1_37' title='bbox 174 492 213 533; x_wconf 89' lang='grc' dir='ltr'>Β</span> <span class='ocrx_word' id='word_1_38' title='bbox 244 492 590 539; x_wconf 84' lang='grc' dir='ltr'><strong><em>ταδουλοῦνται-,</em></strong></span> <span class='ocrx_word' id='word_1_39' title='bbox 637 485 912 542; x_wconf 80' lang='grc' dir='ltr'><strong><em>Συρακόσιοι</em></strong></span> <span class='ocrx_word' id='word_1_40' title='bbox 954 490 1033 542; x_wconf 75' lang='grc' dir='ltr'>μὲν</span> <span class='ocrx_word' id='word_1_41' title='bbox 1068 487 1297 543; x_wconf 80' lang='grc' dir='ltr'><strong><em>Λοκρούς,</em></strong></span> <span class='ocrx_word' id='word_1_42' title='bbox 1334 490 1376 530; x_wconf 80' lang='grc' dir='ltr'>οἳ</span> <span class='ocrx_word' id='word_1_43' title='bbox 1409 485 1457 538; x_wconf 75' lang='grc' dir='ltr'>δὴ</span> <span class='ocrx_word' id='word_1_44' title='bbox 1495 489 1570 529; x_wconf 79' lang='grc' dir='ltr'>δο-</span> 
     </span>
     <span class='ocr_line' id='line_1_7' title="bbox 235 551 1570 608; baseline -0.004 -8"><span class='ocrx_word' id='word_1_45' title='bbox 235 559 387 600; x_wconf 85' lang='grc' dir='ltr'><strong><em>κοῦσιν</em></strong></span> <span class='ocrx_word' id='word_1_46' title='bbox 423 554 723 608; x_wconf 73' lang='grc' dir='ltr'><strong><em>εὐνομώτατοι</em></strong></span> <span class='ocrx_word' id='word_1_47' title='bbox 757 555 845 595; x_wconf 82' lang='grc' dir='ltr'><strong><em>τῶν</em></strong></span> <span class='ocrx_word' id='word_1_48' title='bbox 881 555 976 607; x_wconf 83' lang='grc' dir='ltr'><strong><em>περὶ</em></strong></span> <span class='ocrx_word' id='word_1_49' title='bbox 1001 559 1164 597; x_wconf 77' lang='grc' dir='ltr'><strong><em>ἐκεῖνον</em></strong></span> <span class='ocrx_word' id='word_1_50' title='bbox 1187 552 1267 597; x_wconf 83' lang='grc' dir='ltr'><strong><em>τὸυ</em></strong></span> <span class='ocrx_word' id='word_1_51' title='bbox 1291 551 1429 595; x_wconf 83' lang='grc' dir='ltr'><strong><em>τόπον</em></strong></span> <span class='ocrx_word' id='word_1_52' title='bbox 1448 569 1570 606; x_wconf 76' lang='grc' dir='ltr'><strong><em>γεγο-</em></strong></span> 
     </span>
     <span class='ocr_line' id='line_1_8' title="bbox 235 616 1562 675; baseline -0.005 -9"><span class='ocrx_word' id='word_1_53' title='bbox 235 629 379 671; x_wconf 80' lang='grc' dir='ltr'><strong><em>νέναι,</em></strong></span> <span class='ocrx_word' id='word_1_54' title='bbox 413 623 570 670; x_wconf 82' lang='grc' dir='ltr'><strong><em>Κείους</em></strong></span> <span class='ocrx_word' id='word_1_55' title='bbox 618 623 661 662; x_wconf 80' lang='grc' dir='ltr'>δὲ</span> <span class='ocrx_word' id='word_1_56' title='bbox 693 619 959 670; x_wconf 80' lang='grc' dir='ltr'><strong><em>Ἀθηναῖοι·</em></strong></span> <span class='ocrx_word' id='word_1_57' title='bbox 995 624 1129 675; x_wconf 85' lang='grc' dir='ltr'><strong><em>μυρίοι</em></strong></span> <span class='ocrx_word' id='word_1_58' title='bbox 1173 622 1217 662; x_wconf 80' lang='grc' dir='ltr'>δὲ</span> <span class='ocrx_word' id='word_1_59' title='bbox 1251 616 1366 661; x_wconf 74' lang='grc' dir='ltr'><strong><em>ἄλλοι</em></strong></span> <span class='ocrx_word' id='word_1_60' title='bbox 1400 617 1562 661; x_wconf 81' lang='grc' dir='ltr'><strong><em>τοιαῦτ’</em></strong></span> 
     </span>
     <span class='ocr_line' id='line_1_9' title="bbox 234 682 1597 743; baseline -0.004 -12"><span class='ocrx_word' id='word_1_61' title='bbox 234 686 293 731; x_wconf 80' lang='grc' dir='ltr'>ἂν</span> <span class='ocrx_word' id='word_1_62' title='bbox 328 685 540 743; x_wconf 78' lang='grc' dir='ltr'><strong><em>εὕροιμεν.</em></strong></span> <span class='ocrx_word' id='word_1_63' title='bbox 575 685 687 728; x_wconf 81' lang='grc' dir='ltr'><em>ἀλλὰ</em></span> <span class='ocrx_word' id='word_1_64' title='bbox 724 687 821 739; x_wconf 83' lang='grc' dir='ltr'><strong><em>περὶ</em></strong></span> <span class='ocrx_word' id='word_1_65' title='bbox 854 683 994 727; x_wconf 84' lang='grc' dir='ltr'><strong><em>αὐτοῦ</em></strong></span> <span class='ocrx_word' id='word_1_66' title='bbox 1024 685 1208 728; x_wconf 75' lang='grc' dir='ltr'><strong><em>ἑκάστου</em></strong></span> <span class='ocrx_word' id='word_1_67' title='bbox 1231 682 1597 739; x_wconf 79' lang='grc' dir='ltr'><strong><em>ἑπιτηδεύματος“</em></strong></span> 
     </span>
     <span class='ocr_line' id='line_1_10' title="bbox 238 749 1567 808; baseline -0.003 -12"><span class='ocrx_word' id='word_1_68' title='bbox 238 753 495 808; x_wconf 72' lang='grc' dir='ltr'><strong><em>πειρώμεθα</em></strong></span> <span class='ocrx_word' id='word_1_69' title='bbox 544 755 737 805; x_wconf 68' lang='grc' dir='ltr'><strong><em>λέγοντες</em></strong></span> <span class='ocrx_word' id='word_1_70' title='bbox 780 753 954 793; x_wconf 67' lang='grc' dir='ltr'><strong><em>πείθειν</em></strong></span> <span class='ocrx_word' id='word_1_71' title='bbox 1001 750 1116 806; x_wconf 79' lang='grc' dir='ltr'><strong><em>ἡμᾶς</em></strong></span> <span class='ocrx_word' id='word_1_72' title='bbox 1149 749 1331 801; x_wconf 80' lang='grc' dir='ltr'><strong><em>αὐτούς,</em></strong></span> <span class='ocrx_word' id='word_1_73' title='bbox 1366 753 1488 800; x_wconf 85' lang='grc' dir='ltr'><strong><em>νίκας</em></strong></span> <span class='ocrx_word' id='word_1_74' title='bbox 1523 753 1567 793; x_wconf 76' lang='grc' dir='ltr'>ὑὲ</span> 
     </span>
     <span class='ocr_line' id='line_1_11' title="bbox 236 814 1565 872; baseline -0.003 -10"><span class='ocrx_word' id='word_1_75' title='bbox 236 822 307 862; x_wconf 82' lang='grc' dir='ltr'>καὶ</span> <span class='ocrx_word' id='word_1_76' title='bbox 351 818 488 871; x_wconf 83' lang='grc' dir='ltr'><strong><em>ἥττας</em></strong></span> <span class='ocrx_word' id='word_1_77' title='bbox 533 816 654 868; x_wconf 80' lang='grc' dir='ltr'><strong><em>ἐκτὸς</em></strong></span> <span class='ocrx_word' id='word_1_78' title='bbox 694 815 824 871; x_wconf 71' lang='grc' dir='ltr'><strong><em>λόγου</em></strong></span> <span class='ocrx_word' id='word_1_79' title='bbox 875 814 928 858; x_wconf 85' lang='grc' dir='ltr'><strong><em>τὰ</em></strong></span> <span class='ocrx_word' id='word_1_80' title='bbox 963 818 1044 860; x_wconf 83' lang='grc' dir='ltr'>νῦν</span> <span class='ocrx_word' id='word_1_81' title='bbox 1079 819 1254 872; x_wconf 76' lang='grc' dir='ltr'><strong><em>θῶμεν,</em></strong></span> <span class='ocrx_word' id='word_1_82' title='bbox 1290 820 1474 870; x_wconf 68' lang='grc' dir='ltr'><strong><em>λέγωμεν</em></strong></span> <span class='ocrx_word' id='word_1_83' title='bbox 1510 818 1565 865; x_wconf 80' lang='grc' dir='ltr'>δέ,</span> 
     </span>
    </p>
   </div>
   <div class='ocr_carea' id='block_1_3' title="bbox 230 955 1567 1362">
    <p class='ocr_par' dir='ltr' id='par_1_3' title="bbox 230 955 1567 1362">
     <span class='ocr_line' id='line_1_12' title="bbox 325 955 1555 1000; baseline -0.002 -8"><span class='ocrx_word' id='word_1_84' title='bbox 325 956 592 1000; x_wconf 77' lang='grc' dir='ltr'><strong><em>Συρακόσιοι</em></strong></span> <span class='ocrx_word' id='word_1_85' title='bbox 616 957 780 1000; x_wconf 55' lang='lat' dir='ltr'>phil]</span> <span class='ocrx_word' id='word_1_86' title='bbox 818 958 855 990; x_wconf 92' lang='lat' dir='ltr'>V.</span> <span class='ocrx_word' id='word_1_87' title='bbox 881 955 1115 1000; x_wconf 78' lang='grc' dir='ltr'><strong><em>συραιιούσιοι.</em></strong></span> <span class='ocrx_word' id='word_1_88' title='bbox 1161 957 1255 989; x_wconf 85' lang='lat' dir='ltr'>Unus</span> <span class='ocrx_word' id='word_1_89' title='bbox 1284 956 1358 988; x_wconf 82' lang='lat' dir='ltr'><strong>Vat.</strong></span> <span class='ocrx_word' id='word_1_90' title='bbox 1384 957 1432 988; x_wconf 81' lang='grc' dir='ltr'>Ω.</span> <span class='ocrx_word' id='word_1_91' title='bbox 1459 967 1489 990; x_wconf 78' lang='lat'><strong>8.</strong></span> <span class='ocrx_word' id='word_1_92' title='bbox 1515 967 1555 999; x_wconf 82' lang='lat' dir='ltr'>pr</span> 
     </span>
     <span class='ocr_line' id='line_1_13' title="bbox 235 1001 1566 1047; baseline -0.004 -9"><span class='ocrx_word' id='word_1_93' title='bbox 235 1016 280 1038; x_wconf 90' lang='lat' dir='ltr'>m.</span> <span class='ocrx_word' id='word_1_94' title='bbox 306 1003 515 1047; x_wconf 57' lang='lat' dir='ltr'>stipandum».</span> <span class='ocrx_word' id='word_1_95' title='bbox 555 1002 655 1042; x_wconf 86' lang='lat' dir='ltr'>Quod</span> <span class='ocrx_word' id='word_1_96' title='bbox 685 1003 794 1044; x_wconf 83' lang='lat' dir='ltr'>ipsum</span> <span class='ocrx_word' id='word_1_97' title='bbox 820 1002 992 1035; x_wconf 71' lang='lat' dir='ltr'>revocavit</span> <span class='ocrx_word' id='word_1_98' title='bbox 1017 1002 1206 1035; x_wconf 84' lang='lat' dir='ltr'>Bekkerus.</span> <span class='ocrx_word' id='word_1_99' title='bbox 1237 1001 1348 1035; x_wconf 82' lang='lat' dir='ltr'>Codd.</span> <span class='ocrx_word' id='word_1_100' title='bbox 1374 1001 1403 1033; x_wconf 80' lang='lat' dir='ltr'><strong>h.</strong></span> <span class='ocrx_word' id='word_1_101' title='bbox 1430 1012 1460 1036; x_wconf 82' lang='lat' dir='ltr'>v,</span> <span class='ocrx_word' id='word_1_102' title='bbox 1489 1003 1566 1044; x_wconf 79' lang='grc' dir='ltr'>σν(Σ-</span> 
     </span>
     <span class='ocr_line' id='line_1_14' title="bbox 239 1046 1566 1088; baseline -0.002 -7"><span class='ocrx_word' id='word_1_103' title='bbox 239 1048 428 1088; x_wconf 58' lang='lat' dir='ltr'>danaim..</span> <span class='ocrx_word' id='word_1_104' title='bbox 455 1048 545 1080; x_wconf 82' lang='lat' dir='ltr'>Fior.</span> <span class='ocrx_word' id='word_1_105' title='bbox 574 1059 604 1080; x_wconf 79' lang='lat' dir='ltr'><strong>a.</strong></span> <span class='ocrx_word' id='word_1_106' title='bbox 631 1047 660 1080; x_wconf 81' lang='grc' dir='ltr'>δ.</span> <span class='ocrx_word' id='word_1_107' title='bbox 686 1047 788 1081; x_wconf 81' lang='lat' dir='ltr'>vind,</span> <span class='ocrx_word' id='word_1_108' title='bbox 815 1046 1067 1088; x_wconf 69' lang='grc' dir='ltr'><strong><em>συριιηούσσιοι.</em></strong></span> <span class='ocrx_word' id='word_1_109' title='bbox 1091 1050 1187 1084; x_wconf 78' lang='lat' dir='ltr'>Quae</span> <span class='ocrx_word' id='word_1_110' title='bbox 1207 1047 1354 1079; x_wconf 81' lang='lat' dir='ltr'>varietas</span> <span class='ocrx_word' id='word_1_111' title='bbox 1373 1047 1566 1087; x_wconf 73' lang='lat' dir='ltr'><strong>scripturae</strong></span> 
     </span>
     <span class='ocr_line' id='line_1_15' title="bbox 233 1091 1565 1135; baseline -0.003 -8"><span class='ocrx_word' id='word_1_112' title='bbox 233 1096 335 1127; x_wconf 80' lang='lat' dir='ltr'>etiam</span> <span class='ocrx_word' id='word_1_113' title='bbox 366 1095 444 1126; x_wconf 81' lang='lat' dir='ltr'>aiibi</span> <span class='ocrx_word' id='word_1_114' title='bbox 475 1095 654 1135; x_wconf 85' lang='lat' dir='ltr'>reperitur.</span> <span class='ocrx_word' id='word_1_115' title='bbox 702 1092 861 1125; x_wconf 73' lang='lat' dir='ltr'>Formam</span> <span class='ocrx_word' id='word_1_116' title='bbox 888 1092 1104 1133; x_wconf 67' lang='grc' dir='ltr'><strong><em>Συρακοσίαν</em></strong></span> <span class='ocrx_word' id='word_1_117' title='bbox 1130 1091 1185 1123; x_wconf 90' lang='lat' dir='ltr'>De</span> <span class='ocrx_word' id='word_1_118' title='bbox 1209 1092 1298 1133; x_wconf 79' lang='lat' dir='ltr'>Rep.</span> <span class='ocrx_word' id='word_1_119' title='bbox 1329 1091 1380 1123; x_wconf 86' lang='lat' dir='ltr'>lu.</span> <span class='ocrx_word' id='word_1_120' title='bbox 1413 1091 1493 1126; x_wconf 84' lang='lat'><strong>404.</strong></span> <span class='ocrx_word' id='word_1_121' title='bbox 1524 1092 1565 1123; x_wconf 90' lang='lat' dir='ltr'>D.</span> 
     </span>
     <span class='ocr_line' id='line_1_16' title="bbox 233 1135 1566 1179; baseline -0.004 -7"><span class='ocrx_word' id='word_1_122' title='bbox 233 1141 392 1172; x_wconf 82' lang='lat' dir='ltr'>meliores</span> <span class='ocrx_word' id='word_1_123' title='bbox 420 1139 492 1172; x_wconf 83' lang='lat' dir='ltr'>iibri</span> <span class='ocrx_word' id='word_1_124' title='bbox 518 1142 673 1178; x_wconf 82' lang='lat' dir='ltr'>tuentur3</span> <span class='ocrx_word' id='word_1_125' title='bbox 697 1147 766 1179; x_wconf 85' lang='lat' dir='ltr'>quo</span> <span class='ocrx_word' id='word_1_126' title='bbox 790 1139 899 1171; x_wconf 88' lang='lat' dir='ltr'>minus</span> <span class='ocrx_word' id='word_1_127' title='bbox 923 1137 1150 1169; x_wconf 73' lang='lat' dir='ltr'>dubitavimus</span> <span class='ocrx_word' id='word_1_128' title='bbox 1166 1135 1306 1169; x_wconf 80' lang='lat' dir='ltr'>eandem</span> <span class='ocrx_word' id='word_1_129' title='bbox 1327 1137 1385 1168; x_wconf 92' lang='lat' dir='ltr'>hic</span> <span class='ocrx_word' id='word_1_130' title='bbox 1399 1138 1451 1170; x_wconf 82' lang='lat' dir='ltr'>vei</span> <span class='ocrx_word' id='word_1_131' title='bbox 1470 1137 1566 1169; x_wconf 89' lang='lat' dir='ltr'>unius</span> 
     </span>
     <span class='ocr_line' id='line_1_17' title="bbox 232 1181 1566 1224; baseline -0.003 -7"><span class='ocrx_word' id='word_1_132' title='bbox 232 1186 305 1217; x_wconf 85' lang='lat' dir='ltr'>iibri</span> <span class='ocrx_word' id='word_1_133' title='bbox 330 1185 532 1217; x_wconf 79' lang='lat' dir='ltr'>auctoritate</span> <span class='ocrx_word' id='word_1_134' title='bbox 557 1186 751 1222; x_wconf 78' lang='lat' dir='ltr'>restituere,</span> <span class='ocrx_word' id='word_1_135' title='bbox 772 1183 972 1224; x_wconf 77' lang='lat' dir='ltr'>praesertim</span> <span class='ocrx_word' id='word_1_136' title='bbox 999 1192 1102 1223; x_wconf 83' lang='lat' dir='ltr'>quum</span> <span class='ocrx_word' id='word_1_137' title='bbox 1132 1181 1322 1213; x_wconf 83' lang='lat' dir='ltr'>Boeckhius</span> <span class='ocrx_word' id='word_1_138' title='bbox 1350 1182 1498 1214; x_wconf 76' lang='lat' dir='ltr'>Prsefat.</span> <span class='ocrx_word' id='word_1_139' title='bbox 1524 1182 1566 1213; x_wconf 80' lang='lat' dir='ltr'>ad</span> 
     </span>
     <span class='ocr_line' id='line_1_18' title="bbox 235 1226 1567 1270; baseline -0.003 -8"><span class='ocrx_word' id='word_1_140' title='bbox 235 1230 366 1264; x_wconf 88' lang='lat' dir='ltr'>Simon.</span> <span class='ocrx_word' id='word_1_141' title='bbox 399 1230 534 1261; x_wconf 77' lang='lat' dir='ltr'>Socrat.</span> <span class='ocrx_word' id='word_1_142' title='bbox 578 1228 689 1261; x_wconf 74' lang='lat' dir='ltr'><strong>Pravf.</strong></span> <span class='ocrx_word' id='word_1_143' title='bbox 723 1239 754 1270; x_wconf 88' lang='lat' dir='ltr'>p.</span> <span class='ocrx_word' id='word_1_144' title='bbox 780 1227 909 1260; x_wconf 87' lang='lat' dir='ltr'><strong>XXXI.</strong></span> <span class='ocrx_word' id='word_1_145' title='bbox 943 1231 977 1259; x_wconf 88' lang='lat' dir='ltr'>et</span> <span class='ocrx_word' id='word_1_146' title='bbox 1010 1228 1041 1259; x_wconf 88' lang='lat' dir='ltr'>in</span> <span class='ocrx_word' id='word_1_147' title='bbox 1072 1230 1222 1260; x_wconf 80' lang='lat' dir='ltr'>annotat.</span> <span class='ocrx_word' id='word_1_148' title='bbox 1252 1227 1326 1259; x_wconf 77' lang='lat' dir='ltr'>crit.</span> <span class='ocrx_word' id='word_1_149' title='bbox 1358 1226 1400 1258; x_wconf 78' lang='lat' dir='ltr'>ad</span> <span class='ocrx_word' id='word_1_150' title='bbox 1429 1226 1567 1258; x_wconf 80' lang='lat' dir='ltr'>Pindari</span> 
     </span>
     <span class='ocr_line' id='line_1_19' title="bbox 232 1271 1566 1317; baseline -0.004 -10"><span class='ocrx_word' id='word_1_151' title='bbox 232 1275 296 1316; x_wconf 71' lang='lat' dir='ltr'>Oly</span> <span class='ocrx_word' id='word_1_152' title='bbox 301 1285 356 1317; x_wconf 88' lang='lat' dir='ltr'>rnp</span> <span class='ocrx_word' id='word_1_153' title='bbox 399 1275 460 1308; x_wconf 90' lang='lat' dir='ltr'><strong>VI.</strong></span> <span class='ocrx_word' id='word_1_154' title='bbox 497 1274 529 1308; x_wconf 88' lang='grc'>6.</span> <span class='ocrx_word' id='word_1_155' title='bbox 562 1273 790 1306; x_wconf 71' lang='lat' dir='ltr'>verisimiliter</span> <span class='ocrx_word' id='word_1_156' title='bbox 822 1273 1048 1314; x_wconf 71' lang='lat' dir='ltr'>disputaverit</span> <span class='ocrx_word' id='word_1_157' title='bbox 1076 1271 1228 1303; x_wconf 74' lang='lat' dir='ltr'>Platonis</span> <span class='ocrx_word' id='word_1_158' title='bbox 1262 1275 1297 1303; x_wconf 85' lang='lat' dir='ltr'>et</span> <span class='ocrx_word' id='word_1_159' title='bbox 1328 1271 1566 1313; x_wconf 75' lang='lat' dir='ltr'>Xenophontis</span> 
     </span>
     <span class='ocr_line' id='line_1_20' title="bbox 230 1285 1566 1362; baseline -0.002 -11"><span class='ocrx_word' id='word_1_160' title='bbox 230 1285 356 1353; x_wconf 51' lang='lat' dir='ltr'>aetate?</span> <span class='ocrx_word' id='word_1_161' title='bbox 368 1318 609 1362; x_wconf 74' lang='lat' dir='ltr'>diphthongum</span> <span class='ocrx_word' id='word_1_162' title='bbox 644 1318 675 1350; x_wconf 90' lang='lat' dir='ltr'>in</span> <span class='ocrx_word' id='word_1_163' title='bbox 704 1318 891 1360; x_wconf 79' lang='lat' dir='ltr'>penultima</span> <span class='ocrx_word' id='word_1_164' title='bbox 922 1317 1048 1361; x_wconf 76' lang='lat' dir='ltr'>syllaba</span> <span class='ocrx_word' id='word_1_165' title='bbox 1080 1316 1222 1349; x_wconf 89' lang='lat' dir='ltr'>nominis</span> <span class='ocrx_word' id='word_1_166' title='bbox 1253 1317 1344 1349; x_wconf 86' lang='lat' dir='ltr'>urbis</span> <span class='ocrx_word' id='word_1_167' title='bbox 1368 1326 1435 1350; x_wconf 90' lang='lat' dir='ltr'>non</span> <span class='ocrx_word' id='word_1_168' title='bbox 1460 1316 1566 1349; x_wconf 82' lang='lat' dir='ltr'>fuisse</span> 
     </span>
    </p>
   </div>
   <div class='ocr_carea' id='block_1_4' title="bbox 226 1439 869 2699">
    <p class='ocr_par' dir='ltr' id='par_1_4' title="bbox 231 1439 869 1620">
     <span class='ocr_line' id='line_1_21' title="bbox 231 1439 868 1484; baseline -0.002 -11"><span class='ocrx_word' id='word_1_169' title='bbox 231 1440 451 1484; x_wconf 75' lang='grc' dir='ltr'><strong><em>α’τειιμιίρτιιις</em></strong></span> <span class='ocrx_word' id='word_1_170' title='bbox 475 1441 640 1483; x_wconf 68' lang='grc' dir='ltr'><strong><em>ἐχόντων,</em></strong></span> <span class='ocrx_word' id='word_1_171' title='bbox 667 1439 754 1473; x_wconf 81' lang='grc' dir='ltr'><strong><em>ὁτου</em></strong></span> <span class='ocrx_word' id='word_1_172' title='bbox 777 1441 868 1473; x_wconf 67' lang='grc' dir='ltr'><strong><em>ἓνεκα</em></strong></span> 
     </span>
     <span class='ocr_line' id='line_1_22' title="bbox 231 1483 869 1539; baseline -0.006 -19"><span class='ocrx_word' id='word_1_173' title='bbox 231 1489 310 1527; x_wconf 71' lang='grc' dir='ltr'><strong><em>ἔστι,</em></strong></span> <span class='ocrx_word' id='word_1_174' title='bbox 334 1487 389 1519; x_wconf 78' lang='grc' dir='ltr'>καὶ</span> <span class='ocrx_word' id='word_1_175' title='bbox 411 1490 475 1519; x_wconf 79' lang='grc' dir='ltr'>τῶν</span> <span class='ocrx_word' id='word_1_176' title='bbox 491 1491 640 1539; x_wconf 55' lang='grc' dir='ltr'><strong><em>φανερῶς</em></strong></span> <span class='ocrx_word' id='word_1_177' title='bbox 660 1484 711 1518; x_wconf 67' lang='grc' dir='ltr'>ἐπ’</span> <span class='ocrx_word' id='word_1_178' title='bbox 727 1483 869 1528; x_wconf 70' lang='grc' dir='ltr'><strong><em>ωφελιίᾳ</em></strong></span> 
     </span>
     <span class='ocr_line' id='line_1_23' title="bbox 233 1530 867 1574; baseline -0.003 -10"><span class='ocrx_word' id='word_1_179' title='bbox 233 1532 355 1573; x_wconf 74' lang='grc' dir='ltr'><strong><em>ὄντων,</em></strong></span> <span class='ocrx_word' id='word_1_180' title='bbox 381 1531 511 1573; x_wconf 72' lang='grc' dir='ltr'><strong><em>πότερα</em></strong></span> <span class='ocrx_word' id='word_1_181' title='bbox 530 1531 639 1573; x_wconf 74' lang='grc' dir='ltr'><strong><em>τύχης</em></strong></span> <span class='ocrx_word' id='word_1_182' title='bbox 659 1532 714 1563; x_wconf 78' lang='grc' dir='ltr'>καὶ</span> <span class='ocrx_word' id='word_1_183' title='bbox 739 1530 867 1574; x_wconf 80' lang='grc' dir='ltr'><strong><em>πότερα</em></strong></span> 
     </span>
     <span class='ocr_line' id='line_1_24' title="bbox 233 1577 630 1631; baseline -0.005 -22"><span class='ocrx_word' id='word_1_184' title='bbox 233 1577 365 1620; x_wconf 70' lang='grc' dir='ltr'><strong><em>γνώμης</em></strong></span> <span class='ocrx_word' id='word_1_185' title='bbox 383 1578 470 1619; x_wconf 74' lang='grc' dir='ltr'>ἔργα</span> <span class='ocrx_word' id='word_1_186' title='bbox 494 1579 630 1631; x_wconf 63' lang='grc' dir='ltr'><strong><em>κρίνειςς</em></strong></span> 
     </span>
    </p>

    <p class='ocr_par' dir='ltr' id='par_1_5' title="bbox 232 1619 868 1879">
     <span class='ocr_line' id='line_1_25' title="bbox 277 1619 866 1665; baseline -0.007 -11"><span class='ocrx_word' id='word_1_187' title='bbox 277 1621 428 1663; x_wconf 69' lang='grc' dir='ltr'><strong><em>ἐπειδή</em></strong></span> <span class='ocrx_word' id='word_1_188' title='bbox 456 1620 533 1665; x_wconf 68' lang='grc' dir='ltr'>γᾶρ</span> <span class='ocrx_word' id='word_1_189' title='bbox 559 1622 602 1653; x_wconf 76' lang='grc' dir='ltr'>αἱ</span> <span class='ocrx_word' id='word_1_190' title='bbox 624 1619 866 1663; x_wconf 75' lang='grc' dir='ltr'><strong><em>μείζοιις-]</em></strong></span> 
     </span>
     <span class='ocr_line' id='line_1_26' title="bbox 229 1663 868 1709; baseline -0.002 -10.986"><span class='ocrx_word' id='word_1_191' title='bbox 229 1663 366 1708; x_wconf 80' lang='grc' dir='ltr'><strong><em>Ἐπειδὴ</em></strong></span> <span class='ocrx_word' id='word_1_192' title='bbox 403 1665 468 1709; x_wconf 64' lang='lat' dir='ltr'>yde</span> <span class='ocrx_word' id='word_1_193' title='bbox 506 1676 607 1708; x_wconf 85' lang='lat' dir='ltr'>quum</span> <span class='ocrx_word' id='word_1_194' title='bbox 651 1675 786 1707; x_wconf 82' lang='lat' dir='ltr'>semper</span> <span class='ocrx_word' id='word_1_195' title='bbox 822 1664 868 1697; x_wconf 76' lang='lat' dir='ltr'>ita</span> 
     </span>
     <span class='ocr_line' id='line_1_27' title="bbox 235 1709 866 1753; baseline -0.005 -9"><span class='ocrx_word' id='word_1_196' title='bbox 235 1717 438 1753; x_wconf 79' lang='lat' dir='ltr'>usurpetur,</span> <span class='ocrx_word' id='word_1_197' title='bbox 463 1715 500 1744; x_wconf 87' lang='lat' dir='ltr'>ut</span> <span class='ocrx_word' id='word_1_198' title='bbox 528 1709 726 1744; x_wconf 77' lang='lat' dir='ltr'>exordiatur</span> <span class='ocrx_word' id='word_1_199' title='bbox 751 1713 866 1751; x_wconf 79' lang='lat' dir='ltr'>prota-</span> 
     </span>
     <span class='ocr_line' id='line_1_28' title="bbox 234 1750 866 1797; baseline -0.005 -8"><span class='ocrx_word' id='word_1_200' title='bbox 234 1757 295 1795; x_wconf 73' lang='grc' dir='ltr'>εἰη,</span> <span class='ocrx_word' id='word_1_201' title='bbox 313 1756 355 1789; x_wconf 79' lang='lat' dir='ltr'>ad</span> <span class='ocrx_word' id='word_1_202' title='bbox 368 1757 422 1788; x_wconf 85' lang='grc' dir='ltr'>Σι</span> <span class='ocrx_word' id='word_1_203' title='bbox 417 1755 577 1797; x_wconf 70' lang='lat' dir='ltr'>pandatur.</span> <span class='ocrx_word' id='word_1_204' title='bbox 590 1757 697 1795; x_wconf 69' lang='grc' dir='ltr'>μέν-</span> <span class='ocrx_word' id='word_1_205' title='bbox 703 1750 866 1796; x_wconf 70' lang='grc' dir='ltr'><em>Ἀθηναῖ-</em></span> 
     </span>
     <span class='ocr_line' id='line_1_29' title="bbox 233 1799 866 1843; baseline -0.008 -9"><span class='ocrx_word' id='word_1_206' title='bbox 233 1814 269 1834; x_wconf 84' lang='grc' dir='ltr'>οι</span> <span class='ocrx_word' id='word_1_207' title='bbox 294 1801 552 1843; x_wconf 79' lang='lat' dir='ltr'>intelligendum</span> <span class='ocrx_word' id='word_1_208' title='bbox 588 1799 723 1833; x_wconf 79' lang='lat' dir='ltr'>videtur</span> <span class='ocrx_word' id='word_1_209' title='bbox 758 1800 866 1841; x_wconf 73' lang='grc' dir='ltr'><strong><em>ἐνίκη-</em></strong></span> 
     </span>
     <span class='ocr_line' id='line_1_30' title="bbox 232 1843 712 1879; baseline -0.009 0"><span class='ocrx_word' id='word_1_210' title='bbox 232 1859 294 1879; x_wconf 80' lang='grc' dir='ltr'>σαν</span> <span class='ocrx_word' id='word_1_211' title='bbox 322 1846 379 1878; x_wconf 78' lang='grc' dir='ltr'>καὶ</span> <span class='ocrx_word' id='word_1_212' title='bbox 403 1827 712 1878; x_wconf 73' lang='grc' dir='ltr'><strong><em>κατεὸοιλώσαντο.</em></strong></span> 
     </span>
    </p>

    <p class='ocr_par' dir='ltr' id='par_1_6' title="bbox 226 1888 867 2699">
     <span class='ocr_line' id='line_1_31' title="bbox 277 1888 866 1930; baseline -0.007 -7"><span class='ocrx_word' id='word_1_213' title='bbox 277 1891 320 1923; x_wconf 89' lang='grc' dir='ltr'>Β.</span> <span class='ocrx_word' id='word_1_214' title='bbox 357 1902 430 1922; x_wconf 71' lang='lat' dir='ltr'>evi·</span> <span class='ocrx_word' id='word_1_215' title='bbox 439 1888 524 1930; x_wconf 75' lang='grc' dir='ltr'>ομα’</span> <span class='ocrx_word' id='word_1_216' title='bbox 535 1901 647 1922; x_wconf 73' lang='lat' dir='ltr'>tarot</span> <span class='ocrx_word' id='word_1_217' title='bbox 673 1890 750 1921; x_wconf 79' lang='grc' dir='ltr'><strong><em>τῶν</em></strong></span> <span class='ocrx_word' id='word_1_218' title='bbox 773 1888 866 1930; x_wconf 75' lang='grc' dir='ltr'><strong><em>περὶ</em></strong></span> 
     </span>
     <span class='ocr_line' id='line_1_32' title="bbox 234 1933 866 1978; baseline -0.005 -10"><span class='ocrx_word' id='word_1_219' title='bbox 234 1935 431 1978; x_wconf 82' lang='grc' dir='ltr'><strong><em>ἐκεῖνον]</em></strong></span> <span class='ocrx_word' id='word_1_220' title='bbox 462 1937 553 1968; x_wconf 82' lang='lat' dir='ltr'>&#39;lim.</span> <span class='ocrx_word' id='word_1_221' title='bbox 582 1946 614 1976; x_wconf 87' lang='lat' dir='ltr'>p.</span> <span class='ocrx_word' id='word_1_222' title='bbox 650 1935 706 1968; x_wconf 78' lang='lat'><strong>20.</strong></span> <span class='ocrx_word' id='word_1_223' title='bbox 739 1937 778 1967; x_wconf 80' lang='lat' dir='ltr'><strong>A.</strong></span> <span class='ocrx_word' id='word_1_224' title='bbox 810 1933 866 1966; x_wconf 87' lang='grc' dir='ltr'><strong><em>Τι’-</em></strong></span> 
     </span>
     <span class='ocr_line' id='line_1_33' title="bbox 231 1977 867 2022; baseline -0.003 -8"><span class='ocrx_word' id='word_1_225' title='bbox 231 1979 334 2021; x_wconf 76' lang='grc' dir='ltr'><strong><em>μαιόε</em></strong></span> <span class='ocrx_word' id='word_1_226' title='bbox 367 1993 400 2013; x_wconf 79' lang='grc' dir='ltr'><strong><em>τε</em></strong></span> <span class='ocrx_word' id='word_1_227' title='bbox 431 1980 495 2022; x_wconf 77' lang='grc' dir='ltr'>γὰρ</span> <span class='ocrx_word' id='word_1_228' title='bbox 526 1978 601 2018; x_wconf 82' lang='grc' dir='ltr'><strong><em>ὅδε,</em></strong></span> <span class='ocrx_word' id='word_1_229' title='bbox 631 1977 867 2021; x_wconf 62' lang='lat' dir='ltr'>et&#39;iofzmtoinls·</span> 
     </span>
     <span class='ocr_line' id='line_1_34' title="bbox 232 2022 866 2068; baseline -0.003 -10"><span class='ocrx_word' id='word_1_230' title='bbox 232 2024 281 2058; x_wconf 77' lang='grc' dir='ltr'>ὦν</span> <span class='ocrx_word' id='word_1_231' title='bbox 305 2025 446 2064; x_wconf 72' lang='grc' dir='ltr'><strong><em>πόλεως,</em></strong></span> <span class='ocrx_word' id='word_1_232' title='bbox 475 2027 534 2068; x_wconf 72' lang='grc' dir='ltr'>τῆς</span> <span class='ocrx_word' id='word_1_233' title='bbox 557 2025 593 2058; x_wconf 78' lang='grc' dir='ltr'>ἐν</span> <span class='ocrx_word' id='word_1_234' title='bbox 606 2022 722 2067; x_wconf 79' lang='grc' dir='ltr'><strong><em>Ἰταλίᾳ</em></strong></span> <span class='ocrx_word' id='word_1_235' title='bbox 738 2025 866 2067; x_wconf 83' lang='grc' dir='ltr'><strong><em>Λοκρί-</em></strong></span> 
     </span>
     <span class='ocr_line' id='line_1_35' title="bbox 230 2070 865 2115; baseline -0.003 -11"><span class='ocrx_word' id='word_1_236' title='bbox 230 2070 310 2115; x_wconf 67' lang='grc' dir='ltr'><strong><em>δος,</em></strong></span> <span class='ocrx_word' id='word_1_237' title='bbox 341 2083 370 2104; x_wconf 83' lang='grc' dir='ltr'>κ.</span> <span class='ocrx_word' id='word_1_238' title='bbox 402 2083 429 2108; x_wconf 87' lang='grc' dir='ltr'><strong>τ.</strong></span> <span class='ocrx_word' id='word_1_239' title='bbox 461 2073 490 2104; x_wconf 73' lang='grc'>1..</span> <span class='ocrx_word' id='word_1_240' title='bbox 543 2071 599 2103; x_wconf 88' lang='lat' dir='ltr'>De</span> <span class='ocrx_word' id='word_1_241' title='bbox 629 2072 764 2112; x_wconf 88' lang='lat' dir='ltr'>legibus</span> <span class='ocrx_word' id='word_1_242' title='bbox 794 2070 865 2102; x_wconf 88' lang='lat' dir='ltr'>Lo-</span> 
     </span>
     <span class='ocr_line' id='line_1_36' title="bbox 231 2117 865 2157; baseline -0.002 -9"><span class='ocrx_word' id='word_1_243' title='bbox 231 2119 403 2150; x_wconf 89' lang='lat' dir='ltr'>crensium</span> <span class='ocrx_word' id='word_1_244' title='bbox 428 2117 583 2149; x_wconf 67' lang='lat' dir='ltr'>‘Zaleuco</span> <span class='ocrx_word' id='word_1_245' title='bbox 613 2121 755 2148; x_wconf 80' lang='lat' dir='ltr'>auctore</span> <span class='ocrx_word' id='word_1_246' title='bbox 784 2125 865 2157; x_wconf 89' lang='lat' dir='ltr'>pro-</span> 
     </span>
     <span class='ocr_line' id='line_1_37' title="bbox 230 2161 864 2205; baseline -0.005 -10"><span class='ocrx_word' id='word_1_247' title='bbox 230 2164 395 2203; x_wconf 78' lang='lat' dir='ltr'>mulgatis</span> <span class='ocrx_word' id='word_1_248' title='bbox 437 2162 630 2205; x_wconf 77' lang='lat' dir='ltr'>disputavit</span> <span class='ocrx_word' id='word_1_249' title='bbox 667 2162 700 2193; x_wconf 89' lang='lat' dir='ltr'>H</span> <span class='ocrx_word' id='word_1_250' title='bbox 708 2172 726 2194; x_wconf 89' lang='lat' dir='ltr'>e</span> <span class='ocrx_word' id='word_1_251' title='bbox 735 2172 757 2203; x_wconf 84' lang='lat' dir='ltr'><strong>y</strong></span> <span class='ocrx_word' id='word_1_252' title='bbox 766 2161 808 2192; x_wconf 88' lang='lat' dir='ltr'>ni</span> <span class='ocrx_word' id='word_1_253' title='bbox 818 2171 840 2194; x_wconf 87' lang='lat' dir='ltr'>u</span> <span class='ocrx_word' id='word_1_254' title='bbox 849 2171 864 2192; x_wconf 88' lang='lat' dir='ltr'>s</span> 
     </span>
     <span class='ocr_line' id='line_1_38' title="bbox 231 2205 867 2249; baseline -0.002 -11"><span class='ocrx_word' id='word_1_255' title='bbox 231 2206 359 2249; x_wconf 88' lang='lat' dir='ltr'>Opusc.</span> <span class='ocrx_word' id='word_1_256' title='bbox 386 2209 498 2240; x_wconf 83' lang='lat' dir='ltr'>Acad.</span> <span class='ocrx_word' id='word_1_257' title='bbox 515 2207 557 2241; x_wconf 87' lang='grc'><strong>11.</strong></span> <span class='ocrx_word' id='word_1_258' title='bbox 571 2217 604 2248; x_wconf 90' lang='lat' dir='ltr'>p.</span> <span class='ocrx_word' id='word_1_259' title='bbox 628 2207 672 2240; x_wconf 89' lang='lat'>12</span> <span class='ocrx_word' id='word_1_260' title='bbox 686 2217 762 2248; x_wconf 91' lang='lat' dir='ltr'>sqq.</span> <span class='ocrx_word' id='word_1_261' title='bbox 787 2205 867 2240; x_wconf 88' lang='grc'><strong>119.</strong></span> 
     </span>
     <span class='ocr_line' id='line_1_39' title="bbox 232 2252 862 2286; baseline -0.002 -2"><span class='ocrx_word' id='word_1_262' title='bbox 232 2253 325 2285; x_wconf 81' lang='lat' dir='ltr'>conf.</span> <span class='ocrx_word' id='word_1_263' title='bbox 359 2254 462 2286; x_wconf 87' lang='lat' dir='ltr'>etiam</span> <span class='ocrx_word' id='word_1_264' title='bbox 496 2252 762 2284; x_wconf 82' lang='lat' dir='ltr'>Hermannus</span> <span class='ocrx_word' id='word_1_265' title='bbox 787 2253 862 2283; x_wconf 90' lang='lat' dir='ltr'>An-</span> 
     </span>
     <span class='ocr_line' id='line_1_40' title="bbox 229 2293 864 2339; baseline 0 -11"><span class='ocrx_word' id='word_1_266' title='bbox 229 2298 395 2339; x_wconf 76' lang='lat' dir='ltr'>tiquitatt.</span> <span class='ocrx_word' id='word_1_267' title='bbox 421 2297 545 2330; x_wconf 84' lang='lat' dir='ltr'>Graec.</span> <span class='ocrx_word' id='word_1_268' title='bbox 570 2297 598 2337; x_wconf 84' lang='lat'><strong>§.</strong></span> <span class='ocrx_word' id='word_1_269' title='bbox 623 2296 678 2331; x_wconf 89' lang='grc'>88.</span> <span class='ocrx_word' id='word_1_270' title='bbox 697 2293 773 2338; x_wconf 67' lang='lat' dir='ltr'>sq‘q.</span> <span class='ocrx_word' id='word_1_271' title='bbox 807 2296 864 2328; x_wconf 90' lang='lat' dir='ltr'>De</span> 
     </span>
     <span class='ocr_line' id='line_1_41' title="bbox 229 2341 863 2384; baseline -0.002 -9"><span class='ocrx_word' id='word_1_272' title='bbox 229 2343 463 2375; x_wconf 77' lang='lat' dir='ltr'>Locrensibus</span> <span class='ocrx_word' id='word_1_273' title='bbox 509 2353 531 2375; x_wconf 77' lang='lat' dir='ltr'>a</span> <span class='ocrx_word' id='word_1_274' title='bbox 568 2341 765 2384; x_wconf 71' lang='lat' dir='ltr'>Syracusiis</span> <span class='ocrx_word' id='word_1_275' title='bbox 810 2351 863 2374; x_wconf 89' lang='lat' dir='ltr'>re-</span> 
     </span>
     <span class='ocr_line' id='line_1_42' title="bbox 231 2388 864 2429; baseline -0.005 -8"><span class='ocrx_word' id='word_1_276' title='bbox 231 2393 360 2429; x_wconf 84' lang='lat' dir='ltr'>gnante</span> <span class='ocrx_word' id='word_1_277' title='bbox 375 2388 543 2429; x_wconf 86' lang='lat' dir='ltr'>Dionysio</span> <span class='ocrx_word' id='word_1_278' title='bbox 560 2388 693 2419; x_wconf 85' lang='lat' dir='ltr'>minore</span> <span class='ocrx_word' id='word_1_279' title='bbox 717 2388 864 2420; x_wconf 76' lang='lat' dir='ltr'>devictis</span> 
     </span>
     <span class='ocr_line' id='line_1_43' title="bbox 231 2432 863 2474; baseline -0.002 -10"><span class='ocrx_word' id='word_1_280' title='bbox 231 2443 262 2464; x_wconf 87' lang='lat' dir='ltr'><strong>v.</strong></span> <span class='ocrx_word' id='word_1_281' title='bbox 290 2433 511 2466; x_wconf 88' lang='lat' dir='ltr'>Bentleius</span> <span class='ocrx_word' id='word_1_282' title='bbox 542 2432 708 2474; x_wconf 86' lang='lat' dir='ltr'>Opuscul.</span> <span class='ocrx_word' id='word_1_283' title='bbox 734 2432 863 2465; x_wconf 82' lang='lat' dir='ltr'>Philol.</span> 
     </span>
     <span class='ocr_line' id='line_1_44' title="bbox 228 2476 863 2520; baseline 0 -11"><span class='ocrx_word' id='word_1_284' title='bbox 228 2488 263 2519; x_wconf 89' lang='lat' dir='ltr'>p.</span> <span class='ocrx_word' id='word_1_285' title='bbox 293 2476 372 2512; x_wconf 81' lang='lat'><strong>342.</strong></span> <span class='ocrx_word' id='word_1_286' title='bbox 403 2489 456 2520; x_wconf 87' lang='lat' dir='ltr'>sq.</span> <span class='ocrx_word' id='word_1_287' title='bbox 490 2477 551 2509; x_wconf 86' lang='lat' dir='ltr'>ubi</span> <span class='ocrx_word' id='word_1_288' title='bbox 582 2488 658 2510; x_wconf 71' lang='lat' dir='ltr'>eam</span> <span class='ocrx_word' id='word_1_289' title='bbox 681 2478 863 2510; x_wconf 78' lang='lat' dir='ltr'>victoriam</span> 
     </span>
     <span class='ocr_line' id='line_1_45' title="bbox 229 2521 862 2564; baseline -0.002 -10"><span class='ocrx_word' id='word_1_290' title='bbox 229 2521 366 2564; x_wconf 84' lang='lat' dir='ltr'>Olymp.</span> <span class='ocrx_word' id='word_1_291' title='bbox 390 2523 468 2558; x_wconf 86' lang='lat'><strong>106.</strong></span> <span class='ocrx_word' id='word_1_292' title='bbox 492 2522 526 2556; x_wconf 93' lang='lat'><strong>1.</strong></span> <span class='ocrx_word' id='word_1_293' title='bbox 550 2532 595 2554; x_wconf 87' lang='lat'><strong><em>=</em></strong></span> <span class='ocrx_word' id='word_1_294' title='bbox 617 2522 697 2558; x_wconf 87' lang='lat'><strong>356.</strong></span> <span class='ocrx_word' id='word_1_295' title='bbox 721 2533 752 2556; x_wconf 74' lang='lat' dir='ltr'><strong>a.</strong></span> <span class='ocrx_word' id='word_1_296' title='bbox 777 2522 862 2554; x_wconf 87' lang='lat' dir='ltr'>Chr.</span> 
     </span>
     <span class='ocr_line' id='line_1_46' title="bbox 226 2566 861 2609; baseline 0 -10"><span class='ocrx_word' id='word_1_297' title='bbox 226 2577 262 2599; x_wconf 87' lang='lat' dir='ltr'>n.</span> <span class='ocrx_word' id='word_1_298' title='bbox 285 2573 498 2609; x_wconf 80' lang='lat' dir='ltr'>reportatam</span> <span class='ocrx_word' id='word_1_299' title='bbox 520 2578 596 2600; x_wconf 82' lang='lat' dir='ltr'>esse</span> <span class='ocrx_word' id='word_1_300' title='bbox 609 2568 721 2600; x_wconf 84' lang='lat' dir='ltr'>docet.</span> <span class='ocrx_word' id='word_1_301' title='bbox 757 2566 861 2605; x_wconf 82' lang='lat' dir='ltr'>Quod</span> 
     </span>
     <span class='ocr_line' id='line_1_47' title="bbox 227 2612 861 2651; baseline -0.002 -6"><span class='ocrx_word' id='word_1_302' title='bbox 227 2613 258 2645; x_wconf 89' lang='lat' dir='ltr'>si</span> <span class='ocrx_word' id='word_1_303' title='bbox 295 2622 377 2645; x_wconf 80' lang='lat' dir='ltr'>vere</span> <span class='ocrx_word' id='word_1_304' title='bbox 412 2614 463 2647; x_wconf 81' lang='lat' dir='ltr'>ita</span> <span class='ocrx_word' id='word_1_305' title='bbox 500 2613 680 2651; x_wconf 78' lang='lat' dir='ltr'>statuitur,</span> <span class='ocrx_word' id='word_1_306' title='bbox 710 2612 861 2645; x_wconf 78' lang='lat' dir='ltr'>victoria</span> 
     </span>
     <span class='ocr_line' id='line_1_48' title="bbox 227 2656 859 2699; baseline 0 -9"><span class='ocrx_word' id='word_1_307' title='bbox 227 2656 526 2699; x_wconf 80' lang='lat' dir='ltr'>Syracusanorum</span> <span class='ocrx_word' id='word_1_308' title='bbox 557 2662 721 2699; x_wconf 79' lang='lat' dir='ltr'>quattuor</span> <span class='ocrx_word' id='word_1_309' title='bbox 751 2658 859 2690; x_wconf 78' lang='lat' dir='ltr'>ferme</span> 
     </span>
    </p>
   </div>
   <div class='ocr_carea' id='block_1_5' title="bbox 924 1439 1567 2699">
    <p class='ocr_par' dir='ltr' id='par_1_7' title="bbox 932 1439 1567 1798">
     <span class='ocr_line' id='line_1_49' title="bbox 935 1439 1566 1482; baseline 0 -11"><span class='ocrx_word' id='word_1_310' title='bbox 935 1441 1036 1472; x_wconf 82' lang='lat' dir='ltr'>annis</span> <span class='ocrx_word' id='word_1_311' title='bbox 1060 1445 1140 1482; x_wconf 87' lang='lat' dir='ltr'>post</span> <span class='ocrx_word' id='word_1_312' title='bbox 1170 1440 1308 1471; x_wconf 82' lang='lat' dir='ltr'>tertium</span> <span class='ocrx_word' id='word_1_313' title='bbox 1336 1439 1493 1473; x_wconf 78' lang='lat' dir='ltr'>Platonis</span> <span class='ocrx_word' id='word_1_314' title='bbox 1523 1450 1566 1472; x_wconf 87' lang='lat' dir='ltr'>ex</span> 
     </span>
     <span class='ocr_line' id='line_1_50' title="bbox 935 1485 1567 1527; baseline 0 -10"><span class='ocrx_word' id='word_1_315' title='bbox 935 1485 1057 1518; x_wconf 86' lang='lat' dir='ltr'>Sicilia</span> <span class='ocrx_word' id='word_1_316' title='bbox 1085 1486 1250 1523; x_wconf 82' lang='lat' dir='ltr'>reditum,</span> <span class='ocrx_word' id='word_1_317' title='bbox 1279 1485 1339 1527; x_wconf 87' lang='lat' dir='ltr'>qui</span> <span class='ocrx_word' id='word_1_318' title='bbox 1370 1486 1494 1517; x_wconf 82' lang='lat' dir='ltr'>incidit</span> <span class='ocrx_word' id='word_1_319' title='bbox 1529 1486 1567 1517; x_wconf 90' lang='lat' dir='ltr'>in</span> 
     </span>
     <span class='ocr_line' id='line_1_51' title="bbox 935 1529 1566 1572; baseline 0 -9"><span class='ocrx_word' id='word_1_320' title='bbox 935 1530 1070 1572; x_wconf 84' lang='lat' dir='ltr'>Olymp.</span> <span class='ocrx_word' id='word_1_321' title='bbox 1096 1530 1173 1564; x_wconf 86' lang='lat'><strong>105.</strong></span> <span class='ocrx_word' id='word_1_322' title='bbox 1200 1531 1231 1564; x_wconf 93' lang='lat'><strong>1.</strong></span> <span class='ocrx_word' id='word_1_323' title='bbox 1258 1539 1302 1561; x_wconf 87' lang='lat'>=</span> <span class='ocrx_word' id='word_1_324' title='bbox 1326 1529 1420 1571; x_wconf 65' lang='lat'>360„</span> <span class='ocrx_word' id='word_1_325' title='bbox 1447 1541 1566 1572; x_wconf 85' lang='lat' dir='ltr'>repor-</span> 
     </span>
     <span class='ocr_line' id='line_1_52' title="bbox 934 1576 1566 1618; baseline 0.003 -12"><span class='ocrx_word' id='word_1_326' title='bbox 934 1580 1008 1607; x_wconf 77' lang='lat' dir='ltr'>tata</span> <span class='ocrx_word' id='word_1_327' title='bbox 1032 1580 1093 1607; x_wconf 83' lang='lat' dir='ltr'>est.</span> <span class='ocrx_word' id='word_1_328' title='bbox 1126 1576 1195 1607; x_wconf 81' lang='lat' dir='ltr'>iam</span> <span class='ocrx_word' id='word_1_329' title='bbox 1219 1586 1302 1608; x_wconf 86' lang='lat' dir='ltr'>vero</span> <span class='ocrx_word' id='word_1_330' title='bbox 1319 1576 1566 1618; x_wconf 83' lang='lat' dir='ltr'>philosophum</span> 
     </span>
     <span class='ocr_line' id='line_1_53' title="bbox 935 1619 1565 1662; baseline 0.002 -10"><span class='ocrx_word' id='word_1_331' title='bbox 935 1625 1072 1652; x_wconf 79' lang='lat' dir='ltr'>constat</span> <span class='ocrx_word' id='word_1_332' title='bbox 1095 1619 1232 1662; x_wconf 87' lang='lat' dir='ltr'>Olymp.</span> <span class='ocrx_word' id='word_1_333' title='bbox 1257 1621 1335 1655; x_wconf 88' lang='lat'><strong>108.</strong></span> <span class='ocrx_word' id='word_1_334' title='bbox 1356 1621 1389 1654; x_wconf 91' lang='lat'><strong>1.</strong></span> <span class='ocrx_word' id='word_1_335' title='bbox 1414 1632 1457 1653; x_wconf 74' lang='grc' dir='ltr'>Ξ</span> <span class='ocrx_word' id='word_1_336' title='bbox 1485 1621 1565 1656; x_wconf 87' lang='grc'><strong>348.</strong></span> 
     </span>
     <span class='ocr_line' id='line_1_54' title="bbox 933 1666 1566 1708; baseline 0.005 -12"><span class='ocrx_word' id='word_1_337' title='bbox 933 1667 1025 1697; x_wconf 85' lang='lat' dir='ltr'>diem</span> <span class='ocrx_word' id='word_1_338' title='bbox 1049 1675 1245 1706; x_wconf 85' lang='lat' dir='ltr'>supremum</span> <span class='ocrx_word' id='word_1_339' title='bbox 1270 1667 1409 1698; x_wconf 86' lang='lat' dir='ltr'>obiisse.</span> <span class='ocrx_word' id='word_1_340' title='bbox 1443 1666 1566 1708; x_wconf 83' lang='lat' dir='ltr'>ltaque</span> 
     </span>
     <span class='ocr_line' id='line_1_55' title="bbox 932 1711 1564 1751; baseline 0.005 -9"><span class='ocrx_word' id='word_1_341' title='bbox 932 1711 1046 1751; x_wconf 81' lang='lat' dir='ltr'>Leges</span> <span class='ocrx_word' id='word_1_342' title='bbox 1070 1711 1165 1742; x_wconf 82' lang='lat' dir='ltr'>intra</span> <span class='ocrx_word' id='word_1_343' title='bbox 1182 1711 1250 1743; x_wconf 92' lang='lat' dir='ltr'>hoc</span> <span class='ocrx_word' id='word_1_344' title='bbox 1264 1712 1462 1743; x_wconf 85' lang='lat' dir='ltr'>octennium</span> <span class='ocrx_word' id='word_1_345' title='bbox 1479 1713 1564 1744; x_wconf 87' lang='lat' dir='ltr'>scri·</span> 
     </span>
     <span class='ocr_line' id='line_1_56' title="bbox 934 1760 1130 1798; baseline 0 -11"><span class='ocrx_word' id='word_1_346' title='bbox 934 1760 1015 1798; x_wconf 79' lang='lat' dir='ltr'>ptae</span> <span class='ocrx_word' id='word_1_347' title='bbox 1040 1760 1130 1787; x_wconf 85' lang='lat' dir='ltr'>sunt.</span> 
     </span>
    </p>

    <p class='ocr_par' dir='ltr' id='par_1_8' title="bbox 929 1796 1565 2383">
     <span class='ocr_line' id='line_1_57' title="bbox 978 1796 1564 1842; baseline 0.003 -11"><span class='ocrx_word' id='word_1_348' title='bbox 978 1800 1139 1832; x_wconf 73' lang='grc' dir='ltr'><strong><em>Κείους</em></strong></span> <span class='ocrx_word' id='word_1_349' title='bbox 1168 1799 1212 1832; x_wconf 83' lang='grc' dir='ltr'>δὲ</span> <span class='ocrx_word' id='word_1_350' title='bbox 1237 1796 1478 1842; x_wconf 76' lang='grc' dir='ltr'><strong><em>Ἀθηναῖοι]</em></strong></span> <span class='ocrx_word' id='word_1_351' title='bbox 1509 1801 1564 1833; x_wconf 89' lang='lat' dir='ltr'>De</span> 
     </span>
     <span class='ocr_line' id='line_1_58' title="bbox 933 1845 1564 1878; baseline 0.002 -1"><span class='ocrx_word' id='word_1_352' title='bbox 933 1846 1037 1877; x_wconf 88' lang='lat' dir='ltr'>bonis</span> <span class='ocrx_word' id='word_1_353' title='bbox 1067 1845 1218 1877; x_wconf 89' lang='lat' dir='ltr'>Ceorum</span> <span class='ocrx_word' id='word_1_354' title='bbox 1254 1846 1411 1878; x_wconf 86' lang='lat' dir='ltr'>moribus</span> <span class='ocrx_word' id='word_1_355' title='bbox 1442 1851 1476 1877; x_wconf 83' lang='lat' dir='ltr'>et</span> <span class='ocrx_word' id='word_1_356' title='bbox 1510 1847 1564 1878; x_wconf 90' lang='lat' dir='ltr'>in·</span> 
     </span>
     <span class='ocr_line' id='line_1_59' title="bbox 933 1890 1565 1933; baseline 0.002 -11"><span class='ocrx_word' id='word_1_357' title='bbox 933 1891 1064 1922; x_wconf 82' lang='lat' dir='ltr'>stitutis</span> <span class='ocrx_word' id='word_1_358' title='bbox 1089 1902 1123 1922; x_wconf 84' lang='lat' dir='ltr'><strong>v.</strong></span> <span class='ocrx_word' id='word_1_359' title='bbox 1146 1892 1191 1923; x_wconf 85' lang='lat' dir='ltr'>ad</span> <span class='ocrx_word' id='word_1_360' title='bbox 1219 1890 1402 1933; x_wconf 84' lang='lat' dir='ltr'>Protagor.</span> <span class='ocrx_word' id='word_1_361' title='bbox 1426 1902 1459 1932; x_wconf 91' lang='lat' dir='ltr'>p.</span> <span class='ocrx_word' id='word_1_362' title='bbox 1485 1891 1565 1926; x_wconf 85' lang='lat'><strong>341.</strong></span> 
     </span>
     <span class='ocr_line' id='line_1_60' title="bbox 933 1935 1564 1971; baseline 0.002 -3"><span class='ocrx_word' id='word_1_363' title='bbox 933 1936 976 1968; x_wconf 83' lang='lat' dir='ltr'><strong>E.</strong></span> <span class='ocrx_word' id='word_1_364' title='bbox 1009 1935 1164 1968; x_wconf 69' lang='lat' dir='ltr'>Muller</span> <span class='ocrx_word' id='word_1_365' title='bbox 1199 1935 1363 1969; x_wconf 86' lang='lat' dir='ltr'>Dorieus.</span> <span class='ocrx_word' id='word_1_366' title='bbox 1400 1935 1442 1968; x_wconf 83' lang='lat'>11.</span> <span class='ocrx_word' id='word_1_367' title='bbox 1483 1936 1564 1971; x_wconf 78' lang='lat'><strong>226.</strong></span> 
     </span>
     <span class='ocr_line' id='line_1_61' title="bbox 932 1980 1564 2023; baseline 0.002 -11"><span class='ocrx_word' id='word_1_368' title='bbox 932 1982 1095 2022; x_wconf 83' lang='lat' dir='ltr'>Aeginet.</span> <span class='ocrx_word' id='word_1_369' title='bbox 1124 1992 1158 2023; x_wconf 94' lang='lat' dir='ltr'>p.</span> <span class='ocrx_word' id='word_1_370' title='bbox 1186 1980 1264 2014; x_wconf 82' lang='lat'><strong>132.</strong></span> <span class='ocrx_word' id='word_1_371' title='bbox 1289 1982 1494 2014; x_wconf 85' lang='lat' dir='ltr'>Meineek&#39;.</span> <span class='ocrx_word' id='word_1_372' title='bbox 1519 1983 1564 2014; x_wconf 82' lang='lat' dir='ltr'>ad</span> 
     </span>
     <span class='ocr_line' id='line_1_62' title="bbox 930 2026 1563 2067; baseline 0 -9"><span class='ocrx_word' id='word_1_373' title='bbox 930 2026 1116 2058; x_wconf 82' lang='lat' dir='ltr'>Menandr.</span> <span class='ocrx_word' id='word_1_374' title='bbox 1154 2026 1296 2067; x_wconf 81' lang='lat' dir='ltr'>Fragm.</span> <span class='ocrx_word' id='word_1_375' title='bbox 1339 2027 1417 2061; x_wconf 87' lang='lat'><strong>135.</strong></span> <span class='ocrx_word' id='word_1_376' title='bbox 1473 2026 1563 2058; x_wconf 90' lang='lat' dir='ltr'>Sub-</span> 
     </span>
     <span class='ocr_line' id='line_1_63' title="bbox 930 2071 1564 2113; baseline 0.002 -10"><span class='ocrx_word' id='word_1_377' title='bbox 930 2072 1010 2103; x_wconf 84' lang='lat' dir='ltr'>ieeti</span> <span class='ocrx_word' id='word_1_378' title='bbox 1034 2075 1115 2103; x_wconf 81' lang='lat' dir='ltr'>sunt</span> <span class='ocrx_word' id='word_1_379' title='bbox 1125 2071 1393 2104; x_wconf 80' lang='lat' dir='ltr'>Atheniensium</span> <span class='ocrx_word' id='word_1_380' title='bbox 1403 2072 1564 2113; x_wconf 80' lang='lat' dir='ltr'>imperio,</span> 
     </span>
     <span class='ocr_line' id='line_1_64' title="bbox 930 2116 1562 2158; baseline 0.002 -10"><span class='ocrx_word' id='word_1_381' title='bbox 930 2121 1155 2158; x_wconf 78' lang='lat' dir='ltr'>posteaquam</span> <span class='ocrx_word' id='word_1_382' title='bbox 1193 2116 1382 2149; x_wconf 86' lang='lat' dir='ltr'>fortissime</span> <span class='ocrx_word' id='word_1_383' title='bbox 1418 2117 1562 2150; x_wconf 82' lang='lat' dir='ltr'>liberta-</span> 
     </span>
     <span class='ocr_line' id='line_1_65' title="bbox 931 2161 1560 2203; baseline 0.003 -11"><span class='ocrx_word' id='word_1_384' title='bbox 931 2167 998 2194; x_wconf 86' lang='lat' dir='ltr'>tem</span> <span class='ocrx_word' id='word_1_385' title='bbox 1013 2171 1110 2193; x_wconf 77' lang='lat' dir='ltr'>suam</span> <span class='ocrx_word' id='word_1_386' title='bbox 1127 2161 1365 2200; x_wconf 78' lang='lat' dir='ltr'>defenderant,</span> <span class='ocrx_word' id='word_1_387' title='bbox 1380 2163 1560 2203; x_wconf 82' lang='lat' dir='ltr'>incertum,</span> 
     </span>
     <span class='ocr_line' id='line_1_66' title="bbox 930 2206 1560 2248; baseline 0.002 -10"><span class='ocrx_word' id='word_1_388' title='bbox 930 2216 998 2248; x_wconf 91' lang='lat' dir='ltr'>quo</span> <span class='ocrx_word' id='word_1_389' title='bbox 1022 2210 1189 2247; x_wconf 85' lang='lat' dir='ltr'>tempore.</span> <span class='ocrx_word' id='word_1_390' title='bbox 1215 2218 1247 2238; x_wconf 84' lang='lat' dir='ltr'><strong>v.</strong></span> <span class='ocrx_word' id='word_1_391' title='bbox 1269 2206 1430 2240; x_wconf 80' lang='lat' dir='ltr'>Strabo</span> <span class='ocrx_word' id='word_1_392' title='bbox 1454 2207 1500 2241; x_wconf 89' lang='lat' dir='ltr'><strong>X.</strong></span> <span class='ocrx_word' id='word_1_393' title='bbox 1525 2218 1560 2248; x_wconf 89' lang='lat' dir='ltr'>p.</span> 
     </span>
     <span class='ocr_line' id='line_1_67' title="bbox 929 2250 1562 2294; baseline -0.003 -8"><span class='ocrx_word' id='word_1_394' title='bbox 929 2251 1008 2286; x_wconf 85' lang='lat'><strong>486.</strong></span> <span class='ocrx_word' id='word_1_395' title='bbox 1033 2250 1151 2292; x_wconf 81' lang='lat' dir='ltr'>steph</span> <span class='ocrx_word' id='word_1_396' title='bbox 1176 2251 1213 2282; x_wconf 90' lang='lat' dir='ltr'>in</span> <span class='ocrx_word' id='word_1_397' title='bbox 1237 2262 1344 2294; x_wconf 87' lang='lat' dir='ltr'>marg.</span> <span class='ocrx_word' id='word_1_398' title='bbox 1369 2251 1492 2291; x_wconf 73' lang='grc' dir='ltr'><strong><em>Χίους,</em></strong></span> <span class='ocrx_word' id='word_1_399' title='bbox 1517 2254 1562 2284; x_wconf 87' lang='lat' dir='ltr'>de</span> 
     </span>
     <span class='ocr_line' id='line_1_68' title="bbox 929 2297 1560 2339; baseline 0.005 -11"><span class='ocrx_word' id='word_1_400' title='bbox 929 2306 997 2339; x_wconf 76' lang='lat' dir='ltr'>qua</span> <span class='ocrx_word' id='word_1_401' title='bbox 1018 2297 1273 2337; x_wconf 78' lang='lat' dir='ltr'>permutatione</span> <span class='ocrx_word' id='word_1_402' title='bbox 1308 2309 1340 2330; x_wconf 88' lang='lat' dir='ltr'><strong>v.</strong></span> <span class='ocrx_word' id='word_1_403' title='bbox 1364 2299 1409 2330; x_wconf 80' lang='lat' dir='ltr'>ad</span> <span class='ocrx_word' id='word_1_404' title='bbox 1434 2298 1560 2331; x_wconf 79' lang='lat' dir='ltr'>Prota·</span> 
     </span>
     <span class='ocr_line' id='line_1_69' title="bbox 930 2342 1105 2383; baseline -0.006 -9"><span class='ocrx_word' id='word_1_405' title='bbox 930 2351 1004 2383; x_wconf 80' lang='lat' dir='ltr'>gor.</span> <span class='ocrx_word' id='word_1_406' title='bbox 1027 2342 1051 2373; x_wconf 90' lang='lat'><strong>1.</strong></span> <span class='ocrx_word' id='word_1_407' title='bbox 1077 2352 1105 2373; x_wconf 89' lang='lat' dir='ltr'>c.</span> 
     </span>
    </p>

    <p class='ocr_par' dir='ltr' id='par_1_9' title="bbox 927 2382 1560 2555">
     <span class='ocr_line' id='line_1_70' title="bbox 974 2382 1560 2429; baseline 0.002 -11"><span class='ocrx_word' id='word_1_408' title='bbox 974 2386 1073 2428; x_wconf 79' lang='grc' dir='ltr'><strong><em>περὶ</em></strong></span> <span class='ocrx_word' id='word_1_409' title='bbox 1106 2382 1242 2418; x_wconf 77' lang='grc' dir='ltr'><strong><em>αὐτοῦ</em></strong></span> <span class='ocrx_word' id='word_1_410' title='bbox 1271 2385 1479 2429; x_wconf 77' lang='grc' dir='ltr'><strong><em>ἑκάστου]</em></strong></span> <span class='ocrx_word' id='word_1_411' title='bbox 1512 2387 1560 2419; x_wconf 88' lang='lat' dir='ltr'>de</span> 
     </span>
     <span class='ocr_line' id='line_1_71' title="bbox 929 2432 1560 2474; baseline 0.005 -12"><span class='ocrx_word' id='word_1_412' title='bbox 929 2441 1014 2464; x_wconf 89' lang='lat' dir='ltr'>uno</span> <span class='ocrx_word' id='word_1_413' title='bbox 1045 2441 1215 2473; x_wconf 85' lang='lat' dir='ltr'>quoque</span> <span class='ocrx_word' id='word_1_414' title='bbox 1244 2432 1450 2464; x_wconf 81' lang='lat' dir='ltr'>instituto</span> <span class='ocrx_word' id='word_1_415' title='bbox 1485 2442 1560 2474; x_wconf 88' lang='lat' dir='ltr'>per</span> 
     </span>
     <span class='ocr_line' id='line_1_72' title="bbox 929 2477 1560 2518; baseline 0 -9"><span class='ocrx_word' id='word_1_416' title='bbox 929 2487 972 2509; x_wconf 82' lang='lat' dir='ltr'>se</span> <span class='ocrx_word' id='word_1_417' title='bbox 995 2480 1211 2518; x_wconf 78' lang='lat' dir='ltr'>spectato,</span> <span class='ocrx_word' id='word_1_418' title='bbox 1231 2477 1329 2509; x_wconf 82' lang='lat' dir='ltr'>nulla</span> <span class='ocrx_word' id='word_1_419' title='bbox 1352 2478 1472 2510; x_wconf 77' lang='lat' dir='ltr'>habita</span> <span class='ocrx_word' id='word_1_420' title='bbox 1495 2479 1560 2510; x_wconf 78' lang='lat' dir='ltr'>aii-</span> 
     </span>
     <span class='ocr_line' id='line_1_73' title="bbox 927 2523 1333 2555; baseline 0 -1"><span class='ocrx_word' id='word_1_421' title='bbox 927 2531 1025 2554; x_wconf 77' lang='lat' dir='ltr'>arum</span> <span class='ocrx_word' id='word_1_422' title='bbox 1047 2531 1163 2555; x_wconf 86' lang='lat' dir='ltr'>rerum</span> <span class='ocrx_word' id='word_1_423' title='bbox 1186 2523 1333 2555; x_wconf 81' lang='lat' dir='ltr'>ratione.</span> 
     </span>
    </p>

    <p class='ocr_par' dir='ltr' id='par_1_10' title="bbox 924 2564 1559 2699">
     <span class='ocr_line' id='line_1_74' title="bbox 971 2564 1559 2608; baseline 0 -10"><span class='ocrx_word' id='word_1_424' title='bbox 971 2565 1071 2608; x_wconf 81' lang='lat' dir='ltr'>Cap.</span> <span class='ocrx_word' id='word_1_425' title='bbox 1102 2568 1149 2599; x_wconf 91' lang='lat' dir='ltr'><strong>X.</strong></span> <span class='ocrx_word' id='word_1_426' title='bbox 1205 2566 1246 2600; x_wconf 85' lang='lat' dir='ltr'><strong>O.</strong></span> <span class='ocrx_word' id='word_1_427' title='bbox 1301 2566 1345 2598; x_wconf 86' lang='grc' dir='ltr'>οἱ</span> <span class='ocrx_word' id='word_1_428' title='bbox 1382 2564 1491 2608; x_wconf 77' lang='grc' dir='ltr'>λόγῳ</span> <span class='ocrx_word' id='word_1_429' title='bbox 1523 2578 1559 2598; x_wconf 85' lang='grc' dir='ltr'>τι</span> 
     </span>
     <span class='ocr_line' id='line_1_75' title="bbox 927 2609 1557 2653; baseline 0 -10"><span class='ocrx_word' id='word_1_430' title='bbox 927 2609 1152 2653; x_wconf 68' lang='grc' dir='ltr'><strong><em>λαβόντες]</em></strong></span> <span class='ocrx_word' id='word_1_431' title='bbox 1191 2612 1273 2645; x_wconf 83' lang='grc' dir='ltr'><strong><em>Νοιι</em></strong></span> <span class='ocrx_word' id='word_1_432' title='bbox 1310 2612 1414 2644; x_wconf 89' lang='lat' dir='ltr'>credo</span> <span class='ocrx_word' id='word_1_433' title='bbox 1449 2612 1557 2643; x_wconf 87' lang='lat' dir='ltr'>inter-</span> 
     </span>
     <span class='ocr_line' id='line_1_76' title="bbox 924 2657 1558 2699; baseline 0 -10"><span class='ocrx_word' id='word_1_434' title='bbox 924 2661 1039 2698; x_wconf 79' lang='lat' dir='ltr'>pretes</span> <span class='ocrx_word' id='word_1_435' title='bbox 1085 2667 1204 2690; x_wconf 84' lang='lat' dir='ltr'>verum</span> <span class='ocrx_word' id='word_1_436' title='bbox 1249 2657 1460 2699; x_wconf 81' lang='lat' dir='ltr'>pervidisse,</span> <span class='ocrx_word' id='word_1_437' title='bbox 1499 2658 1558 2699; x_wconf 89' lang='lat' dir='ltr'>qui</span> 
     </span>
    </p>
   </div>
  </div>
 </body>
</html>
