1612 2872
168 826 241 866 (381

275 107 355 146 270
768 104 1132 147 PLATONIS

278 224 354 274 τῆς
388 227 433 263 ὲν
471 229 565 269 ταῖς
599 221 828 275 φθοραῖς,
871 225 917 261 ὲν
951 218 1022 270 αἷς
1056 218 1103 263 τὸ
1143 219 1442 275 πρεσβύτατον
1477 218 1598 277 ἄρχει

278 287 348 330 διὰ
387 285 437 329 τὸ
477 286 557 336 τὴν
592 282 733 338 ἀρχὴν
766 285 918 335 αὐτοῖς
952 292 995 328 ἐκ
1031 285 1199 342 πατρὸς
1230 291 1302 329 καὶ
1335 285 1499 344 μητρὸς
1533 305 1599 340 γε·

277 359 469 405 γονέναι,
506 350 570 400 οἷς
604 349 807 403 ἑπόμενοι
843 352 1053 406 καθάπερ
1090 350 1271 408 ὄρνιθες
1303 353 1460 407 ἀγέλην
1495 357 1599 407 μίαν

277 418 529 469 ποιήσουσι,
591 416 999 471 πατρονομούμενοι
1050 421 1122 461 καὶ
1167 420 1392 473 βασιλείαν
1448 422 1599 462 πασῶν

276 481 559 534 δικαιοτάτην
593 482 945 539 βασιλευόμενοι;

377 551 480 591 ΚΛ.
548 547 681 590 Πάνυ
715 551 793 601 μὲν
829 542 921 591 οὖν.

378 616 476 658 ΑΘ.
544 614 672 656 Meroe
710 617 752 656 δὲ
791 613 931 657 ταῦτα’
966 631 1011 667 γε
1046 619 1104 664 εὶς
1140 613 1188 658 τὸ
1228 615 1393 666 κοινόν,
1428 619 1599 671 μείζους

277 683 503 730 ποιοῦντες
536 681 696 734 πόλεις,
732 683 901 730 πλείους
935 685 1225 736 συνέρχονται,
1261 684 1333 724 καὶ
1368 686 1435 725 ἐπὶ
1470 700 1599 740 γεωρ-

278 751 374 801 γίας
408 745 488 797 τὰς
520 751 565 788 ὲν
600 754 696 795 ταῖς
728 745 960 803 ὑπωρειαις
993 753 1226 802 τρέπονται
1260 765 1447 802 πρωτας,
1483 766 1598 804 περι-

277 812 436 868 βόλους
482 829 526 855 τε
569 811 844 867 αἱμασιώδεις
877 830 1021 866 τινας,
1061 816 1205 867 τειχῶν
1248 813 1463 868 ἐρύματα,
1511 817 1598 858 τῶν

278 883 452 935 θηριων
486 883 606 921 ένεκα
644 880 895 929 ποιοῦνται,
930 883 1035 933 μίαν
1070 882 1211 922 οὶκίαν
1246 872 1302 922 αὖ
1342 879 1492 933 κοινὴν
1526 898 1598 924 και

277 945 469 999 μεγάλην
505 944 835 994 ἀποτελοῦντες.

369 1119 406 1150 ἐν
431 1113 502 1155 αἷς
532 1118 576 1149 τὸ
611 1115 934 1161 πρεσβύτατον]
969 1119 1091 1150 Astius
1114 1118 1207 1150 libris
1231 1119 1341 1152 invitis
1365 1120 1512 1152 correxit
1536 1115 1597 1158 οἷς,

278 1253 398 1286 aetatis
422 1252 612 1294 granditate
641 1253 820 1285 maximam
846 1264 905 1284 nn-

971 1258 1048 1295 gata
1082 1253 1142 1285 fuit
1169 1254 1305 1296 opinio,
1337 1264 1401 1295 qua
1426 1255 1597 1289 civitatum

279 1299 322 1339 cti
344 1299 412 1330 sint
426 1299 678 1338 auctoritatem,
697 1300 786 1330 ultro
809 1308 905 1330 com-

972 1298 1115 1340 origines
1149 1309 1168 1330 a
1203 1303 1336 1340 patrum
1371 1299 1519 1332 familias·
1537 1301 1599 1333 im-

280 1345 431 1375 mittatur
447 1343 638 1385 imperium.
671 1343 837 1376 Neutrum
863 1343 903 1375 τὰ

278 1387 518 1433 πρεσβύτατον
533 1399 594 1430 pro
614 1390 648 1420 οἱ
664 1388 907 1430 πρεσβύτατοι,

279 1434 464 1467 masculino
489 1443 614 1475 genere
638 1435 766 1466 numeri
792 1437 907 1476 plura·

278 1481 341 1520 lis,
371 1480 560 1521 pervulgati
594 1489 675 1511 usus
703 1481 787 1511 est:
815 1479 907 1511 Dici-

279 1529 337 1557 tur
360 1526 449 1557 enim
475 1524 744 1564 eodemmodo,
771 1534 838 1565 quo
866 1523 904 1555 τὸ

279 1568 362 1612 ἐμόν
387 1581 447 1612 pro
473 1568 552 1612 ἐγώ,
585 1569 625 1602 τὸ
653 1568 818 1612 ἡμέτερον
846 1578 908 1609 pro

280 1614 396 1655 ἡμεῖς,
438 1619 472 1647 et
510 1624 598 1655 quae
626 1618 705 1646 sunt
734 1614 768 1645 id
799 1623 907 1654 genus

280 1660 367 1699 aliag
411 1659 454 1692 de
490 1660 612 1700 quibus
647 1669 676 1690 v.
711 1658 905 1700 Bergler.

279 1705 322 1738 ad
350 1703 518 1745 Aristoph.
550 1704 735 1736 Ecclesiaz.
766 1713 796 1735 v.
825 1702 906 1737 393.

279 1751 483 1782 Valcken.
510 1749 552 1781 ad
570 1748 700 1781 Herod.
722 1747 907 1781 VI11.140.

278 1794 503 1828 Heindorf.
538 1794 587 1826 ad
604 1793 746 1825 Theaet.
773 1804 806 1834 p.
832 1793 910 1826 161.

279 1841 320 1873 Ε.
347 1831 563 1872 Matthiae
586 1839 648 1870 Gr.
675 1838 704 1879 ξ.
729 1838 805 1873 285.
846 1838 910 1869 His

279 1895 362 1918 vero
377 1884 604 1918 subiiciuntur
620 1886 740 1916 verba·
765 1879 816 1920 οἷς
831 1881 909 1915 ἑπό-

279 1942 375 1966 μενοι
397 1942 426 1965 ιι,
443 1942 474 1961 τ.
498 1931 526 1961 λ.
551 1929 599 1961 ita
621 1929 770 1970 quidem,
796 1932 833 1960 ut
858 1923 910 1965 οἷς

282 1975 326 2009 ad
363 1974 402 2006 τὸ
448 1972 690 2018 πρεσβύτατον
727 1975 908 2014 referatur,

281 2022 408 2063 quippe
439 2020 472 2053 in
500 2029 569 2061 quo
606 2020 700 2052 notio
734 2023 799 2051 τῶν
827 2021 906 2060 πρέ-

283 2063 459 2109 σβυτάτων
475 2066 589 2097 lateat.
623 2063 824 2100 Cuiusmodi
849 2074 906 2103 sy-

283 2113 377 2145 nesin
418 2120 519 2143 nemo
566 2110 722 2152 profecto
763 2110 908 2142 moleste

284 2157 371 2189 feret
398 2156 430 2188 in
462 2155 605 2188 Graecis
638 2156 689 2188 vel
729 2154 908 2188 mediocri-

285 2207 337 2234 ter
360 2204 527 2233 versatus.
577 2201 693 2241 ltaque
722 2199 803 2232 haec
827 2199 910 2231 dicit

285 2246 522 2279 Atheniensi„
558 2246 715 2288 quibus
750 2245 911 2278 obtem-

284 2294 526 2332 perantes
572 2291 725 2323 avium
776 2291 911 2322 instar

284 2346 410 2368 unum
437 2346 610 2377 gregem
635 2335 912 2369 efficient.—

285 2380 725 2424 πατρονομούμενοι,
778 2390 798 2412 a
845 2390 913 2422 pa-

287 2427 433 2459 tribus
457 2425 645 2459 familias
669 2425 912 2468 gubernati,

286 2476 325 2503 ut
346 2470 406 2504 Xl.
433 2480 465 2511 Ρ.
488 2469 632 2504 927.‘E.
665 2468 911 2514 πατρονομική.

286 2517 392 2549 Verbi
417 2525 514 2548 usum
532 2516 676 2548 illustrat
700 2515 912 2549 Ruhnken.

287 2561 330 2594 ad
369 2561 457 2593 Tim.
499 2571 531 2603 p.
563 2561 642 2595 209.
681 2562 708 2593 Λ
746 2561 913 2593 Cicerone

289 2610 429 2639 vocatur
459 2606 684 2647 imperium
718 2605 912 2648 patrium.

289 2651 449 2685 Ceterum
484 2650 576 2694 apud
607 2655 743 2685 veteres
777 2651 911 2692 pervul-

973 1344 1066 1385 perio
1101 1349 1135 1376 et
1172 1345 1321 1376 vicorum
1364 1345 1599 1379 coniunctione

973 1389 1173 1430 repetendas
1189 1400 1268 1422 esse
1281 1390 1484 1422 statuebant.
1495 1389 1552 1446 th
1560 1401 1598 1423 u-

972 1434 1505 1522 {gad-dulim}3-745510‘1223501‘322
1513 1445 1598 1521 ηὲἓζ

974 1524 1102 1557 σιλεῖαι.
1130 1525 1360 1558 Aristotel.
1389 1526 1490 1558 Polit.
1517 1526 1545 1560 Ι.
1566 1526 1598 1560 1.

974 1568 1082 1600 Etliic.
1110 1569 1152 1600 ad
1183 1569 1313 1601 Nicom.
1346 1570 1437 1601 Vlll.
1464 1570 1517 1603 10.
1543 1571 1598 1611 qui

974 1622 1113 1654 prorsus
1153 1613 1243 1645 idem
1282 1615 1385 1646 sentit
1426 1615 1470 1646 de
1516 1625 1596 1656 pro-

972 1668 1094 1698 gressu
1121 1668 1181 1699 per
1205 1659 1348 1691 familias
1374 1663 1408 1691 et
1437 1660 1531 1691 vicos
1555 1660 1598 1692 ad

973 1703 1154 1735 civitatem.
1205 1707 1314 1745 Atque
1343 1706 1512 1736 consentit
1535 1706 1599 1738 eti-

973 1758 1027 1780 am
1053 1747 1205 1780 Cicero
1227 1750 1277 1780 De
1302 1749 1389 1790 Rep.
1414 1750 1441 1780 I.
1462 1749 1516 1783 25.
1542 1751 1599 1783 ubi

974 1803 1007 1824 v.
1043 1792 1207 1825 'Maium
1255 1795 1331 1825 coll.
1375 1793 1598 1830 Neumann.

974 1838 1103 1870 Rerum
1133 1838 1225 1871 Cret.
1253 1838 1399 1881 Specim.
1429 1849 1460 1881 p.
1480 1840 1523 1874 72
1548 1851 1597 1883 sq.

974 1893 1050 1915 ann.

1019 1928 1058 1960 E.
1088 1925 1161 1964 τὰς
1184 1927 1225 1959 ἐν
1249 1931 1346 1965 ταῖς
1370 1926 1600 1971 ὑπωρείαις

973 1973 1054 2016 τρ.]
1088 1973 1244 2008 Primum,
1271 1983 1308 2004 se
1333 1978 1533 2006 convertunt
1555 1974 1599 2006 ad

972 2019 1209 2058 agriculturam
1243 2019 1275 2050 in
1299 2017 1483 2050 declivibus
1504 2029 1598 2051 mon-

974 2064 1058 2095 tium
1084 2064 1170 2104 iugis
1195 2067 1229 2095 et
1257 2063 1287 2094 in
1307 2072 1504 2103 camporum
1529 2065 1599 2105 pla-

974 2109 1089 2141 nitiem
1121 2108 1340 2150 vergentibus
1370 2107 1598 2141 factitandum.

975 2153 1160 2186 Enimvero
1182 2154 1352 2194 paullatim
1387 2157 1516 2186 tantum
1541 2165 1599 2187 au-

976 2198 1100 2231 debant
1123 2197 1166 2231 de
1191 2198 1330 2231 summis
1353 2200 1517 2231 montium
1543 2209 1600 2232 ca-

977 2243 1162 2276 cuminibus
1201 2243 1368 2276 decedere
1404 2245 1448 2276 ob
1480 2254 1598 2277 recen-

976 2293 1044 2321 tem
1064 2289 1291 2328 periculorum
1310 2293 1454 2329 metum
1479 2299 1599 2331 quam-

977 2334 1093 2366 obrem
1135 2343 1197 2366 nec
1229 2335 1342 2366 statim
1387 2335 1419 2365 in
1461 2344 1599 2376 campos

978 2378 1238 2413 descendebant.
1272 2379 1357 2412 Rem
1383 2380 1511 2412 notavit
1534 2380 1600 2412 iam

978 2424 1137 2459 swabo
1178 2424 1524 2459 X111.885.:
1557 2424 1599 2456 Τ.

979 2466 1017 2502 V.
1042 2479 1076 2510 p.
1096 2468 1176 2504 303.
1202 2469 1254 2502 ed.
1278 2469 1379 2502 Tsch.
1390 2493 1398 2509 ‚
1431 2470 1486 2510 qui
1520 2469 1599 2502 Pla-

977 2518 1091 2547 tonem
1126 2516 1172 2546 ait
1205 2515 1284 2559 τρία
1317 2515 1492 2551 πολιτείας
1528 2513 1599 2553 εἴδη

978 2559 1221 2598 συνίστασθαι,
1266 2562 1398 2602 πρῶτον
1441 2557 1481 2590 τὸ
1532 2557 1599 2589 snt

977 2602 1052 2642 τοὶς
1086 2603 1330 2648 οἷκρωρείας,
1366 2602 1526 2647 δεύτερον
1554 2601 1594 2634 τᾶ

977 2650 1020 2682 ἐν
1056 2653 1149 2687 ταῖς
1189 2649 1441 2693 ὖπωρειᾞαις
1449 2648 1611 2691 {vehor
