1612 2872
457 95 538 138 DE
570 92 846 137 LEGIBUS
877 100 958 134 etc.
1115 90 1391 133 LXXXVII

0 232 1 248 1
34 229 120 256 rem
163 214 317 254 laetam
349 224 444 252 esse
478 207 708 250 earundem
741 205 1055 260 conditionem,
1089 205 1162 247 ubi
1195 211 1269 245 aut
1301 204 1382 246 im-

33 278 187 327 potens
226 283 375 324 regum
416 273 460 308 et
499 266 744 322 principum
789 263 1030 306 dominatio
1071 269 1271 320 grassata
1308 262 1381 313 sit,

32 333 106 369 aut
145 325 292 383 populi
331 323 524 380 potentia
564 321 846 365 immoderate
891 321 1078 364 creverit
1114 319 1382 373 nimiumque

31 389 158 426 aucta
197 384 266 426 sit.
339 380 448 423 Inde
488 395 591 421 vero
636 379 880 435 colligitur,
929 377 986 420 ad
1038 375 1381 420 conservandam

31 441 320 496 tuendamque
361 437 771 492 rerumpublicarum
815 435 997 476 salutem
1039 450 1149 491 opus
1180 448 1278 476 esse
1311 434 1379 475 vel

33 498 213 540 maxime
257 495 468 553 sapientia
509 493 618 548 (ΙΙΙ.
662 509 702 549 p.
746 494 842 534 687.
874 493 994 547 sqq.)
1033 507 1121 547 qua
1156 507 1244 533 una
1283 491 1377 533 fieri

35 561 190 610 queat,
231 560 279 595 ut
316 567 446 608 quum
483 550 650 607 imperii
702 555 897 605 potestas
942 554 1060 591 recte
1098 554 1379 603 temperetur,

31 619 121 652 tum
150 611 315 652 civibus
344 608 624 650 maximorum
655 607 864 648 bonorum
885 606 1105 662 possessio
1135 605 1381 647 vindicetur

30 674 158 722 atque
190 667 243 709 ab
274 672 364 708 tota
393 665 568 707 civitate
598 663 881 720 prohibeatur
911 678 961 705 ac
992 662 1259 704 defendatur
1289 678 1379 704 mor

29 739 122 766 rum
163 723 425 780 depravatio.
504 722 650 764 Finita
701 720 782 762 hac
833 719 1124 775 disputatione
1175 727 1378 774 quarto

30 781 178 823 libro
222 795 368 823 rursus
408 778 464 821 ad
502 779 586 820 alia
622 778 846 820 transitur.
907 777 1227 820 Describuntur
1265 778 1377 818 enim

30 845 232 880 externae
270 852 410 879 rerum
441 836 736 889 conditiones,
770 834 928 890 quibus
958 849 1067 890 opus
1098 849 1194 876 esse
1224 833 1375 876 videa-

31 902 126 948 tur,
166 902 214 937 ut
251 909 366 936 nova
407 894 584 946 civitas,
634 908 744 948 quae
787 892 967 949 fingitur
1004 890 1234 933 condenda
1265 892 1373 945 e'sse,

30 967 156 1006 quam
196 952 359 1008 optima
403 958 445 993 et
487 951 734 993 beatissima
774 949 864 991 fiat.
932 949 1089 1003 ltaque
1130 948 1376 1005 depingun-

28 1017 99 1050 tur
138 1009 230 1051 eius
269 1009 376 1051 situs
414 1015 459 1050 et
487 1010 711 1064 regiones,
744 1007 1024 1055 commercia,
1056 1021 1258 1063 agrorum
1290 1007 1375 1047 fer-

29 1066 188 1119 tilitas,
228 1066 479 1108 colonorum
516 1066 730 1117 rationes,
771 1063 854 1105 alia
891 1063 1059 1105 similia.
1125 1062 1225 1116 Quo
1258 1063 1374 1105 facto

29 1123 285 1176 ostenditur,
319 1122 424 1178 quid
452 1122 598 1179 legum
629 1121 795 1163 auctori
828 1136 967 1162 novae
999 1120 1191 1162 civitatis
1225 1120 1372 1162 videa·

26 1188 97 1222 tur
143 1181 326 1222 maxime
374 1179 565 1235 optabile
619 1193 714 1220 esse
765 1177 948 1231 debere,
1001 1187 1049 1219 ut
1077 1177 1250 1234 legibus
1283 1178 1374 1221 suis

28 1238 312 1279 necessariam
354 1237 440 1278 vim
468 1236 855 1289 auctoritatemque
886 1234 1086 1277 vindicet.
1146 1233 1375 1277 Iudicatur

28 1294 140 1336 enim
178 1293 234 1336 ad
273 1309 366 1336 eam
405 1309 494 1336 rem
533 1293 714 1335 maxime
754 1292 845 1334 sore
887 1291 1187 1345 conducibile,
1220 1291 1255 1334 si
1287 1293 1371 1334 rei-

28 1351 226 1408 publicae
256 1350 418 1407 praesit
444 1357 655 1408 tyrannus
688 1349 780 1391 sive
811 1349 1016 1406 princeps
1046 1349 1245 1402 iuvenis,
1279 1349 1371 1391 ala-

27 1423 122 1463 cer,
163 1413 292 1463 atque
330 1409 575 1461 animosus,
607 1406 685 1449 sed
727 1406 843 1448 idem
880 1407 981 1449 boni
1012 1407 1208 1462 rectique
1238 1422 1371 1463 appe-—

27 1475 119 1508 tens
159 1472 290 1520 atque
327 1465 507 1507 utilibus
552 1464 744 1507 consiliis
772 1464 972 1506 lubenter
1003 1464 1212 1518 benignas
1243 1479 1370 1507 aures

27 1522 253 1581 praebens.
320 1522 433 1564 Tum
475 1537 579 1564 vero
609 1521 845 1576 suscipitur
874 1520 1114 1576 disputatio
1148 1520 1200 1562 de
1230 1533 1370 1564 novae

27 1579 215 1622 civitatis
255 1579 392 1621 forma
431 1586 563 1635 atque
605 1579 827 1635 regimine.
898 1577 1000 1632 Quo
1027 1578 1127 1621 loco
1157 1579 1369 1634 optimum

27 1636 199 1692 quidem
229 1636 446 1679 iudicatur
474 1637 589 1690 fore,
628 1637 665 1679 si
695 1651 774 1691 per
804 1636 949 1677 omnia
978 1642 1131 1693 regnet
1162 1636 1274 1678 ratio
1303 1635 1369 1678 di-

32 1694 142 1748 vina,
174 1694 334 1750 quippe
365 1709 475 1750 quae
513 1693 606 1736 sola
647 1693 787 1750 possit
816 1693 1035 1735 civitatem
1061 1693 1235 1736 efficere
1264 1708 1367 1735 con-

27 1750 200 1793 cordem
237 1757 366 1806 atque
406 1751 607 1802 liberam,
648 1749 830 1793 sublatis
877 1750 1043 1792 scilicet
1095 1751 1243 1806 pravis
1291 1765 1366 1792 cu-

28 1807 282 1865 piditatibus
312 1814 356 1850 et
397 1809 584 1864 partium
624 1807 802 1859 studiis3
845 1807 922 1849 sed
960 1808 1162 1862 quoniam
1190 1808 1364 1850 creandi

29 1865 305 1920 magistratus
333 1864 434 1918 sint,
465 1865 572 1906 nihil
601 1865 739 1920 magis
768 1863 1003 1920 optandum
1044 1879 1138 1907 esse
1169 1864 1364 1917 docetur,

31 1935 159 1976 quam
194 1926 243 1962 ut
278 1921 384 1963 tales
413 1921 522 1975 sint,
563 1922 637 1975 qui
669 1936 765 1963 sese
791 1921 935 1978 legum
964 1936 1111 1964 servos
1144 1935 1239 1963 esse
1270 1936 1366 1977 per-

31 1985 163 2033 petuo
202 1978 493 2029 meminerint3
533 1977 674 2034 legem
713 1978 826 2019 enim
867 1993 961 2020 esse
1000 1984 1144 2020 rectae
1185 1978 1365 2020 rationis

30 2034 230 2076 vicariam
261 2034 477 2088 quandam
517 2040 560 2076 et
606 2033 913 2076 administram.
974 2033 1180 2089 Sequitur
1209 2034 1365 2078 deinde

28 2097 233 2148 protenus
251 2106 476 2134 commune
497 2091 686 2134 omnium
706 2091 849 2148 legum
868 2092 1146 2147 prooemium,
1167 2092 1366 2149 magnifi-

31 2161 128 2190 eum
139 2147 248 2190 illud
268 2164 370 2191 sane
386 2155 429 2190 et
444 2148 689 2206 granditate
709 2148 890 2190 maxime
913 2149 1095 2205 insigne.
1126 2149 1366 2192 Monentur

31 2205 141 2247 enim
170 2213 256 2247 tam
294 2206 411 2249 cives
432 2221 560 2262 quam
578 2206 854 2262 magistratus
874 2206 1067 2248 oratione
1089 2207 1361 2264 gravissima,

30 2269 77 2303 ut
105 2262 305 2318 pietatem
334 2277 439 2320 erga
483 2262 587 2305 deos
631 2262 831 2319 religiose
870 2268 1096 2318 tueantur,
1133 2270 1182 2305 ut
1217 2263 1363 2306 colant

28 2319 250 2374 iustitiam,
279 2326 328 2362 ut
359 2321 560 2363 virtutem
588 2326 632 2362 et
658 2319 930 2362 honestatem
958 2335 1095 2375 usque
1125 2327 1359 2375 sectentur,

28 2377 97 2432 pie
134 2383 378 2419 reverentes
419 2377 628 2420 iustitiam
667 2376 870 2418 divinam.
937 2376 1108 2431 Quibus
1153 2380 1360 2421 continuo
1404 2402 1411 2413 x

30 2433 302 2490 subiungitur
330 2435 456 2476 etiam
487 2434 727 2490 disputatio
758 2433 811 2476 de
839 2436 1002 2478 caussis
1033 2439 1076 2477 et
1104 2436 1361 2478 necessitate

30 2490 361 2588 prooemiorum;
401 2491 645 2534 ostenditur
686 2491 824 2546 enim,
851 2490 989 2549 legem
1021 2507 1106 2534 non
1136 2491 1266 2535 modo
1294 2493 1360 2535 iu-

61 2561 131 2588 ere
169 2552 211 2588 et
252 2548 457 2604 imperare
498 2554 721 2605 oportere,
763 2563 911 2591 verum
962 2549 1089 2592 etiam
1137 2549 1193 2592 ad
1241 2557 1359 2592 recte

29 2602 272 2646 iaciendum
309 2604 515 2648 benevole
556 2605 797 2660 cohortari,
842 2621 927 2661 quo
959 2607 1077 2649 cives
1107 2607 1222 2649 ultro
1252 2607 1359 2649 recti

28 2659 219 2715 bonique
274 2676 456 2705 amorem
509 2663 661 2706 animis
703 2662 794 2706 suis
834 2664 1076 2719 suscipiant
1116 2671 1246 2719 atque
1296 2664 1359 2705 fo-
