1612 2872
240 91 376 134 XLII
655 90 775 132 PRO
784 89 1134 133 LEGOMENA

239 202 366 256 risse,
399 202 516 257 quod
551 200 831 244 communiter
860 200 1131 255 profuturum
1165 202 1245 256 sit,
1283 203 1388 246 alios
1425 204 1562 247 sinere

240 265 437 313 oportere
466 259 511 299 in
540 257 721 314 publicis
752 256 1034 298 conventibus
1073 271 1288 312 perorare,
1316 260 1433 315 ipsos
1462 275 1563 303 vero

240 329 409 367 eorum,
453 329 563 367 quae
593 312 821 364 suadeant,
859 311 1044 364 aliquem
1073 315 1296 367 anquirere
1325 316 1565 370 praesidem

242 376 285 411 et
324 370 559 412 adiutorem
600 383 622 409 e
662 382 836 409 numero
873 367 1067 421 illorum,
1108 369 1182 422 qui
1219 376 1263 411 et
1300 370 1481 413 dicendo
1521 379 1565 414 et

238 425 405 481 agendo
445 425 570 466 simul
610 424 779 465 valeant
830 430 873 464 et
922 438 1077 478 magna
1123 424 1339 468 hominum
1384 426 1565 469 floreant

238 480 565 531 existimatione,
595 479 804 534 siquidem
822 479 1007 522 habituri
1035 480 1134 533 sint,
1165 481 1238 535 qui
1256 482 1446 525 consili-is
1473 484 1564 525 suis

238 536 465 578 advertant
501 537 698 578 animum.
766 535 888 576 Haec
924 535 1057 590 igitur
1099 537 1285 580 universi
1332 538 1417 580 loci
1468 553 1564 581 sen-

237 592 372 633 tentia
401 598 480 646 est,
512 607 597 647 qua
625 597 829 647 percepta
848 592 1060 633 neminem
1086 598 1243 634 temere
1273 593 1565 636 dubitaturum

237 663 331 690 esse
361 654 582 703 putamus,
615 648 719 702 quin
767 648 979 690 Isocrates
1025 648 1196 690 omnino
1243 649 1563 706 significaverit,

235 704 517 760 panegyricas
537 704 752 746 orationes
771 703 962 757 quamvis
982 718 1059 758 per
1081 718 1127 744 se
1146 705 1318 747 omnino
1331 705 1565 749 laudabiles

235 769 378 802 tamen
407 766 605 802 eventum
634 760 671 801 si
700 765 958 814 spectemus,
1022 759 1160 801 ublice
1199 776 1284 802 non
1313 761 1449 817 magis
1471 776 1564 804 esse

236 816 388 870 utiles,
430 831 557 871 quam
596 815 758 870 scripta
787 775 1142 870 philosopliorum
1172 815 1224 857 de
1254 817 1476 859 civitatum
1502 818 1564 859 le-

235 872 362 928 gibus
393 879 434 914 et
463 871 842 914 constitutionibus
875 871 1133 925 composita,
1173 872 1386 925 siquidem
1416 873 1460 914 in
1489 874 1566 915 tali

237 943 390 970 caussa
433 943 520 969 non
559 928 700 969 verbis
738 932 906 968 tantum
934 925 1012 968 sed
1050 927 1177 969 etiam
1213 929 1327 970 facto
1358 944 1464 984 opus
1495 930 1564 972 sit.

236 983 453 1036 Quocirca
482 984 525 1025 in
563 991 812 1025 transcursu
849 997 935 1024 non
962 981 1089 1024 modo
1117 984 1333 1026 rhetorum
1363 984 1563 1039 civilium,

236 1039 313 1082 sed
350 1040 478 1081 etiam
520 1038 871 1095 philosophorum
911 1037 1078 1092 studia,
1119 1040 1192 1093 qui
1226 1041 1315 1082 suis
1354 1040 1407 1082 de
1435 1056 1564 1096 repu—

234 1096 349 1138 blica
379 1096 548 1151 scriptis
578 1096 738 1137 bonum
764 1093 983 1149 publicum
1011 1100 1182 1137 auctum
1221 1102 1265 1137 et
1292 1095 1484 1139 adiutum
1512 1097 1566 1138 iri

235 1167 409 1206 sperare
447 1152 635 1204 soleant,
686 1150 830 1191 inania
868 1164 964 1195 esse
999 1150 1081 1204 ait,
1127 1151 1228 1205 quia
1268 1151 1360 1193 sine
1399 1154 1565 1208 potenti

235 1207 434 1250 adiutore
486 1213 643 1249 eventu
681 1211 866 1249 careant.
938 1205 1051 1246 Nam
1081 1206 1365 1262 sophistarum
1395 1209 1564 1252 nomine

234 1264 516 1319 philosophos
538 1278 633 1306 esse
653 1261 898 1318 insignitos,
928 1262 997 1303 vel
1026 1277 1080 1303 ex
1108 1263 1408 1306 Aeschinis
1440 1264 1563 1306 Orat.

235 1319 331 1361 adv.
371 1320 482 1362 Tim.
523 1335 564 1374 p.
610 1320 700 1362 118.
740 1317 806 1360 ed.
846 1317 990 1359 Bremi
1019 1318 1055 1372 ξ.
1086 1320 1151 1360 71.
1182 1325 1371 1372 constat,
1404 1321 1476 1374 qui
1505 1321 1565 1362 ibi

236 1375 460 1419 Socratem
501 1375 609 1416 dixit
648 1373 911 1429 sophistam;
951 1380 1043 1415 erat
1078 1374 1189 1415 enim
1225 1373 1271 1416 id
1307 1389 1564 1430 cognomen-

235 1438 326 1473 tum
355 1447 432 1487 per
461 1447 507 1474 se
537 1447 624 1473 non
654 1430 925 1473 inhonestum
954 1439 1029 1470 aut
1054 1429 1401 1485 ignominiosum,
1432 1432 1564 1486 siqui-

235 1487 332 1529 dem
361 1487 434 1530 illo
465 1503 611 1530 omnes
640 1487 671 1528 ii
701 1486 838 1527 ornati
867 1495 989 1539 sunt,
1031 1486 1105 1538 qui
1132 1486 1177 1527 in
1205 1486 1349 1540 aliqua
1379 1493 1467 1529 arte
1497 1488 1565 1530 vel

235 1542 431 1586 doctrina
461 1544 732 1595 excellerent,
763 1540 817 1583 de
848 1556 934 1594 qua
960 1557 1006 1582 re
1043 1557 1083 1584 v.
1125 1542 1377 1584 Muretus
1418 1543 1563 1586 Schol.

237 1599 283 1640 in
313 1598 405 1643 Cic.
435 1599 487 1641 de
518 1599 616 1641 Fin.
645 1598 765 1640 Tom.
797 1597 884 1638 111.
915 1612 957 1651 p.
989 1598 1083 1639 839.
1113 1596 1178 1638 ed.
1221 1597 1392 1641 Ruhnk.
1431 1599 1564 1640 Val-

235 1655 338 1697 cke
355 1671 463 1698 nar.
493 1654 549 1696 ad
577 1653 726 1708 Eurip.
765 1653 991 1708 Hippolyt.
1022 1667 1131 1695 vers.
1162 1655 1258 1696 991.
1290 1660 1334 1695 et
1364 1655 1563 1712 Prolegg.

234 1718 384 1753 nostra
404 1710 459 1752 ad
488 1710 674 1766 Apolog.
694 1709 814 1754 socr.
845 1724 887 1763 p.
911 1710 978 1751 32.
1008 1708 1098 1750 edit
1116 1715 1254 1763 quart.
1311 1709 1396 1751 Est
1423 1718 1564 1753 autem

234 1767 362 1824 longe
391 1766 765 1819 verisimillimum,
804 1764 889 1806 imo
929 1766 1057 1805 etiam
1099 1770 1274 1820 propter
1302 1768 1386 1807 τῶν
1415 1766 1564 1818 νόμων

237 1829 281 1864 et
319 1825 405 1864 τῶν
442 1824 672 1865 πολιτειῶν
720 1820 1034 1876 copulationem
1074 1821 1200 1875 plane
1236 1827 1396 1862 certum
1426 1829 1470 1864 et
1499 1823 1564 1864 in·-

236 1878 427 1932 dubium,
458 1884 668 1921 oratorem
695 1877 789 1920 istis
826 1877 968 1918 verbis
1005 1876 1272 1931 significasse
1301 1892 1432 1932 opera
1466 1879 1564 1920 Pla-

236 1935 351 1976 tonis
389 1938 608 1983 πολιτείας
645 1939 689 1974 et
732 1932 880 1985 νόμων
919 1931 1057 1973 titulis
1094 1932 1324 1987 inscripta,
1372 1940 1420 1975 ut
1457 1949 1564 1988 quae

236 1997 327 2032 tum
364 1991 433 2033 vel
471 1991 674 2033 maiorem
711 1987 924 2042 quandam
951 1987 1090 2029 laudis
1119 1989 1408 2030 celebritatem
1436 1997 1565 2031 nacta

240 2053 382 2089 essent
420 2047 489 2088 vel
527 2047 655 2088 etiam
696 2045 877 2087 recentis
908 2044 1140 2099 sapientiae
1168 2043 1308 2099 gratia
1336 2044 1564 2087 admodum

238 2102 461 2156 florerent,
513 2109 562 2144 ut
611 2102 736 2143 etiam
786 2100 928 2154 Philip
963 2115 988 2141 o
1039 2107 1141 2141 nota
1186 2113 1279 2140 esse
1331 2102 1563 2154 potuerint.

238 2158 350 2200 Nam
391 2159 617 2212 quominus
646 2157 698 2198 de
729 2157 822 2198 aliis
852 2116 1203 2212 phisssophorum
1243 2155 1413 2210 scriptis
1445 2158 1563 2214 cogi·

237 2220 391 2265 temus,
422 2214 489 2255 vel
518 2214 601 2255 hoc
632 2213 845 2268 prohibet,
878 2210 995 2266 quod
1021 2211 1095 2252 illa
1123 2216 1262 2251 aetate
1291 2225 1416 2253 nemo
1441 2229 1562 2267 prae-

237 2276 302 2311 ter
337 2269 562 2310 Platonem
601 2269 766 2321 extitit,
808 2268 880 2322 qui
920 2268 964 2309 in
1001 2266 1083 2308 hoc
1122 2281 1276 2322 genere
1319 2269 1562 2324 scriptionis

241 2326 501 2377 elaboraret,
539 2325 640 2366 licet
677 2326 894 2380 superiore
931 2329 1119 2377 tempore
1157 2322 1303 2376 utique
1330 2326 1467 2366 exorti
1497 2340 1563 2367 es-

240 2388 354 2434 sent,
397 2381 471 2435 qui
509 2381 641 2423 libros
672 2384 767 2433 περὶ
793 2382 1010 2426 πολιτείας
1039 2383 1082 2419 et
1111 2381 1206 2431 περὶ
1235 2378 1382 2428 ινόμων
1410 2381 1455 2421 in
1483 2396 1562 2435 pu—

237 2437 396 2480 blicum
426 2437 691 2486 emitterent3
733 2451 913 2490 quorum
951 2434 1191 2490 catalogum
1230 2436 1415 2477 confecit
1443 2435 1560 2479 Car.

238 2492 389 2536 Frid.
419 2493 765 2535 Neumannus
794 2492 839 2534 in
866 2490 1182 2546 Prolegomenis
1220 2489 1275 2530 ad
1314 2492 1562 2534 Aristotelis

245 2551 408 2592 ΙῙολιτ
422 2565 439 2591 ε
454 2550 514 2590 a&
528 2563 552 2591 ν
581 2547 824 2602 (civitatum
847 2545 1220 2599 constitutionum)
1252 2543 1304 2586 τὰ
1327 2547 1561 2599 σωζόμενα,

240 2622 281 2661 p.
312 2606 378 2647 21.
410 2619 506 2659 sqq.
564 2603 718 2658 ltaque
749 2608 894 2659 nostro
924 2600 1095 2656 quidem
1127 2600 1286 2644 iudicio
1317 2603 1432 2646 haud
1461 2618 1562 2646 sane
