1612 2872
220 69 247 108 6
654 64 1101 119 ARGUMENTUM

221 183 387 233 partem
425 177 466 218 vi
504 183 546 217 et
574 175 825 217 crudelitate
855 182 1123 231 grassentur,
1164 191 1248 230 quo
1277 175 1443 218 scilicet
1463 191 1542 219 vco-

221 239 380 288 gantur
417 230 471 273 ad
501 230 722 273 colendam
751 246 900 286 pacem
930 238 974 273 et
1002 232 1377 286 tranquillitatem,
1419 247 1544 286 quam

221 289 367 343 potius
407 288 468 328 ita
506 287 716 339 efficient,
758 293 807 328 ut
843 303 990 330 omnes
1027 289 1196 330 omnino
1226 288 1340 330 cives
1370 286 1424 328 ad
1454 303 1544 328 mu-

221 351 339 385 tuam
369 343 604 393 caritatem,
635 342 973 384 benevolentiam
1003 350 1045 384 et
1074 359 1258 385 amorem
1277 342 1542 393 adsuefiant3

222 415 307 454 qua
348 414 435 440 una
473 413 517 439 re
555 397 711 440 seditio
755 399 883 440 sicuti
920 400 1171 454 prohibetur
1217 399 1438 452 facillime,
1485 400 1546 440 ita

221 456 345 496 etiam
379 454 517 495 sicubi
547 460 639 496 orta
668 455 748 507 sit,
777 455 993 497 celerrime
1022 456 1186 498 tollitur
1213 470 1263 497 ac
1291 460 1544 496 removetur.

219 510 342 551 Haec
382 510 517 565 igitur
559 510 790 552 concordia
831 518 873 551 et
909 511 1096 553 amicitia
1134 512 1260 553 etiam
1311 509 1418 552 illud
1465 517 1545 563 est,

220 565 338 620 quod
391 565 715 622 legumlatorem
761 567 962 608 convenit
1007 569 1050 609 in
1096 566 1330 609 scribendis
1378 567 1545 622 legibus

219 623 310 663 suis
340 627 542 676 tanquam
571 623 798 664 maximum
828 623 1015 665 civitatis
1034 624 1193 666 bonum
1222 622 1546 678 diligentissime

219 684 476 733 respectare.
547 678 701 733 Neque
742 679 852 720 enim
881 679 1035 721 bellum
1069 686 1144 720 aut
1171 678 1327 721 seditio
1357 694 1546 732 unquam

219 749 298 788 pro
343 734 465 776 bonis
505 733 704 776 ducenda
741 742 865 788 sunt,
905 751 1014 789 quae
1044 736 1187 791 potius
1216 741 1316 776 sunt
1345 735 1455 776 mala
1482 740 1546 775 te-

219 790 409 831 terrima:
457 805 567 844 quae
607 790 777 844 quidem
817 799 864 832 ut
904 798 1167 844 avertantur,
1208 790 1383 832 deorum
1422 806 1546 845 opem

218 847 354 887 enixis
386 846 585 900 precibus
614 847 839 902 implorare
877 853 1069 902 oportet3
1107 847 1191 889 imo
1230 862 1329 888 vero
1369 861 1546 888 concor-

218 901 301 944 dia.
330 901 638 956 tranquillitas,
672 918 755 958 pax
787 910 915 957 atque
946 904 1081 958 quies,
1110 902 1225 957 haec?
1246 901 1416 944 demum
1447 909 1547 944 sunt

219 973 417 1013 suprema
447 957 520 998 illa
540 958 667 1011 bona,
701 957 755 999 ad
785 974 964 1012 quorum
985 958 1299 1013 possessionem
1331 959 1546 1000 civitatem

219 1014 327 1055 bene
358 1020 566 1055 moratam
605 1013 729 1056 decet
761 1015 862 1056 eniti
892 1021 935 1056 et
963 1014 1233 1056 contendere.
1292 1014 1361 1055 Ex
1391 1015 1546 1068 quibus

218 1070 415 1111 omnibus
458 1071 759 1124 consequitur,
799 1076 847 1112 ut
885 1085 952 1112 res
981 1070 1172 1113 militaris
1212 1071 1356 1125 potius
1387 1069 1440 1111 ad
1471 1086 1545 1125 pa·

218 1141 310 1167 cem
339 1125 565 1179 tuendam,
615 1142 741 1181 quain
783 1140 850 1168 res
890 1125 945 1167 ad
984 1141 1134 1182 pacem
1181 1126 1444 1180 pertinentes
1491 1125 1546 1166 ad

217 1196 306 1223 rem
345 1182 569 1223 militarem
609 1190 741 1236 atque
779 1182 973 1224 bellicam
1013 1181 1246 1224 ornandam
1275 1187 1547 1236 comparatae

219 1253 312 1280 esse
344 1237 530 1279 debeant
560 1239 622 1294 (p.
655 1241 750 1280 627.
784 1237 833 1280 C.
864 1263 929 1277 -—.
949 1240 1043 1280 628.
1076 1238 1166 1292 D.).
1200 1263 1253 1268 —-

329 1294 412 1336 His
451 1294 511 1335 ita
552 1295 758 1350 expositis
799 1293 991 1348 Clinias,
1031 1294 1113 1335 etsi
1139 1293 1418 1334 Atheniensis
1449 1307 1546 1333 sen-

217 1350 378 1392 tentiae
418 1365 503 1392 non
541 1351 809 1407 refragatur,
839 1357 980 1392 tamen
1011 1349 1150 1392 denuo
1182 1354 1412 1401 asseverat,
1443 1347 1547 1389 Cre-

218 1413 308 1447 tum
350 1405 520 1461 quidem
560 1412 690 1461 atque
721 1406 1161 1448 Lacedaemoniorum
1204 1406 1323 1462 leges
1353 1404 1434 1447 sibi
1463 1404 1547 1444 uti-

219 1478 301 1516 que
350 1462 487 1504 videri
528 1478 703 1519 prorsus
745 1462 799 1504 ad
828 1463 986 1505 bellum
1034 1467 1241 1518 spectare.
1323 1459 1406 1502 Cui
1453 1459 1546 1501 ille:

219 1518 357 1561 Sunto
398 1519 504 1572 ista,
544 1520 703 1574 inquit3
745 1526 790 1561 at
826 1534 928 1561 vero
965 1519 1097 1574 probe
1134 1528 1235 1560 sunt
1263 1515 1546 1559 discernenda

218 1574 303 1616 duo
333 1575 435 1616 belli
463 1590 637 1631 genera,
669 1575 848 1618 alterum
876 1581 1114 1625 externum,
1145 1573 1260 1628 quod
1290 1589 1386 1615 cum
1416 1572 1548 1613 hosti-

218 1631 297 1672 bus
341 1630 503 1686 patriae
534 1632 723 1687 geritur,
757 1631 937 1672 alterum
967 1630 1230 1681 intestinum,
1262 1629 1379 1683 quod
1408 1629 1548 1669 locum

217 1685 346 1728 habet
376 1687 535 1728 exortis
555 1686 801 1728 domesticis
833 1685 1128 1728 seditionibus.
1186 1685 1255 1726 Ex
1282 1684 1435 1739 quibus
1466 1683 1547 1724 hoc

217 1741 389 1797 quidem
417 1743 544 1796 lonfre
575 1749 642 1785 est
668 1743 944 1784 teterrimum.
1002 1742 1067 1784 Ut
1091 1741 1222 1797 igitur
1251 1740 1425 1782 summis
1456 1739 1546 1780 lau·

218 1798 342 1840 dibus
382 1778 671 1854 praedicanda
708 1799 765 1841 sit
811 1799 946 1840 virtus
990 1813 1158 1850 eorum,
1219 1797 1292 1851 qui
1339 1795 1545 1837 adversus
1581 1807 1583 1809 ’

216 1854 362 1897 hostes
385 1861 582 1897 externos
612 1856 779 1897 fortiter
807 1860 1122 1911 pugnaverunt,
1152 1853 1277 1895 sicuti
1307 1851 1407 1894 fecit
1436 1851 1544 1906 Tyr-

217 1918 363 1961 taeus3
393 1917 536 1952 tamen
579 1911 713 1953 maior
741 1910 857 1953 haud
887 1910 1015 1952 dubie
1043 1910 1137 1951 laus
1167 1924 1311 1951 eorum
1342 1919 1429 1960 est,
1473 1907 1545 1961 qui

218 1968 260 2008 in
281 1967 438 2023 pugnis
457 1967 583 2023 longe
614 1967 876 2024 gravissimis
897 1973 939 2008 et
969 1965 1260 2018 atrocissimis,
1289 1964 1370 2005 hoc
1401 1969 1479 2015 est,
1501 1963 1545 2004 in

219 2023 446 2065 discordiis
478 2024 701 2075 civilibus,
747 2022 1011 2065 fortitudinis
1052 2022 1249 2078 egregiae
1291 2019 1545 2062 documenta

217 2079 374 2133 edunt,
415 2087 462 2121 ut
499 2081 731 2122 rectissime
763 2080 900 2121 sensit
930 2077 1164 2134 Theognis.
1222 2076 1396 2131 Quippe
1426 2075 1545 2117 forti-

218 2134 324 2177 tudo
366 2137 556 2191 profecto
594 2136 722 2192 longe
759 2135 930 2191 plurimi
973 2140 1039 2176 est
1078 2132 1364 2185 aestimanda,
1402 2132 1440 2173 si
1469 2130 1544 2172 ad-

218 2191 406 2233 iunctam
445 2193 526 2234 sibi
566 2193 764 2234 comitem
793 2191 924 2233 habet
950 2189 1182 2242 iustitiam,
1221 2187 1542 2243 temperantiam

218 2254 263 2288 et
299 2248 572 2302 sapientiam,
626 2249 716 2290 sine
771 2248 925 2302 quibus
973 2246 1200 2288 virtutibus
1238 2260 1361 2286 nemo
1401 2249 1545 2298 potest

219 2319 311 2345 esse
334 2303 471 2355 fidus,
510 2311 678 2356 certus,
711 2306 1008 2359 incorruptus,
1047 2301 1216 2356 qualem
1247 2314 1455 2354 quemque
1484 2299 1543 2340 ci-

217 2375 313 2401 vem
351 2359 633 2402 seditionibus
672 2360 831 2402 exortis
871 2359 1041 2401 omnino
1081 2372 1174 2399 esse
1205 2357 1395 2398 velimus.
1456 2355 1543 2396 Ita-

219 2432 301 2470 que
339 2431 391 2457 ex
419 2415 486 2457 his
518 2417 714 2458 omnibus
742 2416 834 2457 iure
867 2414 1056 2457 videmur
1085 2413 1310 2469 colligere,
1354 2427 1407 2453 ne
1438 2410 1543 2452 Cre-

217 2480 307 2514 tum
345 2471 514 2527 quidem
545 2473 893 2528 legumlatorem,
923 2476 1072 2527 utpote
1102 2470 1154 2511 ab
1183 2470 1277 2525 ipso
1306 2468 1412 2510 Iove
1442 2467 1544 2509 edo-

219 2535 333 2570 ctum
363 2535 404 2569 et
433 2528 692 2582 institutum,
725 2528 828 2570 alias
858 2527 1006 2569 tulisse
1027 2526 1171 2580 deges,
1204 2540 1329 2579 quam
1349 2539 1457 2578 quae
1487 2521 1542 2563 ad

216 2584 450 2640 perfectam
482 2585 720 2627 referantur
749 2584 963 2626 virtutem.
1024 2582 1103 2624 Est
1123 2597 1222 2623 vero
1252 2584 1542 2623 consummata
