1612 2872
229 91 311 132 404
729 91 1098 135 PLATONIS

232 221 296 255 τις
330 204 550 261 σεμνύνων
584 205 641 247 ἂν
675 209 801 256 λέγοι,
823 203 1037 263 φρόνησιν
1055 197 1424 262 προςαναγκοὲζων
1459 209 1582 251 εἶναι’

236 272 282 314 τὸ
330 280 593 327 σωφρονεῖν.
631 269 734 312 ἀλλ’
774 269 881 327 ὅπερ
928 270 1068 322 εὐθὺς
1112 289 1233 315 παισι
1268 277 1341 317 καὶ
1375 278 1568 331 θηρίοις,

234 345 324 386 τοῖς
370 340 447 390 μὲν
483 336 685 390 ακρατῶς
721 340 827 392 ἔχειν
863 336 972 393 πρὸς
1013 338 1090 388 τας
1127 337 1308 390 ἡδονας,
1343 340 1569 398 ξύμᾳυτον

167 412 203 452 Β
234 404 435 446 ἐπανθεῖ,
463 411 550 451 τοῖς
586 404 630 443 δὲ
666 396 906 458 ἐγκρατῶς·
943 401 965 446 ὃ
1003 421 1075 447 και
1109 404 1383 459 ιιονούμενον
1405 400 1599 463 ἕᾳαμεν’

240 469 323 508 τῶν
359 470 533 509 πολλῶν
569 468 763 519 αμιθων
782 471 1019 523 λεγομένων
1041 469 1119 512 οὐκ
1138 468 1263 522 ἄξιον
1285 471 1395 514 εἶναι
1421 472 1571 526 λόγου.

238 535 349 585 ἔχετε
385 532 467 587 γὰρ
504 531 527 575 ὃ
564 535 666 582 λέγω
703 549 804 576 που.

345 599 441 642 ΚΛ.

347 665 439 706 ΛΘ.
518 665 698 715 Ταύτην
723 669 870 708 τοίνυν
895 665 996 721 ἡμῖν
1019 664 1041 708 ὁ
1081 663 1294 718 τίροιννος
1329 664 1407 718 τὴν
1441 666 1573 724 φύσιν

243 732 366 784 ἐχέτω
403 729 511 786 πρὸς
543 734 721 780 ἐκείναις
759 741 855 783 ταῖς
887 730 1080 788 φύσεσιν,
1115 737 1150 773 εὶ
1186 734 1324 780 μέλλει
1360 730 1485 782 πόλις
1517 731 1574 782 ὡς

246 796 437 837 δυνατόν
483 801 572 837 ἐστι
609 796 790 850 τάχιστα
826 800 897 839 καὶ
934 796 1091 850 ἄριστα
1130 797 1302 851 σχήσειν
1338 801 1573 846 πολιτείαν,

247 859 299 911 ἢν
334 862 534 914 λαβοῦσα
579 861 945 915 εὐδαιμονέστατα
968 861 1113 912 διάξει,
1153 860 1336 904 θάττων
1360 862 1445 918 ,ἀρ
1472 865 1574 906 ταύ-

241 943 317 978 της
353 944 422 968 και
468 927 655 969 nimivm»
693 930 910 978 πολιτείας
953 927 1157 977 διάθεσις
1190 928 1283 970 οὔτ’
1323 933 1439 972 ἔστιν
1475 927 1568 972 οὔτ

518 598 648 640 ΙΙοένυ
683 602 761 653 μὲν
793 593 885 642 οὖν.

241 991 298 1033 ἄν
335 1009 439 1035 ποτε
477 1013 488 1045 2
495 1003 661 1035 ενοιτο.

337 1122 371 1152 P
383 1122 458 1155 710.
492 1121 532 1154 Β.
570 1122 732 1164 Ταύτην
758 1122 905 1153 τοίνυν
933 1118 995 1162 ἡμ.
1014 1117 1033 1152 ὁ
1059 1131 1084 1152 τ.
1102 1120 1173 1162 τὴν
1198 1121 1358 1164 φύσιν]
1377 1121 1578 1164 rv‘yvomittit

243 1166 378 1206 Steph.‚
405 1177 540 1202 errore
568 1174 605 1200 ut
636 1170 783 1201 videtur.

835 1168 918 1198 Mox
950 1166 1118 1198 Badham.
1146 1166 1262 1199 Praef.
1294 1169 1339 1200 ad
1367 1169 1511 1201 Phaedr.
1543 1179 1575 1210 p.

244 1211 306 1242 xi.
334 1222 421 1243 corr.
448 1210 579 1252 τάχιστα
604 1214 657 1245 καὶ
683 1210 798 1256 ῥᾷστα,
822 1218 860 1243 ut
881 1217 1002 1252 postea
1026 1212 1163 1243 dicitur.

335 1255 374 1288 C.
423 1254 474 1288 αι’
467 1257 556 1289 τὸν
584 1257 630 1290 ἂν
655 1260 803 1290 πείθοι
817 1258 848 1298 ‚·]
874 1255 917 1288 ἄν
929 1257 985 1288 hie
1009 1267 1075 1287 om.
1098 1257 1174 1289 Par.
1191 1257 1233 1288 A.
1259 1258 1355 1289 cuius
1379 1259 1578 1289 auctoritati

245 1302 497 1343 obtemperavit
520 1304 698 1336 Bekkerus
724 1309 757 1336 et
782 1303 984 1334 Schneider
1010 1302 1099 1333 conf.
1126 1313 1157 1343 p
1185 1302 1262 1336 713.
1289 1303 1328 1333 B.

246 1416 350 1453 atque
386 1413 587 1454 popularem
621 1416 781 1447 virtutem
820 1422 877 1446 co-

248 1459 332 1489 !eret
363 1468 403 1490 ao
429 1464 643 1499 sequeretur,
669 1466 706 1492 ut
730 1461 877 1492 idoneus

246 1507 337 1534 esset
349 1504 393 1535 ad
409 1514 517 1535 novas
534 1506 627 1545 leges
647 1506 681 1536 in
703 1507 878 1538 civitatem

246 1549 529 1581 introducendas.
587 1549 802 1592 Quamquam
834 1550 877 1582 ad

246 1594 398 1625 civitatis
428 1594 626 1626 felicitatem
662 1597 764 1627 etiam
795 1605 878 1626 con-

247 1639 396 1670 ducibile
433 1649 508 1670 esse
539 1640 722 1678 indicavit,
759 1641 787 1672 si
821 1641 879 1670 ille

246 1693 317 1715 non
342 1683 579 1724 legumlator-is
606 1690 739 1716 tantum
764 1686 878 1716 eonsi-

243 1729 301 1760 liis
326 1729 471 1770 obsequi
490 1734 684 1771 cogeretur,
699 1731 759 1762 sed
777 1732 880 1762 etiam

247 1783 309 1805 sua.
340 1774 450 1814 ipsius
481 1775 666 1815 prudentia
697 1781 799 1816 atque
825 1784 878 1806 sa-

246 1819 378 1859 pientia
407 1824 525 1859 posset
559 1820 731 1852 confidere
767 1825 801 1852 et
825 1830 880 1851 ac-

247 1864 435 1905 quiescere.
481 1882 523 1888 —
564 1864 785 1903 σεμιίἱνων
833 1862 880 1896 ἂν

248 1909 380 1950 λέγοι,
400 1909 638 1950 magnifice
657 1910 879 1942 extollens

248 1958 376 1996 atque
424 1955 604 1986 iactans.
656 1974 699 1979 --
750 1963 878 1996 προε-

248 1996 510 2041 αναγκάζων,
556 2000 879 2041 argumentis

248 2046 461 2076 evincere
504 2046 687 2077 studens
726 2049 879 2086 tempe-

248 2091 429 2125 rantiam
453 2090 496 2121 in
498 2089 678 2144 φρονήσει
693 2092 880 2132 positam

248 2145 352 2167 esse.
401 2134 456 2166 De
485 2131 683 2177 α’ναγκᾰζειι
717 2141 751 2168 et
776 2144 877 2176 προς-

249 2178 445 2222 αναγκᾰζειν
465 2182 674 2221 probandi
700 2182 733 2212 vi
762 2186 794 2212 et
818 2191 880 2222 po-

247 2230 371 2258 testate
395 2226 510 2267 posito
545 2237 574 2258 v.
607 2228 652 2259 ad
677 2227 821 2260 Theaet.
847 2236 879 2267 p.

247 2270 326 2305 153.
363 2270 402 2303 C.
437 2270 513 2304 162.
550 2272 591 2303 E.
628 2271 728 2312 Reip.
761 2272 806 2303 X.
845 2281 878 2312 p.

248 2316 326 2349 611.
352 2315 391 2346 Β.

294 2357 380 2391 ἀλλ’
428 2358 532 2402 ὅπερ
578 2357 716 2392 εὐθὺς
763 2360 880 2392 παισὶ

251 2406 315 2437 καὶ
359 2405 536 2446 θηρίοις
561 2406 624 2448 -]
678 2406 879 2438 Intrieatior

250 2451 367 2492 paullo
373 2451 566 2482 'verborum
583 2452 669 2482 ordo
685 2455 747 2484 est.
789 2450 879 2482 Nam

247 2500 327 2528 ante
344 2499 413 2526 τοῖς
438 2494 497 2533 μὲν
522 2492 675 2536 ἀκρατῶς
699 2496 783 2536 ἔχειν
798 2505 878 2527 con-

247 2542 344 2572 tinuo
368 2541 541 2581 interponi
572 2541 719 2573 debebat
744 2539 875 2580 ξύμφυ-

247 2597 305 2617 τον
329 2584 487 2618 ἐπανθεῖ.
512 2586 638 2626 quippe
664 2596 705 2616 ex
728 2596 795 2626 quo
821 2595 874 2618 re·

243 2633 337 2672 liqna
363 2631 477 2663 omnia
501 2631 683 2671 pendeant.
730 2630 874 2662 Poterat

944 1415 1047 1445 etiam
1062 1414 1155 1444 istud
1173 1416 1241 1443 τοῖς
1263 1411 1298 1443 δὲ
1318 1412 1487 1454 ἐγκρατῶς
1500 1418 1580 1454 post

946 1456 1034 1499 πρὸς
1071 1457 1129 1490 τὰς
1169 1455 1295 1499 ἡδονὰς
1331 1459 1511 1498 interseri,
1544 1465 1581 1489 ut

945 1505 1099 1544 legitima.
1116 1504 1280 1535 existeret
1298 1505 1479 1535 verborum
1492 1508 1580 1535 stru-

947 1554 1054 1580 ctura.
1104 1549 1265 1580 Ceterum
1292 1553 1361 1580 τοῖς
1390 1547 1450 1587 μὲν
1476 1545 1580 1591 ἂκρα-

946 1594 1010 1625 uas
1027 1594 1112 1633 ἔχειν
1127 1594 1386 1634 explicandum:
1402 1591 1484 1625 ὥςτε
1500 1591 1582 1625 τοὺς

945 1637 1004 1678 μὲν
1036 1635 1189 1680 ἀκρατῶς
1227 1638 1321 1678 ἔχειν.
1376 1638 1429 1669 De
1458 1641 1581 1680 loquu-

946 1685 1042 1715 tione
1067 1685 1159 1715 eont.
1187 1683 1390 1720 Photius,
1423 1694 1454 1725 p.
1481 1683 1581 1717 1457.

946 1729 1003 1760 ubi
1049 1729 1092 1760 de
1138 1729 1298 1761 isocratis
1345 1730 1580 1761 orationibus:

946 1772 1095 1805 ἐπανθεῖ
1123 1770 1240 1805 αὐτοῖς
1274 1770 1317 1805 οὐ
1342 1771 1450 1812 μόνον
1474 1773 1580 1813 ἔμφυ-

948 1829 1007 1850 τον
1031 1816 1111 1851 ἀλλὰ
1137 1819 1189 1850 καὶ
1217 1816 1428 1858 κομμωτικὸν
1452 1818 1580 1850 κάλλος.

993 1864 1032 1895 Β.
1085 1861 1103 1895 ὃ
1136 1864 1214 1895 καὶ
1247 1861 1583 1904 μονούμενον

948 1909 1111 1949 ἔφαμεν
1128 1920 1208 1941 των
1227 1909 1581 1951 πολλώνμῖεερῐοί-

947 1960 1003 1997 tur
1027 1956 1124 1985 loeus
1156 1955 1253 1986 Libr.
1282 1954 1337 1986 m.
1363 1965 1397 1995 p.
1423 1954 1501 1988 696.
1528 1954 1581 1985 D:

948 1998 1159 2053 σωφροσύνη
1193 1996 1277 2030 ἄνευ
1307 1997 1416 2040 πάσης
1442 2000 1502 2040 τῆς
1525 1996 1581 2030 ἅλ-

947 2045 1005 2086 λης
1030 2041 1151 2085 ἆρειῃε
1175 2042 1211 2075 ἐν
1236 2045 1324 2085 ψυχῇ
1352 2044 1412 2075 τινὶ
1430 2055 1581 2084 μεμονω-

946 2089 1027 2131 μένη
1053 2101 1160 2129 τιμιον
1191 2086 1209 2131 ἦ
1236 2087 1353 2128 ἄτιμον
1377 2086 1529 2131 yc'yzozz’
1541 2086 1583 2120 ἄν

948 2133 1030 2166 κατὰ
1062 2133 1178 2176 δίκην·
1208 2146 1236 2166 κ.
1268 2145 1293 2165 τ.
1323 2132 1350 2165 λ.
1390 2153 1431 2158 -—-
1471 2135 1583 2175 ἔχετε

948 2178 1022 2232 γὰρ
1070 2177 1090 2212 ὅ
1133 2179 1234 2220 λέγω
1281 2190 1376 2216 που,
1418 2180 1582 2212 tenetis

948 2225 1075 2265 enim,
1105 2225 1285 2267 opinor,
1318 2225 1435 2266 quod
1470 2226 1581 2256 dieo.

948 2281 979 2302 v.
1004 2280 1084 2302 ann.
1110 2271 1154 2301 ad
1181 2269 1360 2301 Phaedon.
1395 2280 1429 2311 p.
1456 2268 1510 2304 71.
1535 2270 1580 2301 A.

948 2315 1038 2346 Hine
1062 2315 1292 2369 Aristoph.
1317 2316 1408 2347 Avv.
1435 2313 1581 2348 v.1448.

950 2360 1070 2392 verba:
1111 2355 1208 2391 πάντ’
1249 2359 1348 2399 ἔχεις,
1379 2361 1581 2401 interpreta-

947 2415 1044 2436 mur:
1069 2405 1215 2436 omnia
1238 2409 1380 2445 tenes,
1404 2406 1428 2436 i.
1451 2415 1481 2437 e.
1506 2414 1581 2446 per-

946 2450 1103 2503 spexisti.
1412 2472 1416 2477 f

990 2492 1102 2536 πρὸς
1139 2492 1337 2524 ἐκείναις
1380 2496 1469 2524 ταῖς
1510 2490 1580 2532 φύ

945 2548 1064 2571 aeon
1081 2541 1086 2573 1
1115 2543 1298 2580 praeter
1328 2538 1432 2569 inas
1461 2541 1582 2569 natu-

944 2595 1015 2617 rae
1050 2585 1201 2616 dotes.
1251 2583 1311 2616 Sic
1341 2584 1432 2615 enim
1456 2582 1581 2613 intelli-

944 2630 1079 2670 gendus
1108 2629 1251 2670 pluralis
1278 2637 1438 2661 numerus
1464 2631 1526 2666 est,
1544 2628 1578 2657 in
