1612 2872
253 113 333 153 376
436 112 473 151 A
483 108 834 152 RGUMENTU
842 108 889 149 M
921 108 1091 150 LIBRI
1127 109 1376 162 QUARTI.

253 221 506 271 daemonas,
542 219 691 260 ultimo
732 217 916 272 denique
952 219 1048 261 loco
1090 218 1364 263 heroasrrite
1395 236 1563 263 venere-

252 292 358 317 mur.
419 275 507 317 Sed
525 274 718 329 proxime
737 279 839 328 post
869 273 972 316 deos
1002 280 1043 316 et
1071 274 1224 317 heroas
1255 283 1452 331 parentes
1482 275 1563 318 viri

253 338 296 373 et
346 330 501 372 mortui
540 335 642 370 sunt
688 328 885 380 colendi,
946 330 1100 384 quibus
1138 331 1331 385 *quisque
1389 334 1566 374 maxima

252 386 445 441 profecto
504 383 632 426 debet
688 384 921 437 beneficia,
983 392 1032 427 ut
1073 385 1181 428 adeo
1228 387 1424 442 ingratus
1469 402 1568 442 erga

253 454 326 482 eos
364 440 531 481 animus
582 455 608 481 a
658 439 740 482 diis
797 441 1049 496 gravissime
1103 441 1307 497 puniatur
1362 446 1428 500 (p,
1472 445 1565 484 7145.

343 546 593 592 ‘Praeterea
608 495 748 592 )etiam
775 550 943 605 liberis,
982 552 1194 607 cognatis,
1224 553 1389 595 civibus
1419 567 1467 594 ac
1497 568 1570 609 pe-

252 605 448 662 regrinis,
483 605 694 648 debentur
724 606 882 659 officia,
914 621 1023 661 quae
1053 607 1225 664 singula
1251 609 1567 665 legumlatione,

254 662 291 704 si
321 676 406 717 qua
435 676 544 717 opus
573 662 725 715 fuerit,
755 661 922 703 definiri
953 669 1126 718 oportet
1154 664 1271 718 (718.
1302 666 1358 706 A.
1388 665 1471 718 Β.).

366 716 465 770 Quo
504 717 642 773 magis
681 733 782 760 vero
823 718 953 759 animi
989 718 1147 760 civium
1186 718 1240 760 ad
1268 721 1468 762 virtutem
1498 735 1569 762 co-

250 772 420 814 lendam
448 772 556 815 fiant
583 773 821 828 proclives,
860 788 947 815 non
976 774 1080 816 satis
1111 779 1191 828 est,
1221 781 1271 817 ut
1296 776 1462 832 legibus
1491 792 1570 831 pu-

250 828 374 870 blicis
401 829 629 870 iubeantur
659 828 764 870 haec
794 828 863 870 vel
884 828 958 870 illa
977 829 1133 883 facere,
1163 830 1248 872 imo
1267 830 1424 873 debent
1443 832 1570 873 etiam

251 884 550 926 exhortatione
590 890 634 925 et
670 884 951 939 persuasione
989 884 1045 926 ad
1085 885 1284 927 obeunda
1319 887 1490 928 virtutis
1520 902 1571 930 ac

250 939 423 995 pietatis
461 939 606 981 officia
645 940 902 981 commoveri
949 946 1077 994 atque
1114 941 1288 996 impelli.
1354 941 1571 994 Quamob-

250 1010 338 1036 rem
366 995 535 1050 legibus
564 996 782 1050 prooemia
811 996 1141 1049 praemittantur
1158 1011 1332 1040 necesse
1353 1004 1432 1051 est,
1463 1014 1571 1053 quae

248 1065 393 1092 earum
421 1056 717 1106 argumentum
743 1051 960 1092 illustrent
986 1052 1369 1108 commendentque
1397 1053 1575 1097 civibus.

249 1105 362 1150 Sunt
391 1106 501 1147 enim
530 1106 640 1147 duae
668 1106 811 1162 legum
833 1107 1156 1149 scribendarum
1185 1109 1399 1163 rationes,
1429 1125 1575 1165 quem-

250 1161 479 1204 admodum
528 1161 762 1204 medicinae
811 1162 1073 1204 factitandae
1121 1162 1279 1220 duplex
1324 1165 1433 1207 ratio
1479 1172 1571 1218 est3

248 1233 335 1259 una
364 1223 430 1259 est
467 1217 629 1270 lenior,
671 1217 814 1259 mitior
843 1225 885 1259 et
914 1218 1152 1272 humanior,
1193 1234 1304 1274 quae
1332 1221 1468 1263 utitur
1496 1222 1573 1263 ad-

248 1273 491 1314 hortatione
541 1278 585 1314 et
630 1274 908 1328 persuasione
963 1273 1193 1326 benevola3
1235 1276 1372 1318 altera
1407 1291 1570 1332 severa,

251 1343 362 1382 quae
399 1328 507 1370 nihil
544 1328 628 1369 nisi
667 1329 848 1384 imperat
884 1339 928 1371 et
955 1336 1091 1383 vetat,
1135 1346 1383 1386 poenasque
1413 1334 1572 1375 consti-

249 1385 348 1436 tuit,
388 1399 474 1425 non
511 1383 668 1426 additis
706 1384 872 1427 lenibus
910 1384 1287 1429 admonitionibus.
1349 1388 1409 1430 Et
1446 1389 1571 1431 nobis

249 1439 421 1493 quidem
461 1440 611 1482 ambae
652 1439 853 1481 videntur
880 1455 974 1482 esse
1005 1442 1343 1496 consociandae,
1386 1457 1472 1498 qno
1511 1446 1572 1486 ef-

249 1495 422 1536 ficacior
459 1495 536 1535 fiat
572 1495 820 1551 legumlatio
862 1495 919 1537 ad
954 1496 1110 1538 civium
1153 1499 1370 1540 virtutem.
1441 1498 1571 1552 Quod

250 1550 469 1604 quomodo
509 1551 816 1605 perficiendum
854 1552 931 1604 sit,
979 1567 1082 1607 age,
1135 1554 1329 1608 exemplo
1368 1555 1477 1610 legis
1517 1555 1570 1597 de

247 1606 528 1647 matrimoniis
565 1606 766 1647 ferendae
813 1621 1136 1662 cognoscamus.
1212 1610 1400 1650 Primum
1437 1610 1572 1666 igitur

246 1661 385 1716 legem
425 1661 662 1715 simplicem
698 1667 936 1704 statuamus
973 1662 1105 1716 hanc,
1146 1678 1233 1717 qua
1259 1664 1438 1706 ineundi
1470 1681 1570 1708 con-

246 1717 355 1771 iugii
383 1722 552 1770 tempus
581 1716 780 1770 finiatur,
819 1716 949 1771 idque
979 1719 1215 1774 negligenti
1241 1735 1381 1775 poena
1409 1721 1570 1778 irroge-

246 1779 330 1813 tur.
399 1771 488 1814 Sed
537 1771 637 1813 huic
684 1772 767 1827 ipsi
805 1772 890 1828 legi
930 1772 1262 1829 admonitionem
1304 1791 1475 1831 quoque
1515 1778 1571 1819 ad

246 1826 592 1882 persuadendum
646 1827 1010 1869 accommodatam
1063 1829 1327 1884 adiiciamus,
1403 1831 1569 1875 Eodem

247 1897 349 1924 vero
387 1883 515 1924 modo
563 1897 710 1925 omnes
758 1883 876 1939 leges
926 1885 1178 1927 scribendae
1227 1893 1340 1928 suut.
1415 1887 1570 1944 Inepte

248 1938 360 1980 enim
389 1938 574 1991 faciunt,
613 1938 686 1992 qui
715 1938 1004 1981 admonitione
1040 1946 1081 1982 et
1109 1943 1383 1997 persuasione
1415 1944 1572 1987 omissa

248 1999 290 2035 et
328 2000 544 2036 contemta
581 1993 625 2035 in
664 1994 833 2050 legibus
872 1995 1107 2039 condendis
1144 1997 1251 2039 nihil
1287 1998 1371 2039 nisi
1406 2014 1569 2054 poenas

247 2048 473 2091 minantur.
543 2049 632 2093 Sed
673 2065 775 2105 age,
815 2051 899 2091 iam
938 2050 994 2092 ad
1030 2052 1168 2106 ipsam
1197 2069 1284 2094 rem
1314 2054 1568 2098 accedamus

246 2105 449 2161 propius,
501 2111 630 2159 atque
668 2106 889 2160 prooemia
934 2107 1079 2162 legum
1130 2109 1416 2162 conficiamus.
1499 2112 1568 2153 Ac

247 2159 300 2202 de
331 2161 450 2202 cultu
474 2161 646 2214 quidem
664 2161 856 2214 deorum,
888 2161 1140 2205 daemonum
1167 2171 1210 2205 et
1227 2164 1417 2217 heroum,
1446 2165 1568 2208 item-

246 2230 328 2269 que
360 2216 413 2258 de
443 2217 599 2259 officiis
628 2231 732 2272 erga
761 2224 981 2273 parentes,
1017 2234 1104 2261 non
1132 2219 1216 2261 iam
1247 2235 1355 2276 opus
1381 2220 1566 2276 videtur,

244 2276 294 2311 ut
329 2273 548 2326 prooemia
586 2272 890 2324 exhibeantur3
929 2275 1034 2317 satis
1075 2275 1187 2316 enim
1226 2274 1280 2316 de
1319 2275 1385 2318 his
1422 2277 1567 2331 paullo

245 2332 342 2367 ante
374 2327 537 2370 dictum
585 2334 663 2369 est.
732 2327 821 2370 Sed
858 2345 966 2384 quae
1000 2330 1054 2371 ad
1095 2331 1280 2373 animum
1332 2343 1375 2374 et
1410 2346 1565 2387 corpus

243 2382 431 2436 itemque
469 2383 524 2425 ad
553 2384 666 2426 bona
691 2384 889 2427 fortunae
919 2386 1158 2441 pertinent,
1189 2402 1239 2428 ea
1268 2402 1370 2429 vero
1398 2387 1566 2430 deside-

244 2443 342 2478 rant
370 2440 627 2494 peculiarem
658 2438 991 2495 disputationem
1020 2443 1082 2498 (p.
1115 2444 1209 2486 718.
1239 2442 1444 2486 C.-724.
1474 2444 1565 2497 B.).

617 2562 679 2565 w—rr
698 2554 1123 2574 —-—------
1133 2561 1178 2566 ——
