1612 2872
164 117 249 160 DE
280 113 559 159 LEGIBUS
591 114 711 158 LIB.
744 113 829 158 ΙΙΙ.
859 112 909 158 P.
938 114 1034 159 677.
1068 112 1163 155 678.
1194 111 1261 156 St.

1323 113 1405 154 257

53 234 253 290 λιῐικῆς
240 233 264 288 ἡ
285 253 359 280 και
385 239 548 293 σοφίας
566 233 686 284 τινὸς
704 237 872 290 ἑτέρας,
897 231 1047 276 πάντα
1080 228 1226 290 ἔρῥειν
1262 232 1405 274 ταῦτα

52 311 100 348 ἑν
133 305 194 359 τῷ
231 302 330 347 τότε
357 302 519 379 χρόνιιὶι
542 301 769 360 φήσομενς

157 373 255 415 ΚΛ.

327 372 436 421 Πῶς
468 368 556 427 γὰρ
590 367 670 421 ἄν,
706 362 739 411 ὦ
778 363 956 424 ἄριστε,
988 367 1028 410 εί
1067 383 1114 421 7⁶
1145 371 1266 422 ἔμενε
1301 364 1407 408 τάδε

52 436 167 484 οὕτω
203 436 283 482 τὸν
318 437 466 480 πάντα
498 435 674 494 χρόνον,
710 435 769 487 ὡς
804 435 887 477 νῦν
921 434 1279 490 διακεκόσμηται,
1311 450 1407 477 και-

51 503 132 550 νὸν
173 503 454 562 ἁνευρίσκετό
500 521 606 549 ποτε
648 505 722 547 καὶ
766 500 948 552 ὁτιοῦνς
983 499 1056 546 ὅτι
1089 503 1171 557 μὲν
1203 501 1410 559 μυριάκις
1442 503 1478 546 Β

52 665 139 694 teste
166 660 300 694 Bastio.
347 659 523 693 Omittnnt
555 670 618 692 tou
641 658 743 691 codd.
773 654 812 689 Ω.
839 666 949 698 marg.
975 656 1011 689 h.
1036 667 1068 690 a.
1095 655 1125 689 ὃ.
1148 667 1184 689 x.
1233 657 1408 690 Herman-

51 717 116 739 nus
147 707 259 739 edidit
289 707 409 738 τοῦτο·
440 704 495 738 ὅτι
525 705 586 746 μὲν
626 702 690 747 γὰρ
720 723 763 727 -
798 704 892 746 quod
929 713 1013 736 num
1048 703 1318 746 praeferendum
1363 705 1411 736 sit

49 753 191 786 lectioni
225 754 426 790 restitutae,
449 753 511 786 alii
546 753 746 786 decernant.
790 750 884 782 Dein
908 747 974 792 γάρ
999 755 1083 791 post
1105 747 1158 782 ὅτι
1181 749 1244 788 μὲν
1268 760 1337 782 om.
1364 750 1405 782 B.

52 798 90 834 Ξ.
119 797 159 832 Ω.
185 810 218 834 v.
242 799 267 832 f.
293 799 329 832 h.
353 809 382 832 r.
407 810 436 832 a
467 810 494 832 c.
519 809 552 831 o.
578 797 608 832 δ.
634 798 705 832 vid.
729 807 811 831 ann.
1027 824 1044 842 s

50 914 110 956 pla
132 914 283 946 maxime
306 915 343 946 in
362 913 590 955 hypothetica
614 923 693 945 ora-

51 961 147 992 tione
165 960 270 992 obvia
288 960 506 1001 collegerunt
519 959 693 992 Fische-

51 1016 123 1038 rus
161 1006 206 1039 ad
243 1006 392 1039 Welleri
432 1004 587 1039 Gramm.
629 1005 690 1038 Gr.

51 1052 135 1084 Vol.
166 1051 230 1084 IV.
263 1063 296 1094 p.
326 1052 374 1087 35
407 1062 458 1094 sq.
491 1053 605 1094 intpp.
647 1053 693 1085 ad

49 1098 463 1132 Lambert.Boeiu1n
486 1099 540 1131 De
565 1098 690 1140 Ellips.

48 1154 84 1186 p.
123 1143 193 1179 800
223 1155 299 1187 sqq.
334 1150 368 1178 et
401 1145 447 1177 ad
471 1144 690 1186 Gregor.

51 1184 275 1223 Corinthium
287 1191 338 1223 De
351 1191 490 1224 dialect.
507 1202 540 1233 p.
557 1190 602 1226 47
616 1201 691 1233 sqq.

50 1237 122 1271 iam
146 1246 230 1269 vero
256 1237 351 1278 quod
378 1238 416 1269 in
440 1237 543 1270 codd.
568 1237 692 1280 pleris-

50 1293 119 1325 que
148 1283 311 1316 omnibus
340 1283 468 1316 deinde
503 1281 568 1326 γάρ
600 1284 691 1316 desi-

49 1330 215 1370 deratur,
246 1329 341 1371 quod
377 1330 597 1372 suspicamur
627 1340 692 1363 nec

50 1376 90 1408 in
106 1375 188 1408 Par.
208 1376 255 1408 A.
274 1377 506 1419 perscriptum
518 1377 691 1417 exhiberi,

51 1431 260 1464 quamquam
291 1422 335 1455 de
365 1423 433 1455 hoc
457 1423 579 1456 codice
602 1423 691 1455 nihil

50 1468 88 1500 in
101 1468 238 1500 litteras
250 1473 305 1500 est
324 1469 471 1501 relatum
481 1480 490 1508 ;
507 1479 573 1503 nec
585 1469 690 1502 huius

51 1515 151 1546 vocis
185 1514 335 1547 defectio
374 1526 439 1548 nos
477 1515 549 1548 ullo
584 1516 690 1548 modo

50 1560 221 1593 sollicitos
260 1560 374 1593 habet.
436 1561 560 1594 Solent
598 1563 691 1595 enim

50 1606 244 1639 sententiae
253 1607 439 1648 epexegesi
447 1607 691 1648 inservientes,

49 1661 139 1694 quae
163 1652 208 1684 ab
230 1651 291 1692 μέν
316 1654 371 1685 vel
400 1652 461 1693 μέν
485 1664 524 1696 γε
548 1654 691 1686 exordi-

48 1702 166 1738 untur,
179 1699 374 1732 sexcenties
389 1700 465 1735 sine
474 1698 540 1743 yde
552 1701 691 1742 inferri,

49 1748 90 1776 nt
110 1744 265 1778 dubitari
287 1754 360 1778 non
380 1747 506 1787 possit,
523 1748 607 1789 quin
626 1745 690 1789 γάρ

48 1799 71 1823 a
92 1791 330 1832 grammaticis
361 1792 407 1823 sit
428 1793 606 1826 invectum
630 1794 690 1826 de-

50 1835 252 1869 clarativam
298 1838 507 1878 particulam
552 1839 691 1872 deside·

49 1882 220 1914 rantibus.
253 1881 364 1916 Cuius
378 1884 519 1924 generis
532 1885 692 1927 exempla

50 1928 338 1969 consignavimus
377 1929 424 1961 ad
453 1928 626 1971 Gorgiam
655 1941 690 1973 p.

50 1972 131 2008 464.
157 1973 199 2006 Β.
225 1974 351 2016 quibus
374 1975 506 2008 addere
527 1976 586 2008 hic
607 1976 691 2008 lice·

50 2019 103 2052 bit
131 2019 246 2061 Legg,
282 2020 354 2053 vn.
388 2031 423 2062 p.
457 2021 536 2057 791.
561 2022 607 2054 A.
633 2023 693 2054 ubi

50 2065 122 2098 vid.
150 2075 244 2099 varr.
267 2065 362 2099 lectt.
387 2066 454 2099 IX.
479 2078 514 2110 p.
542 2067 622 2103 867.
646 2069 692 2100 A.

50 2111 138 2145 ΧΠ.
159 2122 195 2155 p.
220 2111 300 2147 957.
326 2114 372 2145 A.
422 2113 494 2146 lam
526 2124 612 2147 vero
635 2114 693 2147 his

50 2158 101 2190 ita
143 2159 319 2200 expeditis
361 2160 608 2201 progredimur
647 2161 694 2193 ad

50 2204 230 2245 proxima,
256 2205 302 2237 de
335 2205 462 2248 quibus
486 2206 573 2240 haec
610 2211 694 2240 sunt

52 2249 214 2290 tenenda.
261 2250 496 2286 Deminnendi
535 2254 570 2285 vi
594 2254 690 2296 posi-

51 2300 126 2328 tum
150 2305 227 2328 esse
250 2296 367 2338 istud,
390 2299 478 2339 χίλια
502 2295 524 2341 ἦ
556 2298 609 2332 δὶς
635 2310 691 2332 το-

51 2341 160 2374 σαῦτα
185 2341 252 2384 ἔτη,
275 2343 402 2377 mille
426 2349 594 2378 tantum
618 2349 692 2379 aut

50 2388 119 2420 bis
143 2388 265 2420 mille
288 2398 444 2431 annos,
467 2393 691 2434 perspicuum

50 2438 104 2466 est
133 2444 176 2466 ex
206 2435 286 2476 ipsa
313 2438 507 2471 sententiae
543 2440 692 2477 ratione,

49 2480 332 2523 quandoquidem
390 2484 556 2536 opposita
610 2490 692 2518 sunt

50 2526 128 2558 illa:
162 2524 323 2583 μυριάκις
353 2526 457 2584 μύρια
486 2529 561 2582 ἔτη.
614 2532 689 2565 Iam

49 2581 136 2604 vero
161 2573 275 2612 istud,
301 2568 362 2614 ἐφ’
386 2569 431 2607 οὔ
454 2575 613 2618 γέγονεν,
638 2578 689 2610 sic

48 2618 180 2651 dictum
225 2619 384 2657 videtur,
420 2626 460 2653 ut
493 2623 687 2664 significet:

49 2674 100 2696 ex
130 2675 217 2707 quo
250 2672 350 2698 orta
380 2672 497 2708 sunt3
523 2679 572 2700 ex
604 2680 687 2711 quo

50 2711 266 2752 originem
291 2711 537 2746 habuerunt
557 2725 685 2749 suam.

91 2767 185 2801 Pin.
199 2769 266 2810 Op.
294 2769 375 2801 vol.
401 2769 445 2803 X.
470 2770 564 2804 Sect.
590 2772 621 2804 1.

760 911 854 944 Nam
887 911 1085 944 subiectum
1125 911 1225 944 verbi
1263 911 1407 954 γέγονεν

758 959 870 1001 liquet
893 969 972 991 esse
999 958 1092 990 idem
1116 958 1223 999 illud,
1249 959 1345 1001 quod
1368 960 1407 991 in

758 1005 929 1047 proximis
954 1004 1109 1038 ad'ditur.
1152 1004 1406 1038 Connectenda

758 1061 844 1084 vero
878 1055 962 1084 sunt
990 1050 1098 1084 verba
1123 1051 1230 1084 haec:
1260 1052 1346 1093 χίλια
1371 1048 1406 1084 δ’

759 1093 781 1139 ἢ
807 1096 860 1130 δὶς
889 1097 1040 1129 τοσαῦτα
1064 1097 1120 1139 ἔτη
1145 1099 1327 1141 καταφανῆ
1350 1097 1406 1141 γε’-

757 1154 840 1185 γονε
870 1141 910 1176 τὰ
945 1142 1005 1183 μὲν
1036 1142 1200 1188 Δαιδάλῳ
1231 1156 1262 1177 κ.
1298 1157 1325 1177 τ.
1363 1145 1407 1183 L,

759 1191 1005 1232 quodnictum
1024 1196 1078 1223 est
1092 1192 1232 1224 concise
1251 1202 1317 1234 pro
1330 1192 1406 1234 ple-

757 1239 876 1270 niore·
901 1237 1041 1270 millia
1058 1247 1162 1270 vero
1191 1248 1405 1271 annorum

757 1284 828 1317 vel
878 1283 945 1316 bis
996 1284 1249 1318 tantundem
1301 1290 1405 1318 tem-

756 1330 877 1372 poris
917 1330 967 1363 ab
998 1331 1177 1377 origine
1214 1331 1404 1364 effluxe-

758 1381 884 1416 runt,
912 1387 1040 1418 quum
1062 1378 1155 1410 alia
1171 1377 1403 1411 Daedalus

756 1423 962 1464 invenit,
985 1422 1314 1468 aliaOrpheus,
1330 1425 1404 1458 Pa·

757 1469 955 1502 lamedes
993 1470 1083 1502 alia
1120 1475 1185 1502 etc.
1249 1470 1292 1503 In
1334 1481 1403 1514 quo

758 1525 829 1548 non
854 1520 908 1548 est
923 1515 1017 1557 quod
1034 1516 1113 1558 quis
1130 1517 1286 1550 haereat.
1313 1517 1403 1550 For-

758 1562 855 1595 mula
866 1562 1048 1605 καταφανῆ
1071 1561 1193 1605 γέγονε
1207 1564 1251 1596 de
1274 1564 1403 1597 artium

758 1609 1007 1641 inventoribus
1062 1610 1206 1652 proprie
1260 1610 1403 1652 dicitur,

758 1655 888 1697 quippe
920 1656 988 1697 qui·
1010 1653 1096 1688 alibi
1132 1654 1326 1696 καταδεῖξαι
1349 1657 1403 1690 di-

757 1706 895 1733 cuntur.
922 1712 955 1733 v.
982 1701 1244 1737 Valckenar.
1269 1703 1403 1736 adEu-

756 1748 823 1789 rip.
871 1747 1059 1780 Phoeniss.
1109 1759 1142 1781 v.
1190 1748 1271 1784 532.
1320 1750 1400 1782 coll.

758 1794 981 1836 Aristoph.
1003 1793 1117 1827 Rann.
1143 1806 1175 1827 v.
1193 1794 1303 1831 1064·
1328 1792 1402 1852 ’ορ-

758 1837 847 1880 φεὺε
881 1838 942 1879 μὲν
976 1837 1042 1882 γὰρ
1074 1838 1206 1874 τελετάς
1236 1839 1280 1874 θ’
1324 1839 1403 1885 ἡμῖν

758 1883 937 1926 κατέδειξε,
977 1884 1100 1926 φόνων
1138 1884 1163 1920 τ’
1202 1884 1403 1930 απέχεσθαι.

758 1931 916 1973 Denique
945 1931 1052 1964 haec:
1093 1931 1135 1964 τὰ
1174 1931 1211 1965 δὲ
1245 1931 1327 1966 ἅλλα
1358 1953 1402 1960 -

761 1975 941 2019 γεγονότα,
954 1977 1120 2011 liberiore
1140 1981 1403 2014 constructione

759 2024 948 2056 subiuncta
978 2029 1060 2057 sunt
1089 2027 1140 2058 ita
1162 2030 1203 2058 ut
1225 2024 1405 2069 γεγονότα,

762 2080 870 2112 quum
898 2069 1008 2103 verbo
1037 2071 1139 2104 finito
1163 2082 1254 2115 opus
1285 2073 1406 2110 fuerit.

760 2126 824 2158 per
847 2116 1111 2158 appositionem
1134 2119 1285 2151 relatum
1299 2120 1346 2152 sit
1359 2121 1406 2153 ad

759 2167 976 2204 antegressa.
1011 2162 1105 2196 Nam
1127 2165 1179 2197 ita
1201 2165 1288 2198 haec
1310 2167 1402 2199 acci·

759 2209 888 2265 pienda
912 2219 1000 2246 esse,
1024 2210 1129 2242 docet
1151 2211 1306 2250 formula
1318 2212 1404 2254 χθές

762 2266 817 2287 και
846 2253 981 2298 πρώην,
1014 2257 1183 2291 nudius
1217 2260 1401 2299 tertius,

760 2301 794 2333 h.
810 2311 839 2333 e.
865 2302 960 2334 haud
983 2302 1034 2334 ita
1059 2303 1207 2345 pridem,
1232 2306 1276 2338 de
1301 2307 1399 2339 cuius

759 2358 873 2380 usuv.
886 2348 1149 2382 Valckenar.
1166 2351 1212 2384 ad
1224 2351 1398 2385 Herodot.

762 2394 803 2427 ΙΙ.
829 2394 884 2428 53.
909 2393 1116 2428 Gataker.
1147 2398 1194 2430 ad
1224 2399 1399 2432 Antonin.

759 2450 793 2481 p
819 2440 898 2474 292.
924 2450 956 2472 a.
981 2442 1092 2484 intpp.
1117 2444 1163 2477 ad
1186 2443 1297 2487 Gorg.
1317 2445 1399 2478 Pla-

758 2492 833 2520 ton.
856 2496 890 2528 p.
914 2485 992 2522 470.
1020 2488 1065 2520 D.
1114 2488 1234 2533 ltaque
1258 2493 1399 2525 univer-

757 2542 834 2564 sum
866 2532 980 2566 locum
1022 2535 1074 2568 sic
1110 2536 1398 2580 interpretamur:

757 2578 852 2611 Wie
876 2577 998 2612 hatte
1034 2582 1164 2624 doch,
1189 2585 1302 2617 mein
1327 2584 1400 2616 Be-

758 2629 867 2666 ster,
882 2628 1142 2662 wenndiess
1168 2630 1238 2663 die
1262 2641 1400 2672 ganze

757 2671 851 2704 Zeit
889 2672 1115 2706 hindurch
1153 2686 1198 2708 so
1233 2677 1399 2718 geblie-

756 2717 836 2750 ben
862 2728 997 2760 ware,
1018 2721 1158 2754 wiees
1183 2723 1290 2754 ietzt
1314 2723 1399 2755 ein-

1063 2777 1113 2817 17
