1612 2872
470 85 552 130 nn
587 83 861 127 LEGIBUS
894 91 976 125 etc.
1076 56 1078 59 ’
1237 78 1393 122 omn

47 203 102 247 ab
143 201 294 246 eodem
334 201 640 255 facultatibus,
682 199 842 256 quibus
872 196 1051 256 gaudet,
1079 196 1394 259 instructa-at-

48 275 133 316 que
171 266 336 303 ornata.
405 261 468 301 At
509 258 623 301 enim
661 272 765 300 vero
803 256 908 299 licet
936 253 1223 318 philosophus
1253 265 1393 308 primo

47 317 257 374 adspectu
289 315 489 359 videatur
517 315 572 358 ab
602 314 685 357 hoc
715 313 894 357 decreto
924 327 1006 355 suo
1035 324 1294 361 recesslsse‚
1327 314 1394 350 ta-

46 389 145 417 men
187 373 233 416 id
273 374 520 430 speciosum
560 372 707 430 potius
746 386 875 427 quam
914 385 1065 413 verum
1097 375 1176 411 est.
1234 366 1395 432 Totum

47 431 161 474 enim
202 432 345 474 locum
386 431 530 484 illum,
573 445 660 485 quo
699 428 753 470 de
796 428 972 470 numine
1014 427 1194 469 deorum
1233 430 1393 481 agitur,

47 488 375 537 considerantes
405 487 659 544 diligentius
689 485 808 528 nullo
845 492 961 527 certe
992 483 1171 541 negotio
1202 479 1396 524 animad-

46 553 288 600 vertemus,
342 544 648 602 philosophum
707 543 892 584 animam
940 557 1028 584 non
1075 548 1125 583 ut
1182 554 1396 582 summum

47 602 200 657 deum,
241 601 319 645 sed
361 610 576 657 quatenus
617 600 788 642 divinae
819 600 977 641 mentis
1009 606 1052 640 et
1083 597 1264 640 rationis
1295 611 1395 652 par·-

46 661 185 717 ticeps
213 660 330 701 facta
361 660 430 712 sit,
458 674 601 701 rerum
627 657 902 700 universitati
924 655 1201 713 praefecisse.
1261 652 1396 707 Quod

47 732 179 772 quum
220 715 396 759 aliunde
425 716 608 773 intelligi
637 715 790 769 liceat,
821 722 914 756 tum
945 713 1154 770 imprimis
1186 711 1395 768 perspici-

45 781 118 817 tur
147 774 382 817 clarissime
422 789 472 816 ex
505 790 547 830 p.
580 775 678 816 897,
711 773 762 814 Β.
796 772 871 826 qui
901 771 1042 825 locus,
1075 770 1208 826 vulgo
1240 782 1396 825 perpe-

46 847 135 875 ram
167 832 379 887 scriptus,
411 832 505 874 sine
536 830 670 873 dubio
702 830 965 886 optimorum
994 828 1173 870 testium
1203 826 1395 868 auctori-

46 896 135 932 tate
184 889 299 931 hunc
346 888 391 930 in
438 887 613 931 modum
662 885 946 945 refingendus
996 892 1087 928 est:
1166 883 1234 935 οἷς
1272 888 1395 940 ψυχή

43 953 266 1003 xpum-⁶³12),
304 949 442 988 νοῦν
479 949 560 1000 μὲν
599 946 913 1001 προςλαβυῦσα
951 944 1020 986 ἀεὶ
1061 946 1251 997 θεῖον,
1285 941 1396 992 θεὸς

48 1003 108 1054 ὥς
151 1002 279 1059 ὀρθὰ
319 1005 393 1045 καὶ
435 1003 679 1058 εύδαίμοτά
716 1004 985 1056 παιδαγωγεῖ
1025 999 1170 1043 πάντα
1210 1017 1247 1042 κ.
1287 1015 1326 1041 τ.
1357 1001 1395 1041 λ.

48 1060 251 1118 quibus
297 1075 396 1103 usa
442 1060 647 1113 anima,
707 1059 803 1102 ubi
858 1063 1098 1101 mentem
1143 1056 1397 1099 divinam

47 1133 262 1175 semper
292 1117 407 1159 sibi
437 1118 647 1160 sociam
668 1123 723 1159 et
752 1116 1090 1160 adiutricem
1124 1129 1398 1157 assumse-

48 1175 146 1229 rit,
191 1174 283 1216 dei
313 1175 497 1216 instar
527 1174 707 1217 omnia
746 1173 909 1220 ducit
939 1180 992 1216 et
1020 1173 1179 1230 regit>
1202 1173 1304 1224 sic,
1338 1180 1398 1214 ut

47 1238 201 1275 recta
229 1233 343 1275 sint
386 1238 558 1287 atque
596 1232 776 1274 beata.
835 1231 992 1286 Itaque
1030 1231 1173 1272 anima
1211 1229 1272 1271 ibi
1313 1228 1396 1271 deo

48 1305 136 1332 non
169 1290 492 1346 aequiparatur,
523 1288 600 1332 sed
629 1287 930 1331 tantummodo
962 1294 1256 1344 comparatur,
1289 1285 1398 1328 dici-

48 1353 206 1402 turque
245 1353 432 1388 mentem
471 1353 515 1388 et
560 1346 771 1388 rationem
811 1345 1002 1388 divinam
1041 1346 1086 1387 in
1125 1344 1288 1387 mundo
1330 1360 1397 1386 re-

47 1403 193 1461 gendo
234 1412 365 1459 atque
404 1403 689 1461 gubernando
732 1402 938 1446 adhibere
978 1418 1119 1459 posse.
1181 1402 1398 1445 Nimirum

48 1459 410 1516 quemadmodum
451 1462 592 1503 anima
631 1461 850 1503 mundana
887 1462 931 1502 in
972 1461 1151 1503 Timaeo
1199 1466 1399 1501 narratur

48 1518 104 1560 ab
142 1518 238 1574 ipso
276 1518 358 1560 deo
400 1525 547 1560 creata
578 1525 623 1560 et
653 1517 827 1560 divinae
857 1518 1013 1560 mentis
1046 1534 1096 1560 ae
1127 1517 1307 1561 rationis
1338 1517 1401 1558 ita

2 1603 5 1607 -
47 1577 266 1632 particeps
296 1576 412 1617 faeta
442 1591 564 1628 esse,
597 1582 646 1618 ut
675 1575 719 1616 id
748 1576 878 1618 etiam
911 1575 1231 1631 perfectissimo
1261 1581 1399 1628 motu,

49 1647 137 1687 quo
177 1633 363 1687 cieatur,
405 1632 597 1684 declaret
633 1648 684 1675 ae
730 1634 988 1689 patefaciat3
1040 1634 1103 1675 sic
1152 1631 1301 1675 eadem
1353 1631 1398 1674 in

49 1690 245 1747 Legibus
284 1705 458 1745 quoque
498 1690 580 1733 hac
620 1689 722 1732 dote
765 1690 914 1732 divina
951 1691 1164 1733 instructa
1218 1691 1260 1731 in
1299 1704 1405 1732 con-

49 1754 248 1803 spectum
278 1747 558 1803 producitur,
599 1748 900 1803 repetiturque
942 1749 1034 1790 eius
1076 1749 1136 1790 rei
1168 1762 1399 1804 argumen-

48 1811 140 1846 tum
182 1819 235 1845 ex
273 1819 350 1858 eo,
390 1804 508 1860 quod
549 1819 681 1859 quum
720 1805 764 1846 vi
803 1814 891 1847 tam
931 1812 1068 1847 semet
1097 1807 1236 1861 ipsam
1269 1820 1397 1860 quam

52 1865 196 1901 cetera
248 1861 449 1903 movendi
498 1862 625 1907 unice
665 1862 827 1917 polleat
872 1863 1018 1918 sitque
1066 1863 1206 1904 omnis
1254 1869 1399 1904 motus

53 1916 336 1972 principium,
377 1924 468 1959 tum
511 1933 608 1959 eum
637 1919 799 1974 ubique
837 1927 1001 1962 motum
1032 1919 1076 1961 iu
1107 1920 1235 1961 rebus
1268 1933 1400 1976 gene-

53 1973 202 2015 randis
245 1980 374 2029 atque
415 1974 709 2031 gubernandis
757 1983 954 2030 tueatur,
1009 1977 1081 2031 qui
1122 1977 1402 2018 manifestum

0 2061 3 2063 »
52 2029 210 2073 habeat
251 2030 493 2074 divinitatis
533 2031 766 2076 indicium:
806 2032 922 2074 unde
966 2039 1010 2074 et
1050 2034 1146 2088 ipsa
1186 2049 1272 2075 una
1302 2048 1400 2075 cum

53 2088 311 2143 corporibus
341 2088 573 2131 mundanis
602 2089 646 2130 in
667 2088 844 2131 deorum
879 2105 1053 2132 numero
1075 2090 1275 2133 habenda
1305 2106 1400 2133 esse

53 2144 283 2186 iudicatur.
359 2144 491 2199 Quod
531 2146 656 2188 sicuti
702 2147 810 2188 scite
841 2147 1156 2203 eleganterque
1181 2149 1401 2205 excogita-

53 2208 145 2244 tum
171 2210 251 2256 est,
274 2203 506 2257 siquidem,
540 2205 702 2245 omissa
731 2205 885 2245 summi
907 2204 975 2246 dei
998 2206 1228 2258 mentione,
1261 2206 1400 2262 ipsius

54 2258 259 2301 divinitas
301 2260 427 2301 aliter
469 2260 757 2302 demonstrari
790 2277 876 2303 non
909 2263 1073 2317 potuit,
1103 2263 1163 2304 ita
1194 2263 1400 2319 planissi-

6 2352 8 2354 .
54 2331 120 2357 me
161 2317 364 2358 convenit
404 2333 501 2359 eum
543 2319 619 2371 iis,
662 2333 773 2372 qnae
806 2318 859 2360 de
890 2319 1039 2362 eadem
1070 2336 1114 2370 re
1145 2322 1190 2363 in
1220 2321 1399 2363 Timaeo

56 2379 158 2414 sunt
207 2372 442 2430 disputata.
522 2375 612 2417 Iam
663 2391 767 2417 vero
817 2376 933 2431 quod
983 2376 1132 2420 eadem
1180 2378 1402 2421 iudicatur

57 2430 312 2485 corporibus
357 2446 592 2488 eorumque
642 2433 866 2475 elemenns
911 2434 1030 2490 prior
1075 2435 1295 2490 extitisse,
1345 2451 1400 2478 ne

58 2485 142 2528 hoc
174 2485 347 2541 quidem
380 2489 590 2532 eiusmodi
623 2498 714 2542 est,
749 2489 865 2545 quod
896 2491 991 2544 ipso
1030 2491 1216 2535 Platone
1257 2492 1402 2536 iudice

57 2543 103 2585 in
134 2558 266 2585 unum
297 2559 509 2588 summum
530 2546 657 2589 deum
691 2549 935 2602 conveniat,
965 2549 1010 2591 in
1038 2551 1222 2592 animam
1254 2550 1402 2593 divina

7 2654 10 2658 Δ
56 2600 225 2650 ratione
264 2601 523 2646 instructam·
560 2619 648 2646 non
679 2605 926 2648 conveniat.'
981 2606 1126 2650 Docet
1156 2608 1269 2650 enim
1305 2607 1402 2665 phi-

58 2656 264 2713 losophus
294 2659 421 2701 etiam
452 2661 495 2702 in
527 2661 705 2703 Timaeo
734 2678 776 2718 p.
809 2664 876 2705 34.
909 2663 960 2706 C.
994 2680 1080 2706 non
1112 2663 1241 2707 modo
1272 2663 1400 2707 deum
