1612 2872
245 121 326 162 4⁶24

745 118 1109 162 PLATONIS

247 236 383 280 οἴεται
417 235 532 292 πάσῃ
568 236 740 290 μηχανῇ
778 232 856 276 τὸν
890 237 958 276 ἐπὶ
1003 237 1080 276 τοῦ
1119 234 1293 289 Κρόνου
1341 235 1572 289 λεγόμενον

247 304 369 356 βίον,
415 303 485 343 καὶ
536 296 642 339 ὅσον
685 303 730 340 ἑν
773 298 878 354 ἡμῖν
930 299 1190 349 ἀθανασίας
1242 304 1375 349 ἔνεςι.,
1431 301 1573 353 τούτῳ

141 378 220 418 714
251 370 543 421 πειθομένους
598 365 785 419 δημοσίᾳ
829 369 902 408 καὶ
947 368 1036 421 ἰδίᾳ
1072 366 1150 415 τοὶς
1187 365 1222 407 τ’

1278 366 1459 418 οἰκήσεις
1502 372 1574 408 και

247 431 326 482 τὰς
371 430 523 479 πόλεις
556 430 756 479 διοικεῖν,
800 429 881 482 τὴν
925 434 1003 474 τοῦ
1049 434 1125 474 νοῦ
1174 429 1388 486 διανομὴν
1422 437 1573 474 ἐπονο-

246 498 469 552 μάζοντας
490 493 644 549 νόμον.
681 501 716 537 εἰ
753 494 790 537 δ’
831 495 1077 551 ἅνθρωπος
1108 497 1168 546 εἷς
1201 494 1224 548 ἢ
1262 497 1489 552 ὀλιγαρχία
1513 514 1577 546 τις

251 561 274 615 ἢ
309 565 379 605 καὶ
417 564 686 616 δημοκρατία
726 563 870 617 ψυχὴν
914 567 1069 618 ἔχουσα
1107 562 1277 614 ἡδονῶν
1313 566 1380 604 καὶ
1419 565 1574 604 ἐπιθυ-

247 631 357 682 μιῶν
405 629 668 682 ὀρεγομένην
713 631 782 669 καὶ
827 631 1114 682 πληροῦσθαι
1159 627 1325 671 τούτων
1361 631 1576 682 δεομένην,

249 699 461 749 ςέγουσαν
500 695 542 734 δὲ
580 691 718 746 οὐδέν,
756 693 854 735 ἀλλ’
896 693 1100 748 ἀνηνύτῳ
1138 697 1207 736 καὶ
1239 693 1420 748 ἀπληςιμ
1460 696 1575 748 κακῷ

342 822 381 854 Ρ.
408 821 485 855 714.
534 819 657 862 ἄρξει
687 820 734 863 δὴ
761 820 943 863 πόλεως]
974 823 1138 855 Iulianus:
1165 820 1265 863 ἄρξαι
1290 819 1429 852 πόλεως.

342 867 381 899 Β.
435 864 496 898 ὅτι
530 865 672 905 νόμων
705 866 794 907 εἴδη
829 868 945 900 τινὲς
978 868 1128 908 φασιν]
1164 867 1358 909 Legebatur
1391 864 1462 906 εἴδη
1495 868 1582 906 φασί

250 956 328 990 945.
344 956 386 988 Ε.
414 956 469 987 ubi
496 961 575 997 post
600 954 697 988 πόλιν
722 957 880 997 sequitur

253 998 575 1042 ἀποφανουμένους.
614 1001 697 1034 ibid.
734 1013 765 1044 p.
800 1002 879 1036 950.

254 1049 298 1079 A.
330 1046 408 1080 952.
444 1047 482 1078 Β.
519 1047 643 1087 quibus
679 1047 762 1079 locis
804 1052 883 1088 post

251 1090 390 1124 πόλεσιν
422 1096 456 1123 et
489 1090 549 1133 τὴν
580 1090 678 1123 πόλιν
707 1093 881 1133 subiungi-

251 1144 305 1170 tur
328 1136 531 1177 δεχομένους
556 1142 590 1170 et
611 1133 879 1178 ἀποβλέποντας.

252 1183 327 1215 Alia
353 1182 478 1214 similia
502 1187 670 1215 tacemus.

300 1225 402 1259 ὅσον
430 1226 472 1259 ἐν
496 1224 595 1269 ἡμῖν
621 1223 881 1269 ἀθανασίας]

251 1277 451 1313 qnantum
500 1273 538 1304 in
586 1273 709 1306 nobis
763 1274 883 1305 ineat

252 1322 435 1351 :naturae
467 1318 745 1358 immortalis,
781 1317 810 1350 b.
838 1328 884 1357 e.,

252 1362 406 1396 rationis.
425 1378 460 1384 -—
501 1360 572 1404 τὴν
597 1363 670 1394 τοῦ
694 1363 774 1394 νου·
800 1362 884 1395 δια-

253 1406 390 1450 νομὴν
437 1406 496 1438 ἐπ.
545 1406 698 1447 νόμον,
746 1409 884 1449 legem

254 1457 460 1494 putantes
493 1452 599 1484 nihii
627 1463 724 1485 esse
748 1453 885 1492 aliud,

252 1508 369 1539 quam
402 1497 567 1530 mentis
602 1499 729 1539 quasi
754 1508 884 1540 quan-

254 1543 340 1576 dam
377 1543 752 1576 distributionem.
801 1544 884 1575 Ete-

253 1588 319 1622 nim
351 1589 462 1629 legem
499 1587 721 1630 philosophus
754 1589 887 1620 censuit

253 1634 284 1665 in
316 1643 394 1664 vera
432 1633 573 1664 civitate
610 1633 748 1665 rationis
787 1634 884 1673 quasi

252 1678 410 1710 vicariam
448 1687 526 1710 esse
566 1687 607 1709 ac
651 1678 738 1709 tueri
779 1678 885 1709 ratio-

253 1732 350 1761 nem3
382 1721 425 1754 de
455 1731 519 1763 qua
555 1722 725 1754 sententia
751 1733 781 1755 v.
808 1732 885 1755 mox

253 1779 286 1809 p.
320 1767 399 1801 715.
433 1766 472 1798 B.
504 1766 599 1798 Libr.
633 1767 708 1800 Xii.
740 1778 772 1808 p.
806 1767 885 1802 957.

255 1813 294 1844 C.
321 1812 457 1845 Politic.
484 1822 514 1852 p.
529 1811 607 1845 297.
637 1811 663 1843 B
680 1822 753 1852 sqq.
789 1813 886 1846 Quo-

255 1857 445 1890 circaeam
471 1860 505 1888 et
529 1866 566 1887 re
589 1859 625 1888 et
649 1858 786 1889 nornine
811 1867 886 1890 cnm

256 1901 392 1934 ratione
430 1906 612 1940 cognatam
653 1912 730 1934 esse
770 1903 889 1941 voluit,

254 1946 415 1988 adeoque
444 1944 553 1985 νόμον
593 1956 655 1987 per
688 1957 889 1988 paronoma—

258 1993 341 2024 siam
358 1992 425 2023 νοῦ
442 1989 606 2032 διανομήν
628 1993 776 2023 vocavit.
807 1992 888 2024 Pro-

258 2037 414 2069 fecerunt
429 2036 503 2068 hinc
518 2041 655 2077 praeter
665 2037 683 2067 I
694 2048 710 2068 a
721 2047 752 2069 m
762 2037 782 2068 b
792 2037 815 2069 ii
828 2048 844 2068 c
854 2038 886 2069 h.

257 2082 433 2124 Protrept
447 2080 539 2115 Adk.
555 2092 586 2122 p.
595 2081 673 2115 176.
692 2091 759 2113 non
775 2083 888 2123 pauci,

257 2137 345 2168 quos
381 2130 563 2159 recensent
587 2126 805 2159 Davisius
846 2128 887 2160 ad

255 2172 369 2204 Cicer.
381 2171 500 2217 Legg.
525 2171 549 2203 1.
574 2172 607 2209 f),
632 2172 663 2205 6.
691 2182 722 2212 p.
749 2171 803 2206 25
831 2173 883 2205 ed

256 2216 361 2249 Rath.
392 2208 576 2250 Gronov.
610 2218 653 2248 ad
685 2218 815 2249 Arrian.
853 2229 885 2259 p.

258 2261 335 2296 252.
353 2261 700 2295 etHemstarhus.
727 2263 758 2294 in
780 2262 885 2294 Zim—

259 2315 380 2338 merni
391 2317 411 2338 a
422 2306 488 2338 nni
502 2306 641 2338 Dinrio.
635 2317 642 2327 ·
660 2307 883 2339 Aiterthums

258 2350 345 2382 wiss.
373 2361 403 2382 a.
431 2350 531 2385 1840.
587 2351 676 2385 ..16

303 2392 343 2428 P
378 2395 455 2429 714.
510 2395 548 2427 εἰ
563 2361 617 2427 Ρδ’
649 2393 886 2437 ἅνθρωπος

259 2437 322 2473 εἷς
352 2437 372 2480 ἢ
404 2436 628 2481 ὀλιγαρχία
659 2449 717 2472 τις
746 2443 805 2484 -J
836 2443 887 2474 in-

256 2485 407 2518 solenter
433 2494 514 2517 sane
540 2484 622 2517 baec
646 2486 803 2527 scripta.
799 2491 886 2518 unt.

255 2529 341 2563 Nam
368 2533 447 2571 post
471 2526 519 2561 εἶς
542 2527 733 2571 ἅνθρωπος
764 2530 888 2564 deinde

258 2571 427 2617 ὀλιγαρχία
458 2578 493 2607 et
526 2572 731 2616 δημοκρατία
756 2586 887 2609 memo-

256 2624 370 2659 ratur,
406 2629 509 2662 quum
550 2630 628 2652 esse
659 2619 822 2653 deberet.
868 2619 887 2661 ἣ

259 2662 365 2706 ὀλίγοι
403 2663 487 2697 τινές
519 2668 553 2697 et
587 2662 606 2695 o'
641 2663 756 2706 δῆμος.
815 2666 884 2698 Sed

948 959 1123 994 consulto,
1165 958 1301 999 opinor,
1335 956 1385 988 his
1417 955 1580 988 abstinuit

949 1001 1187 1056 philosophus.
1243 1001 1330 1033 Nam
1370 1011 1433 1033 nec
1475 997 1580 1042 ὀλίγοι

950 1047 1034 1079 τινὲς
1075 1058 1135 1079 nec
1169 1043 1187 1078 ὁ
1227 1045 1333 1088 δῆμος
1364 1048 1452 1077 satis
1491 1047 1581 1078 clare

950 1094 1111 1134 exprimit
1168 1091 1260 1133 quod
1320 1090 1580 1132 significandum

949 1138 1022 1170 fuit.
1084 1138 1207 1178 Itaque
1243 1137 1378 1176 maluit,
1424 1137 1581 1177 quamvis

948 1182 1135 1223 audacius,
1159 1182 1378 1221 abstractum,
1404 1180 1497 1222 quod
1524 1191 1582 1213 vo-

950 1231 1039 1268 cant,
1056 1237 1117 1269 pro
1143 1230 1305 1259 concreto
1322 1235 1463 1267 ponere,
1477 1226 1581 1258 adeo-

948 1282 1015 1314 que
1048 1282 1113 1305 non
1154 1271 1402 1305 verecundatus
1434 1274 1487 1303 est
1521 1270 1581 1303 ad-

950 1318 1092 1359 iungere
1117 1316 1220 1349 haec:
1255 1314 1365 1357 ψυχὴν
1388 1315 1514 1356 ἔχουσα
1539 1334 1580 1338 —

952 1362 1184 1404 ξυνεχομένην.
1241 1361 1333 1396 Quid
1365 1361 1458 1401 quod
1489 1360 1581 1393 dein·

952 1417 1035 1449 ceps
1048 1409 1149 1441 etiam
1177 1407 1303 1448 pergit.
1330 1404 1424 1447 ἄρξει
1450 1403 1490 1447 δὴ
1517 1417 1580 1438 πο-

953 1454 1035 1485 λεως
1072 1451 1092 1494 ἤ
1126 1460 1218 1484 τινος
1255 1449 1392 1483 ἰδιώτου
1436 1462 1581 1488 καταπα-

953 1496 1056 1540 τήσας
1091 1497 1109 1530 ὁ
1135 1497 1293 1529 τοιοῦτος
1324 1496 1407 1528 τούς
1441 1494 1584 1535 νόμους,

952 1543 1095 1598 perinde
1127 1553 1168 1575 ac
1213 1543 1239 1574 si
1284 1542 1531 1581 praecessisset
1564 1539 1584 1581 ἢ

954 1585 1165 1630 ὀλιγαρχικός
1200 1595 1247 1618 τις
1277 1585 1298 1628 ἢ
1328 1587 1382 1618 καὶ
1413 1585 1582 1628 δημοκρα-

953 1633 1055 1665 τικός.
1105 1634 1154 1664 At
1187 1633 1342 1664 nimirum
1372 1631 1424 1663 hic
1447 1632 1581 1672 quidem

953 1678 1122 1719 loquentis
1145 1677 1256 1708 animo
1285 1677 1503 1708 obversatum
1531 1680 1583 1707 est

951 1722 1050 1756 iilud:
1077 1719 1125 1754 εἷς
1150 1719 1347 1762 ἄνθρωπος,
1374 1722 1425 1753 cui
1450 1721 1584 1753 nomina

952 1768 1123 1800 abstracta
1181 1767 1427 1799 concinnitatis
1469 1765 1584 1797 studio

953 1812 1101 1854 quodam
1133 1816 1211 1843 sunt
1244 1813 1480 1852 attemperata.
1529 1809 1583 1842 Si-

953 1858 1067 1889 milem
1104 1866 1202 1888 usum
1242 1856 1384 1888 nominis
1424 1855 1584 1887 abstracti

957 1901 1229 1934 animadvertere
1255 1903 1334 1933 iicet
1356 1900 1439 1932 infra
1457 1906 1488 1942 p.
1506 1899 1583 1934 714.

957 1947 996 1979 C.
1035 1947 1092 1979 ubi
1129 1946 1212 1978 haec
1247 1947 1421 1984 leguntur:
1470 1945 1582 1976 πολι-

959 1994 1042 2024 τεία
1067 2010 1109 2014 —
1135 1989 1231 2023 ὅπως
1265 1989 1358 2033 ἄρξει
1393 2000 1425 2021 τε
1454 1986 1504 2022 ἀεὶ
1532 1987 1586 2022 παῖ

955 2036 1000 2078 μὴ
1031 2035 1309 2078 καταλυθήσεται.
1367 2033 1438 2067 Nec
1469 2035 1585 2076 dispar

956 2086 1010 2115 est
1044 2083 1138 2114 iocus
1167 2082 1261 2115 Libr.
1294 2080 1350 2113 111.
1377 2090 1408 2121 p.
1435 2079 1512 2114 684

955 2127 1120 2167 βασιλεῖαι
1132 2130 1218 2168 τρεῖς
1232 2124 1508 2180 βασιλευομέναις
1522 2123 1583 2155 πό-

955 2173 1022 2203 λεσι
1062 2175 1203 2213 τριτταῖς
1249 2169 1385 2209 ὤμοσαι
1431 2166 1585 2211 ἀλλήλαις

954 2215 1103 2258 ἑκάτεραι
1128 2235 1171 2241 -—
1198 2227 1238 2247 οι
1268 2215 1341 2255 μὲν
1364 2212 1407 2255 μὴ
1436 2215 1582 2256 βιαιοτέ-

954 2274 1016 2301 ραν
1041 2261 1100 2304 τὴν
1122 2258 1227 2303 ἀρχὴν
1251 2258 1459 2301 ποιήσεσθαι
1486 2279 1527 2284 -
1546 2271 1584 2290 οι

954 2306 996 2338 δὲ
1021 2318 1049 2339 κ.
1075 2319 1100 2339 τ.
1127 2308 1153 2338 λ.
1211 2307 1319 2346 Supra
1355 2305 1412 2336 iv.
1447 2317 1478 2346 p.
1506 2306 1581 2339 711

953 2352 1004 2384 D.
1024 2349 1186 2405 μεγάλαις
1220 2351 1282 2382 τισὶ
1308 2348 1534 2386 δυναστειᾞαις
1565 2347 1584 2389 τ’)

953 2394 1035 2428 κατὰ
1059 2398 1239 2437 μοναρχίαι
1253 2393 1539 2431 δυναστευούσαις
1564 2392 1584 2434 ἢ

957 2439 1036 2473 κατὰ
1079 2440 1234 2473 πλούτων
1268 2438 1436 2481 ὑπεροχὰς
1467 2439 1579 2480 διαφε-

955 2485 1107 2528 ρούσαις.
1163 2487 1346 2518 Praeterea
1388 2485 1464 2518 vide
1497 2495 1583 2525 quae

954 2533 1175 2571 exposuimus
1199 2541 1275 2563 ann.
1302 2530 1343 2562 ad
1370 2530 1442 2562 iibr.
1469 2530 1525 2562 111.
1549 2540 1580 2570 p.

954 2576 1030 2611 684.
1059 2583 1097 2609 Δ.
1125 2582 1159 2608 et
1185 2576 1217 2607 in
1245 2576 1406 2615 Proiegg.

1000 2622 1240 2664 στέγουσαν
1263 2619 1310 2651 δὲ
1333 2616 1463 2651 ουδέτ
1463 2619 1581 2661 ,Jeed

954 2666 1056 2699 nihii
1115 2667 1423 2699 continentem.
1496 2663 1580 2695 Nam
