1612 2872
204 87 296 129 XII
666 83 1034 127 PRAEFATIO.

204 199 414 249 ctionem,
445 197 482 238 si
512 194 683 249 quando
714 196 767 237 ab
799 210 849 236 ea
878 194 1112 237 discessum
1141 202 1221 249 est,
1252 197 1411 250 ubique
1441 210 1526 237 me-

204 253 451 295 morandam
482 251 703 302 duximus,
734 250 893 306 quippe
924 250 978 291 ad
1009 265 1136 304 quam
1166 258 1413 307 comparata
1441 252 1527 307 pri-

203 325 316 350 mum
347 314 413 350 est
441 306 577 349 omnis
606 305 801 347 codicum
830 321 968 361 nuper
996 321 1271 349 excussorum
1301 308 1525 363 scriptura,

203 371 251 406 ut
288 364 414 406 huius
452 361 658 404 iudicium
706 362 796 403 sine
845 361 958 404 illius
996 362 1149 404 notitia
1186 378 1321 420 prope
1366 363 1527 405 nullum

204 435 298 462 esse
346 419 498 475 possit.
576 415 716 468 Quam
764 417 935 472 quidem
984 417 1100 473 quod
1143 419 1231 460 fere
1266 418 1526 475 vulgatae

203 476 374 517 nomine
403 472 720 528 insignivimus,
750 472 845 514 fieri
874 473 919 515 id
942 475 1135 529 profecto
1167 489 1217 516 eo
1250 474 1409 516 maiore
1437 474 1527 515 iure

202 531 368 588 potuit,
409 528 526 584 quod
563 528 812 583 plerumque
850 529 951 571 Ald.
979 529 1081 571 Bas.
1119 533 1151 572 1.
1182 537 1226 572 et
1254 531 1293 571 2.
1324 529 1528 572 lectiones

203 601 394 629 seorsum
421 591 522 627 sunt
553 589 798 638 annotatae,
829 585 1032 640 quodque
1062 585 1338 642 Stephani
1380 600 1527 628 recen-

204 643 268 685 sio
297 656 445 684 revera
473 641 659 682 omnium
689 641 868 683 maxime
898 641 1113 684 celebrata
1140 642 1236 695 fuit,
1266 656 1404 697 usque
1428 640 1528 682 dum

203 698 374 740 tandem
413 696 498 738 Im.
529 696 815 739 Bekkerus
845 712 999 740 novam
1025 697 1213 740 instituit
1249 702 1426 752 eamque
1455 696 1529 738 illa

204 755 338 796 multo
367 752 748 809 praestabiliorem.

315 808 518 852 Ceterum
569 808 697 850 etiam
736 808 946 864 potiorem
989 808 1273 849 recentiorum
1309 807 1431 850 editt.
1469 807 1528 849 le-

206 866 360 908 ctionis
391 864 720 920 discrepantiam
748 864 801 906 iis
833 864 940 906 locis
969 863 1199 905 notandam
1228 862 1526 915 iudicavimus,

205 922 279 964 ubi
315 922 360 963 in
398 921 452 962 iis
481 920 653 977 gravior
683 920 827 974 aliqua
853 935 880 961 a
907 927 1055 962 nostra
1077 920 1293 975 scriptura
1322 918 1529 961 discessio

208 979 322 1020 facta
362 982 491 1019 esset.
548 975 666 1018 Fieri
697 977 810 1017 enim
847 991 978 1030 quum
1005 976 1176 1018 omnino
1204 981 1295 1017 tum
1321 975 1529 1031 imprimis

206 1034 333 1076 etiam
371 1033 416 1075 in
454 1047 499 1074 re
538 1032 687 1074 critica
724 1032 786 1073 ita
814 1031 947 1084 solet,
984 1036 1033 1073 ut
1059 1031 1366 1073 sententiarum
1394 1036 1436 1072 et
1464 1031 1529 1072 iu-

205 1089 413 1131 diciorum
450 1087 665 1131 variorum
706 1087 966 1142 comparatio
1006 1101 1132 1142 saepe
1175 1086 1231 1128 ad
1256 1101 1404 1129 verum
1433 1101 1529 1141 per-

207 1145 358 1199 ducat,
398 1143 535 1186 sicubi
571 1143 679 1185 illud
716 1143 906 1185 nondum
941 1142 1163 1185 inventum
1203 1143 1260 1185 sit
1296 1148 1426 1197 atque
1457 1156 1529 1184 ex-

205 1202 419 1258 ploratum
449 1200 669 1241 habeatur.

319 1257 483 1300 Verum
521 1256 625 1298 satis
662 1255 768 1297 haec
798 1253 852 1296 de
881 1269 964 1295 usu
1000 1253 1289 1309 exemplorum
1322 1252 1530 1305 Platonis,

208 1328 317 1369 quae
358 1313 473 1369 typis
504 1326 661 1354 excusa
690 1316 804 1353 sunt.
861 1310 1087 1364 Pergimus
1118 1308 1173 1350 ad
1205 1308 1375 1350 codices
1403 1324 1532 1350 manu

207 1370 406 1424 scriptos,
438 1368 513 1422 qui
543 1367 598 1409 ad
627 1368 706 1409 hos
734 1367 867 1410 libros
897 1365 1037 1407 adhuc
1067 1365 1211 1406 collati
1239 1371 1349 1407 sunt.
1408 1363 1531 1417 Quos

207 1426 383 1481 quidem
412 1423 512 1465 dum
543 1423 828 1465 enumeraturi
858 1436 1025 1475 sumus,
1055 1420 1404 1463 satisfaciendum
1435 1426 1532 1461 ante

207 1482 346 1524 omnia
382 1480 587 1522 sentimus
629 1494 726 1521 esse
765 1478 1036 1520 sanctissimo
1055 1482 1221 1532 gratae
1269 1476 1439 1531 pietatis
1468 1476 1532 1517 of-

206 1537 321 1591 ficio,
338 1536 410 1579 „ad
439 1536 555 1590 quod
584 1551 663 1577 nos
695 1534 901 1577 simulari
915 1533 1170 1575 liberalitate
1201 1547 1279 1573 sua
1303 1532 1534 1574 obstrinxit

206 1594 290 1635 Vir
327 1592 648 1634 Illustrissimus
689 1603 733 1633 et.
761 1571 959 1632 doctrina
986 1589 1145 1644 pariter
1183 1594 1311 1642 atque
1340 1588 1532 1629 humani-

207 1656 297 1691 tate
327 1648 623 1701 Clarissimus,
657 1646 1020 1689 Christianus
1049 1644 1208 1686 Felix
1236 1644 1530 1697 Baehrius‚

208 1705 434 1747 Professor
479 1704 716 1747 Universit.
775 1700 1156 1756 Heidelbergensis
1219 1699 1531 1742 celeberrimus.

206 1761 252 1804 Is
282 1761 395 1802 enim
424 1774 554 1814 quum
577 1775 657 1802 nos
686 1757 901 1813 quondam
930 1757 1166 1811 accepisset
1193 1756 1239 1796 in
1268 1770 1318 1797 eo
1349 1770 1532 1810 occupa-

206 1823 275 1859 tos
315 1831 433 1870 esse,
472 1822 521 1857 ut
568 1815 737 1871 Legum
782 1814 913 1856 libros
961 1812 1210 1854 Platonicos
1256 1811 1532 1853 annotatione

206 1873 357 1916 critica
401 1878 445 1914 et
485 1873 705 1927 exegetica
747 1871 1053 1912 instrueremus
1099 1882 1342 1921 novamque
1387 1882 1532 1908 eorum

206 1929 437 1972 editionem
466 1927 781 1976 adornaremus‚
810 1923 1102 1967 intercedente
1130 1923 1296 1979 collega
1311 1937 1404 1964 meo
1435 1937 1533 1963 sua-

208 1985 400 2038 vissimo,
426 1984 501 2026 Ae
516 1983 726 2025 notheo
744 1981 977 2034 Kochio,
999 1980 1107 2022 Viro
1131 1978 1395 2031 Clarissimo,
1416 1977 1530 2019 ultro

208 2040 265 2081 ad
292 2054 370 2082 nos
399 2040 634 2082 transmisit
667 2038 916 2081 collationes
946 2035 1224 2091 complurium
1253 2033 1447 2076 codicum
1478 2033 1531 2075 ab

208 2096 347 2151 ipsius
367 2096 594 2149 avunculo,
614 2094 760 2137 Frid.
791 2093 822 2136 J
834 2107 905 2135 ac.
935 2093 973 2133 B
986 2106 1040 2133 as
1052 2092 1151 2144 tio,
1182 2090 1402 2145 praeclaro
1422 2089 1530 2142 viro,

210 2152 312 2194 olim
350 2166 479 2205 quum
530 2151 707 2193 Parisiis
757 2155 799 2192 et
835 2148 1121 2191 Vindobonae
1158 2151 1399 2188 versaretur
1436 2160 1532 2186 rara

210 2207 431 2264 diligentia
472 2207 620 2248 factas.
687 2205 819 2259 Quod
855 2203 1025 2260 quidem
1062 2217 1216 2244 munus
1254 2201 1334 2243 viri
1372 2200 1532 2257 egrecrii

209 2269 329 2305 tanto
359 2262 493 2317 pluris
522 2261 832 2304 aestimandum
861 2266 948 2313 est,
993 2258 1109 2313 quod
1136 2258 1180 2299 in
1208 2272 1384 2299 numero
1415 2272 1464 2298 co
1499 2256 1531 2296 i·

213 2334 309 2361 cum
348 2334 373 2360 a
402 2318 595 2360 Bastio
626 2318 943 2372 exploratorum
969 2315 1180 2357 habentur
1216 2314 1344 2355 etiam
1373 2311 1532 2354 Parisi-

210 2390 290 2417 nus
338 2375 524 2430 optimus
585 2378 628 2414 et
682 2373 920 2415 Vaticanus
973 2371 1082 2412 liber
1127 2368 1530 2424 praestantissimus.

211 2431 324 2474 Nam
354 2444 612 2486 quamquam
639 2429 699 2470 illi
720 2429 848 2470 etiam
877 2428 929 2471 ab
959 2426 1047 2469 Im.
1078 2425 1331 2467 Bekkero
1362 2423 1531 2466 excussi

213 2492 335 2536 sunt,
374 2486 600 2528 Bastius
636 2490 779 2526 tamen
817 2500 903 2526 non
937 2497 1076 2539 pauca
1110 2481 1211 2523 inde
1251 2480 1442 2523 enotavit
1477 2479 1530 2521 ab

212 2543 285 2585 illo
327 2543 577 2584 transmissa
614 2540 810 2594 silentio,
846 2538 1052 2595 imprimis
1091 2536 1444 2593 orthographica,
1483 2541 1532 2576 ut

211 2614 326 2642 nunc
364 2598 534 2642 demum
576 2596 733 2639 certius
765 2595 818 2638 de
846 2594 1307 2652 praestantissimorum
1336 2591 1531 2635 codicum
