1612 2872
256 110 388 153 CXX
681 104 1157 149 PROLEGOMENA

256 234 308 261 ac
337 219 602 273 principibus
642 222 856 258 sanxerat.
924 215 1037 257 Nam
1075 214 1145 256 hic
1174 212 1345 269 quidem
1377 228 1508 269 quum
1535 213 1578 255 in

256 275 397 316 locum
438 275 561 316 vivae
601 271 804 324 rationis,
845 270 927 312 hoc
968 275 1035 311 est
1061 269 1412 325 philosophorum
1446 269 1579 324 impe-

257 330 462 381 rantium,
507 328 764 369 successerit
801 332 919 367 muta
945 326 1088 380 legum
1117 325 1242 378 ratio,
1270 326 1461 381 profecto
1493 339 1587 369 mar

258 385 531 439 gistmtuum,
565 396 672 435 quos
696 381 933 434 constituit,
966 381 1185 435 aliquanto
1216 380 1340 422 aliter
1358 379 1580 422 erudiendi

211 451 225 457 ·
257 441 443 480 suerunt.
501 438 654 491 Itaque
684 437 762 479 hos
803 436 973 492 quidem
1011 450 1098 478 non
1125 437 1209 477 iam
1236 436 1330 478 vult
1359 435 1414 477 ad
1442 435 1582 490 philo-

259 492 471 548 sophandi
515 492 794 534 subtilitatem
843 492 1010 534 institui
1047 497 1122 533 aut
1159 492 1202 532 in
1240 490 1433 532 idearum
1481 505 1582 532 con-

259 548 536 603 templatione
575 548 790 600 habitare,
832 563 916 602 quo
954 548 1123 602 possint
1164 547 1378 588 civitatem
1406 545 1461 587 ad
1490 551 1598 599 tan-A

259 611 345 645 tam
384 604 692 658 perfectionem
729 603 926 657 educere,
957 610 1160 657 quantam
1191 602 1414 643 maximam
1442 607 1584 642 mente

261 665 304 700 et
340 659 601 714 cogitatione
629 658 792 714 fingere
822 659 962 700 liceat.
1021 658 1115 700 Imo
1148 658 1251 700 satis
1282 657 1425 710 habet,
1456 656 1493 698 si
1522 656 1583 697 illi

261 715 348 756 vim
377 722 420 756 et
449 714 751 770 praestantiam
780 714 922 770 legum
940 715 1155 769 sapienter
1184 713 1439 768 scriptarum
1469 717 1585 754 recte

261 770 503 826 percipiant
540 775 871 825 perceptamque
898 770 960 811 ita
988 775 1212 821 tueantur,
1243 775 1293 809 ut
1321 782 1415 810 sese
1443 767 1586 823 legum

264 840 413 868 servos
443 839 537 866 esse
558 825 834 866 recordantes
863 825 908 866 in
920 825 1091 866 divinae
1114 825 1229 866 illius
1250 824 1339 866 sive
1358 822 1585 865 Saturniae

263 880 451 922 civitatis
482 880 697 935 exemplar
724 881 971 922 intueantur
1010 886 1053 922 et
1080 880 1154 934 pio
1185 894 1316 921 sensu
1343 883 1586 920 reverentes

264 936 453 977 divinam
493 936 699 977 iustitiam
744 937 828 990 ipsi
868 950 1039 991 quoque
1083 935 1187 977 iusti
1233 949 1327 977 esse
1371 932 1586 975 studeant.

265 991 335 1032 De
376 1005 462 1044 qua
497 1006 543 1031 re
581 990 727 1032 divine
766 1006 942 1046 prorsus
981 991 1224 1046 disputatur
1261 989 1382 1031 Libr.
1421 988 1502 1030 IV.
1544 1003 1587 1044 p.

266 1048 361 1088 715.
405 1046 443 1087 E
484 1060 581 1100 sqq.
649 1045 776 1088 Solos
814 1047 948 1102 igitur
984 1047 1167 1088 civitatis
1207 1044 1437 1097 custodeS‚
1478 1057 1588 1097 quos

267 1108 456 1143 extremo
487 1101 597 1143 libro
627 1100 882 1143 duodecimo
911 1102 1136 1155 informat,
1166 1101 1228 1142 ita
1244 1100 1349 1142 -vult
1374 1100 1419 1140 in
1448 1099 1589 1154 philo-

267 1156 420 1212 sophia
448 1163 644 1198 versatos
674 1171 791 1210 esse,
823 1163 871 1198 ut
907 1158 1081 1199 virtutis
1123 1158 1184 1198 ac
1202 1155 1305 1198 boni
1329 1161 1373 1197 et
1401 1155 1588 1208 honesti,

266 1213 454 1266 itemque
481 1227 622 1253 rerum
661 1211 903 1254 divinarum
940 1212 1165 1254 scientiam
1204 1217 1363 1252 tantam
1399 1215 1590 1263 teneant,

270 1274 429 1322 quanta
467 1267 521 1308 ad
566 1267 887 1322 gubernandam
933 1268 1147 1309 civitatem
1199 1272 1243 1308 et
1288 1265 1342 1307 ad
1385 1265 1512 1307 finem
1552 1266 1592 1307 ei

266 1323 534 1379 propositum
570 1329 686 1364 recte
731 1322 1079 1378 cognoscendum
1118 1321 1481 1375 iudicandumque
1518 1334 1593 1363 ne-

270 1379 459 1420 cessaria
487 1379 556 1420 sit.
613 1379 728 1420 Nam
757 1379 878 1420 Libr.
916 1378 1022 1420 XII.
1054 1394 1098 1434 p.
1127 1379 1223 1420 965.
1260 1378 1315 1418 A.
1356 1391 1429 1419 eos
1465 1382 1594 1419 vocat

270 1434 376 1483 τούς
413 1437 476 1487 νῷ
515 1434 861 1489 ἀπεικασμένους
898 1436 959 1487 τῷ
1006 1433 1145 1476 πολλὰ
1185 1435 1258 1475 καὶ
1305 1430 1406 1484 ἄξια
1456 1431 1591 1486 λόγου

270 1489 573 1544 διαφερόντως
606 1498 808 1546 (Ῑρονεῑν;
840 1496 881 1531 et
909 1505 951 1544 p.
983 1492 1077 1532 965.
1107 1491 1163 1531 A.
1193 1489 1245 1531 B.
1275 1487 1328 1530 de
1353 1487 1503 1530 iisdem
1531 1488 1594 1530 sic

272 1546 442 1587 scribit:
491 1548 533 1588 τί
580 1546 674 1596 δαίς
724 1549 820 1601 περὶ
860 1545 1081 1587 πάντων
1122 1546 1224 1586 τῶν
1271 1545 1594 1586 σπουδαίων

271 1597 335 1658 ἆρ’
366 1601 472 1656 ἡμῖν
503 1601 526 1643 ὁ
555 1600 689 1649 αὐτὸς
715 1601 862 1655 λόγος,
893 1600 963 1643 ὅτι
993 1602 1058 1642 δεῖ
1099 1599 1202 1649 τοὺς
1231 1597 1367 1647 ὅντως
1397 1597 1595 1655 φύλακας

272 1662 511 1710 ἐσομένους
539 1658 626 1697 τῶν
653 1656 802 1709 νόμων
834 1656 972 1704 ὄντως
999 1657 1162 1697 εἰδέναι
1191 1653 1244 1696 τὰ
1272 1657 1370 1710 περὶ
1399 1657 1478 1705 τήν
1496 1654 1594 1706 ἀλή-

274 1714 409 1754 θειαν
445 1712 611 1761 αὐτῶν,
652 1714 724 1754 καὶ
761 1710 877 1766 λόγῳ
915 1727 959 1753 τε
1002 1707 1178 1759 ἱκανούς
1206 1707 1454 1765 ἑρμηνεύειν
1484 1710 1596 1752 εἶναι

273 1770 346 1810 καὶ
383 1775 477 1816 τοῖς
507 1769 650 1822 ἔργοις
677 1767 1051 1820 ξυνακολουθεῖν,
1091 1770 1319 1820 κρίνοντας
1355 1765 1411 1805 τά
1448 1781 1492 1807 τε
1525 1781 1595 1807 κα-

273 1824 358 1872 λῶς
392 1822 629 1878 γιγνόμενα
669 1824 740 1863 καὶ
779 1820 832 1863 τά
867 1819 928 1876 μὴ
969 1819 1078 1863 κατὰ
1118 1819 1266 1878 φύσιν.
1325 1819 1597 1875 Quamquam

272 1879 318 1919 in
347 1879 548 1934 ambiguo
584 1877 804 1932 relinquit,
837 1877 1010 1932 quando
1045 1883 1088 1918 et
1117 1875 1320 1931 quamdiu
1355 1876 1417 1917 illi
1446 1876 1492 1917 in
1520 1876 1596 1918 ha-

272 1949 367 1975 rum
403 1949 544 1975 rerum
583 1933 738 1975 studiis
792 1932 1039 1975 conti-nendi
1078 1932 1178 1974 sint.
1249 1933 1398 1986 Atque
1433 1931 1500 1974 his
1536 1932 1598 1973 ita

274 1989 482 2043 expositis
522 1995 716 2044 apertum
755 2003 850 2031 esse
879 1995 1104 2044 putamus,
1137 1988 1294 2041 quibus
1323 1987 1486 2029 caussis
1513 1987 1598 2029 ista

275 2045 418 2088 omnia
457 2045 501 2085 in
550 2045 743 2100 Legibus
790 2059 840 2086 eo
882 2059 968 2099 quo
1008 2043 1193 2084 diximus
1231 2041 1358 2084 modo
1400 2042 1599 2085 instituta

274 2101 361 2142 sint
399 2106 442 2141 et
489 2099 707 2141 adornata.
783 2099 866 2142 His
913 2104 1053 2141 autem
1100 2098 1340 2153 perspectis
1386 2098 1598 2140 neminem

273 2157 358 2197 iam
395 2156 584 2196 futurum
630 2170 723 2197 esse
753 2170 999 2210 speramus,
1041 2154 1145 2207 quin
1183 2167 1234 2194 ea
1271 2154 1374 2194 item
1414 2153 1599 2199 fateatur

275 2211 513 2252 arctissimo
543 2211 715 2252 vinculo
746 2225 842 2252 cum
872 2210 1150 2264 Reipublicae
1187 2207 1370 2250 decretis
1407 2222 1600 2254 connexa

276 2281 370 2308 esse
399 2272 530 2319 atque
555 2266 773 2321 colligata,
798 2266 860 2307 ita
887 2272 936 2307 ut
963 2271 1191 2319 utrumque
1212 2278 1322 2319 opus
1344 2264 1598 2307 amicissime

276 2322 524 2375 conspirare
555 2321 884 2363 existimandum
914 2321 983 2363 sit.
1533 2343 1541 2346 »

387 2379 534 2430 Atque
573 2377 766 2418 similiter
809 2378 937 2418 etiam
968 2375 1021 2417 de
1051 2375 1144 2429 aliis
1175 2374 1429 2430 disciplinae
1459 2374 1599 2430 publi-

277 2447 353 2474 cae
383 2431 578 2485 partibus
609 2432 790 2474 iudicari
812 2437 996 2488 oportet,
1028 2445 1138 2485 quae
1156 2430 1372 2485 pertinent
1400 2429 1455 2471 ad
1483 2445 1598 2472 com-

275 2488 413 2529 munis
451 2487 567 2528 vitae
605 2502 731 2529 usum
768 2494 810 2530 et
838 2485 1213 2538 consuetudinem,
1244 2500 1441 2540 quaeque
1469 2486 1600 2541 vulgo

276 2544 318 2584 in
338 2543 542 2598 ,Legibus
572 2549 781 2596 put-antur
814 2543 937 2584 aliter
974 2542 1096 2598 plane
1127 2548 1256 2595 atque
1285 2541 1330 2582 in
1363 2541 1600 2596 Republica

279 2598 518 2653 descriptae
557 2613 665 2640 esse.
730 2598 956 2641 Enimvero
987 2604 1088 2639 sunt
1116 2597 1214 2638 illae
1251 2611 1352 2638 sane
1392 2595 1462 2637 hic
1492 2597 1599 2638 mul-
