1612 2872
263 135 462 177 CXXIV
693 130 1172 174 PROLEGOMENA

264 245 424 285 virtute
451 243 769 294 coniunctaque
798 254 894 281 cum
923 254 975 281 ea
1011 240 1220 282 felicitate
1251 241 1438 296 positum
1481 254 1589 282 esse.

265 298 407 351 Quam
455 297 628 351 quidem
674 294 921 350 philosophi
972 296 1229 337 sententiam
1272 302 1441 352 praeter
1488 296 1595 338 alios

265 353 512 396 doctissime
558 352 880 392 illustraverunt
915 350 1418 406 Morgenst'ernius
1467 349 1595 392 Com-

265 414 392 450 ment.
468 408 544 448 De
590 406 726 447 Plat.
775 405 1006 460 Republ.
1084 437 1094 446 .
1153 408 1242 448 164.
1299 421 1396 461 sqq.
1436 413 1480 448 et
1518 406 1595 448 De

264 462 379 504 Gee
399 463 484 503 riu
502 476 521 503 s
551 461 630 502 De
647 461 950 516 principiis
970 422 1245 515 poiitices
1270 462 1595 504 Platonicae

263 534 305 573 p.
342 519 432 560 143.
464 531 559 570 sqq.
594 519 686 558 151.
717 531 812 571 sqq.
854 518 946 559 156.
987 531 1082 570 sqq.
1117 517 1373 570 quibuscum
1417 524 1594 559 conten-

264 573 342 613 das
382 572 510 613 etiam
549 571 747 628 Prolegg.
785 577 933 613 nostra
970 571 1025 612 ad
1063 571 1287 628 Rempubl.
1330 573 1443 616 Plat.
1477 572 1590 628 Opp.

262 628 374 670 Plat.
402 627 502 669 Vol.
532 626 619 669 III.
648 627 696 670 P.
723 628 768 681 l.
787 642 831 681 p.
861 626 1017 667 XXII.
1047 641 1142 681 sqq.

376 682 468 724 Iam
503 697 605 724 vero
636 682 1009 724 considerantibus
1047 683 1171 725 nobis
1202 697 1266 736 ea,
1298 696 1407 737 quae
1439 682 1492 724 de
1519 697 1595 736 ,eo-

265 737 361 779 dem
405 738 501 779 loco
539 738 583 778 in
621 738 814 793 Legibus
857 737 1157 793 disputantur,
1208 738 1291 779 etsi
1330 739 1376 779 in
1413 738 1594 795 singulis

265 792 521 847 quibusdam
550 794 744 848 partibus
775 792 919 847 aliqua
948 794 1001 835 ab
1030 793 1115 835 illis
1140 793 1346 836 discessio
1376 794 1491 835 facta
1512 800 1593 848 est,

262 857 407 890 tamen
437 849 536 889 item
568 850 711 890 omnia
743 847 945 890 videntur
973 849 1035 889 ita
1053 864 1148 891 esse
1167 849 1387 904 exposita,
1417 854 1467 890 ut
1485 864 1594 904 quae

263 904 310 945 in
353 904 592 959 Republica
620 904 858 959 perscripta
897 904 1124 959 leguntur,
1165 919 1216 946 ea
1243 904 1394 946 sedulo
1425 911 1595 946 servata

265 959 351 1000 sint
378 960 423 1000 in
464 959 597 1000 altero
626 973 755 1014 opere
785 965 829 1000 et
857 958 912 1000 ad
940 974 1030 1000 rem
1059 966 1338 1014 praesentem.
1357 959 1594 1015 prudenter

262 1013 598 1055 accommodata.
658 1015 770 1056 Nam
798 1014 881 1055 toti
910 1015 1073 1056 civitati
1101 1016 1365 1071 propositam
1395 1030 1490 1057 esse
1520 1015 1594 1057 de-

263 1069 364 1110 bere
394 1069 613 1122 virtutem,
644 1084 824 1123 eamque
854 1084 940 1111 non
966 1085 1094 1111 unam
1125 1071 1323 1125 aliquam,
1352 1071 1428 1112 sed
1458 1077 1593 1112 totam

263 1130 308 1166 et
334 1124 571 1181 integram,
614 1139 667 1166 ex
697 1130 901 1179 quattuor
931 1126 1079 1167 formis
1109 1132 1391 1179 constantem,
1415 1126 1460 1168 id
1489 1141 1592 1168 vero

261 1179 498 1227 identidem
535 1180 714 1222 docetur
752 1180 1109 1235 luculentissime,
1149 1182 1281 1223 veluti
1318 1182 1438 1224 Libr.
1477 1181 1514 1222 I.
1582 1214 1592 1224 .

263 1237 374 1276 630:
401 1236 453 1276 Ε.
496 1250 590 1290 sqq.
621 1260 675 1266 —
707 1237 802 1278 632.
840 1236 894 1277 E.
934 1236 996 1277 II.
1034 1252 1076 1291 p.
1109 1239 1202 1279 660.
1236 1237 1292 1278 D.
1323 1262 1378 1268 —
1408 1238 1504 1279 663.
1534 1197 1591 1278 lg.

261 1291 336 1332 ubi
366 1291 491 1332 simul
523 1291 734 1332 evincitur
765 1291 991 1332 honestum
1010 1303 1053 1333 et
1081 1292 1315 1333 iucundum
1337 1307 1432 1334 esse
1462 1307 1592 1334 unum

262 1345 486 1400 idemque;
521 1347 641 1387 Libr.
672 1346 756 1388 111.
787 1362 829 1402 p.
861 1348 954 1391 688.
983 1349 1040 1389 A.
1071 1362 1165 1401 sqq.
1196 1348 1277 1389 IV.
1308 1364 1349 1403 p.
1382 1349 1475 1390 705.
1494 1362 1590 1402 sqq.

263 1403 358 1443 715.
389 1402 441 1442 Β.
473 1416 567 1456 sqq.
600 1402 654 1444 V.
684 1417 726 1457 p.
760 1404 853 1444 742.
887 1401 1065 1444 O.—E.
1103 1403 1184 1444 VI.
1216 1419 1256 1458 p.
1287 1405 1381 1444 770.
1411 1404 1463 1444 B.
1495 1418 1591 1458 sqq.

262 1456 392 1498 VIII.
424 1472 467 1511 p.
498 1459 593 1499 829.
621 1462 676 1500 A.
706 1472 800 1511 sqq.
828 1457 939 1500 XII.
969 1474 1011 1514 p.
1043 1459 1138 1499 963.
1169 1473 1262 1513 sqq.
1283 1458 1391 1501 XII.
1421 1474 1463 1514 p.
1495 1460 1591 1501 965.

260 1514 316 1554 A.
348 1527 444 1566 sqq.
477 1557 488 1568 ι
509 1513 782 1554 Felicitatem
824 1519 965 1554 autem
1003 1514 1265 1568 reipublicae
1306 1529 1361 1556 ex
1399 1529 1484 1555 una
1512 1529 1591 1569 po-

260 1568 473 1609 tissimum
503 1569 662 1609 virtute
689 1583 941 1623 suspensam
972 1577 1066 1610 esse
1095 1585 1235 1623 neque
1255 1570 1300 1610 in
1322 1570 1491 1625 opibus,
1525 1569 1589 1610 di-

260 1624 378 1664 vitiis
418 1630 461 1664 et
488 1624 683 1679 potentia
722 1624 826 1678 poni
857 1629 1068 1679 oportere,
1111 1639 1243 1678 quum
1272 1625 1372 1666 alibi
1403 1625 1590 1667 breviter

260 1684 480 1730 monetur,
511 1684 601 1720 tum
632 1679 850 1732 copiosius
890 1679 1130 1720 ostenditur
1159 1680 1279 1722 Libr.
1313 1681 1392 1722 IV.
1420 1695 1461 1735 p.
1494 1682 1587 1722 705.

260 1733 311 1774 E.
343 1750 384 1788 p.
416 1735 511 1776 706.
541 1735 598 1775 Α.
657 1733 833 1789 Quippe
862 1734 1060 1775 virtutem
1098 1735 1171 1776 ubi
1208 1736 1451 1790 respublica
1488 1750 1588 1790 pos-

259 1787 373 1830 sidet
392 1789 624 1845 propriam,
648 1789 744 1844 ipsa
765 1789 893 1831 etiam
912 1790 957 1831 in
976 1805 1021 1832 se
1043 1805 1129 1831 una
1148 1796 1213 1832 est
1234 1797 1276 1832 et
1295 1791 1586 1843 consentiens,

260 1850 464 1898 caretque
502 1845 554 1886 iis
594 1845 716 1886 malis
758 1845 982 1898 omnibus,
1016 1846 1170 1899 quibus
1200 1853 1450 1901 premuntur
1479 1846 1586 1887 aliae

260 1900 483 1952 civitates,
526 1901 571 1940 in
616 1900 771 1954 quibus
821 1900 968 1947 malae„
1003 1901 1264 1957 cupiditates
1312 1908 1355 1943 et
1401 1901 1586 1956 partium

258 1955 402 1996 studia
441 1963 705 2019 grassantur.
772 1955 915 2008 Quum
947 1957 1057 1997 enim
1085 1956 1324 2011 indigentia
1354 1962 1397 1998 et
1425 1957 1586 1997 utilita-

256 2011 312 2052 tis
343 2010 534 2052 studlum
560 2010 752 2052 homines
783 2010 837 2052 ad
868 2011 1099 2053 ineundam
1130 2012 1298 2053 civilem
1332 2012 1586 2053 societatem

257 2066 496 2122 impulerit,
528 2073 670 2108 tamen
700 2066 755 2107 ad
783 2066 1082 2108 continendam
1112 2067 1405 2120 tuendamque
1436 2067 1585 2108 civita-

256 2122 314 2162 tis
354 2121 628 2163 concordiam
665 2122 781 2162 valet
820 2122 1061 2177 plurimum,
1093 2123 1245 2163 sinon
1286 2121 1413 2163 modo
1465 2123 1583 2178 leges

257 2176 312 2216 ad
349 2178 549 2219 virtutem
581 2184 801 2231 spectent,
834 2177 909 2219 sed
939 2178 1066 2218 etiam
1098 2178 1212 2219 cives
1241 2184 1284 2218 et
1309 2178 1585 2233 magistratus

261 2227 429 2274 virtutis
459 2235 650 2273 amantes
681 2233 782 2274 sint.
841 2233 913 2274 De
932 2247 1016 2287 qua
1034 2233 1244 2273 sententia
1273 2248 1312 2273 v.
1331 2233 1469 2289 Legg.
1500 2233 1584 2274 ΙΙΙ.

254 2301 296 2340 p.
337 2289 432 2328 692.
475 2286 524 2328 C.
554 2313 609 2318 -—
640 2290 734 2329 693.
775 2286 826 2329 C.
870 2288 947 2328 IV.
986 2303 1028 2342 p.
1069 2290 1165 2328 712.
1205 2289 1260 2328 A.
1310 2313 1354 2318 —
1391 2290 1488 2330 714.
1531 2289 1611 2345 E.g

255 2343 350 2382 716.
391 2345 447 2384 Α.
486 2356 583 2396 sqq.
616 2343 678 2385 V.
728 2358 770 2399 p.
810 2344 904 2384 734.
944 2343 996 2386 E.
1037 2358 1078 2398 p.
1118 2345 1209 2385 739.
1241 2343 1297 2384 D.
1327 2342 1402 2384 ubi
1434 2343 1610 2385 civitas

255 2396 414 2439 dicitur
450 2397 630 2451 perinde
673 2404 817 2452 atque.
847 2413 956 2440 unus
986 2397 1112 2439 homo
1143 2398 1249 2439 bene
1278 2399 1488 2452 beateque
1518 2399 1582 2439 vi-
1606 2396 1612 2451 s

256 2467 356 2494 vere
399 2452 575 2502 debere3
613 2453 697 2494 IX.
738 2469 778 2509 p.
818 2455 899 2495 875
939 2455 995 2495 A.
1034 2453 1164 2494 VIII.
1207 2469 1248 2507 p.
1289 2455 1382 2495 628.
1423 2454 1481 2497 D.
1526 2454 1611 2495 al.

255 2507 409 2562 Itaque
450 2507 635 2550 dubitari
685 2510 881 2562 profecto
920 2508 1037 2550 nullo
1079 2508 1206 2550 modo
1244 2509 1427 2563 poterit,
1477 2509 1581 2562 quin
1602 2512 1612 2556 ,l

254 2563 380 2604 sicuti
418 2564 461 2604 in
500 2563 740 2618 Republica
778 2564 941 2606 civitati
980 2563 1137 2605 dieitur
1173 2564 1309 2606 virtus
1360 2564 1582 2619 proposita
1600 2562 1612 2615 ΓΙ

254 2632 347 2661 esse
391 2624 609 2674 tamquam
639 2618 709 2671 id,
742 2619 858 2673 quod
889 2634 1097 2662 summum
1128 2625 1256 2674 atque
1287 2619 1479 2662 ultimum
1509 2619 1578 2672 sit,
1600 2615 1612 2704 ΓΙ

1606 2705 1612 2727 Σ

1601 2728 1612 2872 Γ
