1612 2872
3 1255 9 1259 .
67 1225 235 1267 pluralem
270 1228 341 1255 τοῖς
373 1222 410 1255 δέ
439 1224 587 1255 illatum.
635 1224 710 1256 Nec

176 106 256 148 DE
292 103 567 148 LEGIBUS
605 104 718 146 [AB.
756 102 814 145 11.
849 103 896 144 P.
930 103 1025 145 670.
1058 103 1155 144 671.
1189 101 1253 145 St.
1330 103 1412 144 223

57 223 142 277 γὰρ
190 225 340 277 τρίτον
385 221 567 276 οὐδεμία
611 219 787 275 ἀνάγκη
831 220 990 278 ποιητῇ
1026 216 1296 273 γιγνώσκειν,
1331 215 1424 258 εἴτε

59 288 196 332 καλὸν
231 289 314 332 εἴτε
350 287 411 343 μὴ
448 286 585 331 καλὸν
622 287 672 331 τὸ
707 291 893 343 μίμημα,
920 284 970 328 τὸ
1009 287 1054 328 δὲ
1087 282 1307 339 ἁρμονίας
1341 285 1415 325 καὶ

59 355 243 413 ῥυθμοῦ
279 354 433 411 σχεδὸν
468 354 666 410 ἀνάγκη·
707 363 796 404 τοῖς
839 355 884 396 δὲ
921 351 1070 395 πάντα
1106 349 1159 393 τὰ
1200 354 1300 404 τρία
1336 350 1416 401 τῆς

60 425 239 475 ἐκλογῆς
272 426 397 464 ἕνεκα
446 424 524 465 τοῦ
571 424 806 464 καλλίστου
841 422 913 463 καὶ
958 422 1187 473 δευτέρου,
1212 414 1250 468 ἢ
1285 418 1414 471 μηδὲ·

61 506 167 532 ποτε
212 486 368 531 ἱκανὸν
414 486 587 542 ἐπῳδὸν
628 491 865 542 γίγνεσθαι
921 491 1035 536 νέοις
1079 484 1192 542 πρὸς
1234 483 1412 538 ἀρετήν.

61 559 133 598 καὶ
170 554 279 610 ὅπερ
316 554 339 597 ὁ
377 554 510 606 λόγος
544 560 591 597 ὲν
627 554 787 610 ἀρχαῖς
819 551 1065 608 ἐβουλήθη,
1111 549 1193 603 τὴν
1239 553 1296 604 τῷ
1334 552 1414 592 τοῦ

61 623 277 666 Διονύσου
309 624 428 677 χορῷ
464 620 692 674 βοήθειαν
735 621 944 671 ἐπιδεῖξαι
988 620 1132 668 καλῶς
1167 620 1416 672 λεγομένην,

62 693 120 738 εἰς
168 687 358 743 δύναμιν
405 687 559 741 εἴρηκε.
603 685 880 742 σκοπώμεθα
919 685 996 737 δή,
1044 691 1078 728 εὶ
1116 683 1256 728 τοῦθ’
1300 683 1417 729 οὕτω

61 760 225 809 γέγονε.
269 753 544 810 θορυβώδης
586 758 664 808 μέν
703 771 790 797 που
835 751 858 797 ὁ
895 752 1111 806 ξύλλογος
1147 749 1170 794 ὁ
1210 753 1416 800 τοιοῦτος

63 822 106 874 ἐξ
149 820 349 876 ἀνάγκης
397 819 636 877 προϊούσης
671 822 750 873 τῆς
798 819 966 869 πόσεως
1011 821 1080 862 ἐπὶ
1125 819 1298 873 μᾶλλον
1346 815 1415 859 ἀεὶ

65 997 311 1030 restituendam
339 1006 417 1028 esse
441 996 508 1027 iarn
536 995 725 1028 Cornarins
751 996 847 1028 vidit.
899 994 999 1037 Apud
1027 993 1172 1026 eundem
1199 993 1286 1029 Eua.
1313 992 1416 1025 codd.

66 1054 203 1077 omnes:
228 1045 294 1075 ἔτι
317 1041 464 1084 μᾶλλον,
489 1052 528 1073 ne
555 1042 632 1074 dein
658 1041 853 1085 γενόμενος.

69 1179 282 1219 singularem
316 1176 437 1210 ἰκανὸν
467 1175 605 1221 ἐπῳδόν
628 1183 710 1219 post

778 1176 835 1209 ΙΙΙ.
864 1187 897 1218 p.
923 1175 1001 1210 678.
1032 1174 1071 1207 Ε.
1097 1173 1178 1209 (184.
1206 1176 1245 1207 A.
1273 1174 1355 1210 698.
1379 1174 1418 1207 E.

779 1223 855 1257 700.
892 1222 937 1254 [⁴2.-
980 1220 1172 1262 προιούσης
1205 1220 1269 1260 τῆς
1300 1232 1420 1253 συνου-

67 1276 183 1304 tamen
211 1270 415 1312 infrequens
442 1275 495 1301 est
508 1270 709 1302 huiusmodi

68 1317 237 1349 transitus
270 1326 290 1348 a
324 1325 469 1348 numero
501 1316 628 1356 plurali
665 1318 710 1348 ad

71 1363 295 1404 singularem.
321 1362 414 1395 conf.
431 1361 653 1394 Matthiae
678 1362 708 1403 ξ.

68 1408 147 1444 298.
171 1415 204 1440 et
230 1407 260 1439 H
282 1407 513 1439 eindorf.
540 1405 708 1448 adGorg.

67 1466 103 1497 p.
125 1454 209 1489 478.
237 1453 276 1485 C.

119 1523 156 1555 P.
193 1521 274 1556 671.
330 1518 350 1551 o‘
391 1519 526 1562 λόγος
562 1521 604 1551 ἐν
641 1516 708 1560 α’ρ·

67 1567 193 1609 χαῖς]
255 1567 377 1601 Verte:
433 1566 707 1607 aiisiinglicb.

69 1615 168 1646 Solet
206 1617 325 1659 autem
362 1613 394 1644 in
425 1612 597 1644 eiusmodi
635 1613 708 1644 for-

70 1660 180 1696 mulis,
205 1669 293 1701 quae
319 1662 398 1690 sunt
422 1657 575 1690 adverbii
594 1658 708 1695 instar,

69 1705 113 1737 de
147 1715 244 1737 more
274 1705 389 1736 omitti
421 1704 598 1736 artic-ulus.
647 1704 708 1736 Sic

70 1760 150 1783 mox
197 1748 275 1781 κου’
314 1746 434 1791 α’ρχάς.
474 1754 509 1782 et
539 1750 582 1783 D.
619 1747 709 1793 μετοῖ

69 1796 175 1836 δίκης.

117 1861 193 1903 τῆν
230 1865 285 1906 τῷ
325 1865 406 1893 τοῦ
439 1860 481 1894 Δ.
512 1874 545 1902 χ.
590 1863 623 1900 β.
667 1879 706 1885 ·-

72 1907 335 1951 λεγομένην]
377 1907 421 1939 H.
462 1917 493 1939 e.
537 1907 708 1939 ‹lemon-

74 1958 228 1992 strare,
254 1957 381 1985 recte
405 1952 612 1992 iudicari,
638 1953 711 1984 Di-

73 1999 196 2042 onysi
221 1998 353 2031 choro
378 2008 503 2040 opem
530 2008 628 2030 esse
654 1998 711 2029 se-

72 2045 268 2084 rendam3
310 2055 337 2075 s.
382 2053 449 2075 non
479 2044 595 2086 inepte
629 2044 711 2076 Dio—

73 2091 146 2133 nysi
172 2089 314 2122 chorum
342 2089 516 2121 constitui.
565 2089 713 2121 Dativus

74 2140 120 2179 τῷ
144 2139 236 2179 χορῷ
268 2135 322 2168 hic
354 2144 492 2176 quoque
517 2136 646 2177 pendet
672 2145 712 2166 ex

74 2180 283 2226 eory'Oeuoen-
317 2179 359 2212 cle
409 2190 478 2221 qno
516 2185 716 2212 structurae

75 2237 204 2268 genere
241 2227 370 2258 dictum
419 2230 473 2258 est
519 2226 715 2268 aliquoties.

79 2273 230 2304 Prorsus
267 2271 391 2304 eodem
431 2270 537 2303 modo
573 2273 716 2304 Parme-

78 2317 143 2349 nid.
174 2328 207 2358 p.
231 2317 311 2352 128.
337 2317 382 2350 Cz
405 2315 561 2358 βοήθεια
588 2321 633 2361 τῷ
658 2316 715 2349 λό-

78 2375 139 2404 γῳ.
171 2364 285 2395 Alcib.
322 2363 345 2395 Ι.
377 2373 410 2404 Ρ.
437 2362 516 2397 161.
544 2365 592 2396 At
626 2362 716 2406 βοή·

81 2410 164 2439 Oua
189 2411 258 2446 τοῖς
283 2408 404 2450 φίλοις.

124 2496 370 2539 προϊούσης
401 2500 472 2538 τῆς
522 2497 714 2539 πόσεως]

81 2543 356 2584 procedente
410 2544 711 2586 compotatio-

79 2597 147 2631 ne;
173 2592 211 2620 ut
235 2598 361 2630 saepe.
392 2588 500 2621 veluti
529 2587 715 2629 προϊόντος

79 2636 146 2665 τοῦ
170 2631 288 2675 λόγον.
331 2631 475 2665 Phaedr.
500 2643 533 2676 p.
558 2634 638 2669 238.
666 2634 713 2666 D:

23 2704 30 2709 .
81 2677 266 2721 προϊόντος
309 2681 374 2712 τοῦ
412 2677 562 2722 χρόνου,
603 2680 713 2722 Legg.

778 1269 866 1302 σίας.
893 1266 1038 1299 Theaet.
1066 1277 1097 1308 p.
1113 1266 1191 1300 150.
1213 1266 1252 1298 Ι).
1280 1285 1322 1289 -——
1348 1267 1422 1298 ἐπὶ

777 1314 958 1356 μᾶλλον,
990 1314 1128 1354 magis
1163 1313 1420 1355 magisque3

778 1365 872 1400 quod
913 1360 1016 1390 etiam
1069 1358 1261 1400 ἐπιμᾶλλον
1316 1358 1420 1390 scribi

780 1406 881 1443 lieet3
914 1415 986 1436 nam
1014 1404 1103 1435 inter
1128 1408 1315 1445 utrumque
1341 1403 1420 1436 nibil

778 1452 940 1493 interes13
981 1461 1010 1481 v.
1046 1454 1186 1490 praeter
1217 1459 1298 1490 eos,
1331 1459 1420 1491 quos

777 1495 895 1528 laudat
945 1496 1118 1534 Aetius,
1160 1494 1420 1536 Wesseling.

778 1542 821 1573 ad
851 1541 1022 1573 Herodot.
1049 1541 1116 1572 111.
1142 1539 1220 1575 104.
1247 1540 1422 1572 Diodor.

779 1588 861 1619 Sic.
879 1587 921 1618 T.
938 1587 986 1618 11.
1003 1597 1034 1628 p.
1053 1586 1134 1620 535.
1160 1596 1223 1618 nos
1248 1586 1291 1618 ud
1309 1587 1420 1627 Gorg.

779 1643 812 1675 p.
837 1632 918 1667 453.
936 1634 982 1664 A.
1010 1633 1065 1664 ubi
1092 1631 1216 1664 eodem
1245 1631 1319 1664 t'ere
1345 1641 1422 1664 rno-

778 1679 823 1710 do
854 1679 909 1709 ἐηὶ
945 1679 1047 1709 πλέον
1079 1677 1238 1719 usurpari
1284 1677 1421 1710 monui-

779 1734 873 1763 mus3
899 1723 1080 1756 Werfer.
1110 1727 1185 1755 Act.
1212 1722 1351 1756 Monac.
1378 1722 1422 1754 Τ.

781 1770 804 1802 Ι.
846 1770 948 1801 Fasc.
986 1769 1018 1803 2.
1058 1779 1091 1811 p.
1123 1768 1205 1804 238.
1234 1768 1422 1801 Lobeck.

780 1815 822 1847 ad
850 1815 1030 1856 Plirynicli.
1057 1827 1090 1855 p.
1115 1814 1171 1850 48.
1208 1814 1425 1847 Matthiae

781 1861 844 1892 Gr.
881 1861 943 1892 Gr.
980 1861 1011 1900 §.
1052 1860 1132 1894 586.
1178 1863 1268 1892 extr.
1332 1859 1425 1891 Male

783 1906 1011 1938 Eusebius
1040 1906 1166 1946 Praep.
1195 1904 1258 1936 Ev.
1284 1905 1363 1936 Xll.
1391 1914 1425 1945 p.

779 1951 859 1985 597,
884 1951 932 1982 ἔτι
946 1951 1091 1992 μᾶλλον.
1145 1951 1214 1981 Pro
1239 1949 1305 1989 det,
1330 1948 1424 1990 qnod

781 1997 932 2029 servavit
961 1996 1197 2033 Eusebius,
1231 1995 1306 2027 libri
1341 1995 1423 2027 Pla—

783 2043 874 2074 touis
907 2043 1057 2083 pessime
1082 2042 1119 2073 εἰ.
1172 2040 1334 2073 Correxit
1359 2042 1423 2073 iarn

784 2088 1036 2120 coi-narius.
1088 2087 1139 2120 De
1171 2086 1350 2129 ξυμβαίνει
1371 2098 1423 2129 ys·

783 2132 948 2173 γινόμενος
980 2143 1012 2164 v.
1044 2131 1258 2165 Matthiae
1291 2132 1353 2163 Gr.
1390 2133 1423 2172 §-

783 2178 862 2213 555.
891 2188 968 2211 ann.
995 2179 1028 2212 2.
1060 2177 1310 2221 Bernhardy
1333 2177 1423 2218 Syn-

785 2229 856 2256 tax.
883 2235 915 2265 p.
940 2224 1020 2258 332.
1047 2224 1126 2256 coll.
1153 2222 1286 2256 Phileb.
1313 2234 1345 2265 p.
1365 2223 1422 2257 39.

785 2272 829 2302 A.
866 2269 922 2303 42.
950 2270 996 2302 D.
1034 2269 1243 2311 Euthydem.
1275 2279 1309 2311 p.
1342 2268 1424 2303 281.

785 2316 825 2347 Ε.
853 2315 989 2348 Menex.
1016 2327 1048 2358 p.
1064 2315 1143 2350 237.
1161 2315 1200 2346 C.
1227 2313 1338 2356 Legss.
1355 2315 1426 2353 111.

785 2373 817 2402 p.
849 2360 927 2395 682.
966 2361 1007 2393 Ι).
1038 2360 1097 2394 lX.
1130 2371 1162 2403 p.
1194 2360 1274 2394 867.
1315 2361 1357 2392 Ε.
1392 2371 1424 2402 p.

783 2406 863 2441 874.
890 2406 931 2439 Ε.
959 2406 1036 2439 Xll.
1063 2417 1098 2448 p.
1124 2406 1203 2441 946.
1230 2405 1270 2438 O.
1290 2407 1333 2437 al.
1364 2406 1425 2438 Li-

786 2453 836 2484 bri
863 2452 1000 2493 quidum
1027 2452 1202 2485 Eusebii
1232 2450 1426 2494 γενόμενος,

783 2497 876 2540 quod
903 2497 957 2529 liic
980 2498 1116 2540 quidem
1136 2497 1298 2530 abhorret
1323 2507 1341 2528 a
1367 2507 1423 2529 re-

784 2549 839 2576 cta
865 2544 1008 2577 ratione.
1033 2562 1079 2568 —
1103 2543 1200 2587 περὶ
1230 2545 1313 2573 τῶν
1348 2545 1423 2573 νῦν

782 2591 1069 2632 γιγνομένων,
1114 2589 1155 2621 in
1192 2588 1262 2625 iis,
1310 2597 1422 2629 quae

782 2643 894 2666 nunc
930 2634 1042 2667 fiunt
1075 2642 1104 2666 s.
1141 2634 1323 2667 institui
1358 2642 1421 2664 so-

783 2679 885 2713 lent.

1446 422 1523 465 671
