1612 2872
215 89 300 131 XL
637 88 1115 132 PROLEGOMENA

317 200 395 240 En
443 200 574 255 igitur
620 201 917 255 gravissimum
964 200 1210 242 Aristotelis
1257 200 1309 242 de
1349 202 1541 258 Legibus

216 255 452 298 Platonicis
480 256 786 308 testimonium,
817 255 934 310 quod
965 255 1136 320 quidem
1166 257 1291 298 etiam
1321 258 1540 312 aliquanto

217 311 426 366 ponder-os
431 312 496 352 ius
535 310 668 351 videri
699 311 899 365 debebit,
942 313 978 354 si
1017 326 1113 353 vere
1143 313 1367 354 memoriae
1396 314 1542 368 prodi-

216 374 304 408 tum
335 373 401 408 est
429 365 541 420 quod
571 373 746 408 narrant
784 368 1071 431 Diogenes
1102 368 1284 409 Laert.
1314 369 1370 411 V.
1398 371 1466 413 22.
1499 376 1543 410 et

216 425 470 477 Anonymus
508 421 623 485 apud
659 423 977 488 Mcnagium
1016 423 1071 465 ad
1110 424 1296 491 Diogen.
1325 424 1469 466 Laert.
1500 440 1541 480 p.

218 480 311 520 201.
342 477 635 545 composuisse
661 493 801 534 lpsum
830 479 959 521 etiam
995 478 1059 521 Τα
1092 484 1137 521 ὲκ
1168 479 1333 533 Νόμων
1362 481 1543 522 flavim-

216 548 293 580 νος
321 531 356 585 γ’
387 539 516 587 atque
554 532 613 574 1
589 550 617 574 α
638 538 683 575 ὲκ
716 551 791 586 της
810 537 1044 585 Πολιτείας
1072 534 1127 588 β.
1184 535 1292 577 Inde
1318 536 1428 577 enim
1457 551 1544 578 non

217 595 374 630 temere
413 588 616 654 colligere
649 589 864 640 videmur
904 606 999 633 eum
1036 591 1222 647 politicis
1251 591 1367 634 hisce
1397 592 1543 633 Plato-

217 644 283 685 nis
314 644 514 699 operibus
542 645 800 701 singularem
831 646 1091 702 impendisse
1115 662 1316 711 operam,
1350 647 1542 712 quando-

218 699 390 754 quidem
430 700 536 742 adeo
583 716 730 743 eorum
768 709 1017 767 argumenta
1055 703 1265 757 excerpsit
1303 709 1347 744 et
1392 704 1438 744 in
1477 718 1544 744 ar-

217 762 333 797 ctum
371 757 606 809 contraxit,
660 773 746 812 quo
789 759 954 800 scilicet
990 759 1084 800 istis
1123 758 1277 813 opibus
1316 758 1544 813 aliquando

216 812 260 853 in
289 811 566 854 conficiendis
603 813 723 856 libris
765 815 950 870 politicis
989 821 1193 856 uteretur.
1261 817 1408 868 Atque
1438 814 1545 856 haec

217 867 387 931 quidem
426 867 478 909 de
517 869 778 923 Aristotele,
819 871 890 925 qui
930 871 967 912 si
1006 871 1228 925 quisquam
1257 870 1388 923 alius,
1429 876 1544 912 certe

216 923 297 964 hic
326 924 369 964 in
400 939 554 966 caussa
581 926 702 968 testis
731 925 858 982 longe
882 926 1244 981 locupletissimus
1276 927 1441 968 censeri
1470 925 1543 968 de·

216 980 301 1021 bet.
371 979 463 1022 Sed
501 987 669 1035 praeter
707 961 832 1023 illum
864 983 990 1023 etiam
1020 982 1129 1023 alius
1161 988 1226 1023 est
1253 981 1445 1024 Platonis
1475 997 1545 1023 ae-

217 1035 369 1088 qualis,
400 1036 474 1099 qui
503 1036 603 1078 data
644 1038 869 1079 occasione
899 1037 951 1079 de
982 1038 1174 1093 Legibus
1204 1037 1392 1079 Platonis
1427 1038 1544 1079 exhi-

215 1091 309 1133 buit
327 1092 631 1135 testimonium.
690 1094 807 1135 Est
797 1108 834 1135 ιε
864 1094 1099 1146 Isocrates,
1145 1093 1336 1135 Platonis
1369 1094 1546 1147 amicus,

216 1147 455 1202 posteriore
495 1148 607 1189 vitae
643 1155 857 1205 tempore,
899 1156 948 1191 ut
988 1149 1181 1203 videtur,
1221 1164 1324 1204 erga
1359 1156 1546 1191 veterem

215 1203 398 1245 amicum
425 1204 566 1245 minus
605 1205 858 1254 benevolus,
908 1205 960 1246 de
1001 1221 1085 1260 quo
1124 1204 1210 1248 vid.
1256 1204 1292 1246 I.
1341 1205 1546 1248 Bakius

217 1257 400 1302 Schol.
439 1260 726 1315 Hypomnem.
766 1261 864 1304 Vol.
908 1261 994 1303 ΙΙΙ.
1001 1221 1140 1316 q.Cap
1171 1261 1231 1302 ΙΙ.
1262 1260 1378 1314 quod
1406 1267 1546 1303 totum

217 1314 271 1356 de
311 1315 596 1357 aemulatione
632 1316 825 1360 Platonis
864 1324 907 1359 et
935 1317 1139 1359 Isocratis
1156 1317 1286 1413 lagit,
1331 1323 1375 1357 et
1405 1316 1546 1358 Gree-

216 1370 362 1412 lius'
350 1386 394 1411 m
433 1372 588 1413 Museo
624 1372 817 1416 Rhenan.
860 1388 896 1417 a.
930 1374 1049 1415 1838.
1277 1371 1548 1427 Quamquam

217 1441 269 1467 ex
304 1426 568 1470 Platonis
608 1428 945 1494 Euthydemo
991 1445 1032 1493 p
1071 1375 1254 1470 305110.
1307 1428 1413 1469 nihil
1461 1428 1546 1470 tale

216 1482 418 1538 colligere
453 1483 568 1526 licet.
634 1484 768 1526 Extat
803 1485 963 1540 quippe
1002 1485 1047 1527 in
1097 1485 1189 1525 eius
1233 1483 1443 1526 Oratione
1492 1484 1548 1526 ad

216 1537 460 1594 Philippum
498 1541 659 1595 scripta
697 1555 740 1595 p.
777 1542 844 1584 84.
883 1541 936 1582 Ε.
977 1540 1045 1583 ed.
1093 1539 1244 1595 Steph.
1399 1555 1441 1595 p.
1480 1542 1546 1582 93.

218 1593 285 1636 ed
323 1595 510 1638 Bekker.
546 1597 583 1650 ξ
636 1600 699 1639 1’.
738 1596 859 1639 locus
888 1611 1092 1652 perquam
1121 1596 1430 1649 memorabilis,
1462 1611 1547 1650 quo

217 1656 365 1704 aperte
394 1657 481 1692 tam
510 1652 666 1693 Politia
693 1667 820 1706 quam
851 1653 995 1708 Leges
1012 1652 1204 1693 Platonis
1235 1652 1546 1708 significantur,

217 1705 261 1746 id
293 1706 407 1760 quod
439 1706 598 1749 dudum
630 1709 853 1763 perspexit
881 1714 1032 1750 auctor
1051 1688 1300 1762 Epistola?
1303 1707 1548 1750 Socraticae

217 1761 459 1817 trigesimae
502 1780 542 1819 p.
582 1765 650 1806 35.
697 1765 762 1808 ed.
814 1764 960 1815 Orell;
1009 1762 1401 1805 animadverterunt
1443 1764 1547 1804 item

217 1818 260 1857 V
271 1818 630 1861 alckenarius
672 1820 727 1862 ad
758 1820 955 1863 Oration.
985 1820 1055 1861 De
1082 1819 1269 1875 Philippi
1295 1819 1547 1860 Macedonis

217 1872 364 1915 indole
423 1882 566 1918 annot
616 1877 683 1918 52.
730 1893 772 1932 p.
819 1879 916 1918 202.
965 1875 1032 1918 ed.
1080 1875 1223 1930 Lugd
1269 1875 1367 1918 Bat.
1421 1881 1547 1929 atque

218 1929 608 1973 Schneiderus
647 1932 786 1974 Saxo
825 1932 1007 1973 Praefat.
1053 1931 1108 1972 ad
1145 1930 1422 1986 Xenophont
1461 1930 1547 1986 Cy—

218 1985 391 2039 ropaed.
427 2003 468 2054 p.
509 1987 638 2030 XIV.
712 1989 859 2030 Verba
898 1988 1104 2030 Isocratis
1134 1987 1239 2029 haec
1269 1992 1388 2027 sunt:
1444 1986 1545 2028 Ἀλλ’

218 2040 336 2096 ὁμως
375 2042 454 2095 ἐγω
487 2060 646 2093 ταυτας
686 2047 765 2093 τας,
803 2049 1043 2112 ὸυςχερειας
1070 2043 1283 2085 &nemum
1314 2057 1452 2091 ουτως
1480 2047 1549 2085 ἐπι

217 2097 360 2164 ςήοως
398 2102 475 2151 γὲ)
478 2115 557 2140 ονα
596 2099 855 2156 φιλότιμος,
894 2099 984 2149 ὥςτ’
1037 2087 1290 2152 ὲβωυληθην
1325 2097 1417 2151 ἅμα
1455 2106 1549 2147 τοῖς

218 2151 328 2207 πρὸς
369 2156 414 2194 σὲ
453 2156 703 2209 λεγομένοις
739 2158 812 2198 καὶ
863 2164 958 2204 τοῖς
991 2153 1077 2207 μετ’
1120 2156 1227 2222 ἐμοῦ
1263 2156 1549 2211 διατρίψασιν
1572 2171 1583 2184 ·

218 2208 442 2260 ὑποδεῖξαι
483 2213 555 2252 καὶ
597 2214 777 2263 ποιῆσαι
816 2208 1033 2282 φανερόν,
1065 2209 1132 2252 ὅτι
1163 2207 1212 2252 τὸ
1242 2212 1321 2264 μὲν
1350 2218 1446 2259 ταῖς
1474 2226 1547 2252 πα-

217 2263 449 2320 νιῃύρεσιν
479 2269 663 2321 ἐνοχλεῖν
695 2271 766 2310 καὶ
797 2266 907 2321 ποὸς
934 2266 1130 2314 ἅπαντας
1153 2267 1291 2320 λέγειν
1319 2263 1425 2315 τούς
1453 2281 1547 2307 συν-

216 2326 450 2387 τρέχοντας
487 2326 533 2363 ὲν
574 2323 726 2372 αὑταῖς
765 2323 876 2378 πρὸς
912 2323 1070 2365 οὐδένα
1099 2324 1238 2390 λέ)ειν
1266 2326 1397 2376 ἐστίν,
1429 2320 1544 2363 ἀλλ’

217 2375 432 2442 ὁμοίως
471 2381 522 2419 οὶ
553 2382 814 2421 τοιοῦτοι
853 2380 956 2421 τῶν
996 2376 1168 2430 λόγων
1197 2375 1395 2419 ἄκυροι
1426 2393 1549 2431 τυγ-

212 2447 498 2486 χανουσιν
539 2432 696 2484 ὄντες
738 2444 868 2484 τοῖς
908 2432 1126 2492 ι[Νόμοις
1167 2450 1260 2475 και
1297 2440 1418 2482 ταῖς
1446 2434 1548 2473 Ilo-

215 2490 466 2538 λιτείαις
494 2499 619 2540 ταῖς
648 2489 747 2532 ὑπὸ
779 2493 883 2532 τῶν
913 2505 1024 2547 σοι]
1039 2491 1205 2532 ιστῶν
1214 2493 1549 2544 γεγραμμέ-

219 2561 338 2594 ναις
361 2576 375 2598 ,
405 2546 471 2587 δεῖ
499 2547 544 2587 δὲ
573 2563 678 2597 τους
717 2548 1019 2600 βουλομένους
1054 2543 1115 2599 μὴ
1151 2561 1293 2599 ματην
1324 2547 1549 2618 φλυαρεῖν,

218 2600 328 2642 (ἑλλοὶ
371 2598 591 2657 προῦργου
637 2620 674 2644 τι
708 2611 848 2644 ποιεῖν
879 2619 950 2645 και
981 2601 1081 2650 τοὺς
1112 2600 1343 2655 ὀιομένους
1370 2598 1551 2655 ἀγαθόν
