1612 2872
510 100 681 144 Llssm
722 100 976 156 Qum-Ti.
1334 104 1417 145 375

67 223 318 281 praesentes
350 216 504 259 adesse
533 216 762 272 fingamus.
821 215 1111 271 Alloquamur
1135 215 1270 273 igitur
1300 232 1416 259 nunc

71 273 164 316 illos
194 273 262 316 his
290 273 451 327 verbis,
481 273 695 316 universis
724 272 897 328 legibus
925 271 1087 314 nostris
1117 273 1378 328 praemissis.

178 329 221 373 O
252 330 378 380 boni,
410 330 548 384 Deus,
580 329 710 372 sicuti
739 330 916 372 effatum
946 328 1056 371 illud
1077 329 1304 384 antiquum
1338 332 1414 383 ait,

69 384 259 442 initium,
302 387 435 429 finem
465 394 510 429 et
547 385 736 428 medium
775 386 966 428 omnium
993 400 1137 428 rerum
1166 393 1318 430 tenens
1348 402 1416 431 re-

68 445 142 485 cta
175 443 246 486 via
284 444 459 500 perficit
505 443 649 486 omnia
698 442 937 486 secundum
986 448 1187 485 naturam
1231 444 1415 487 circum-

69 499 188 542 circa
226 501 392 543 obiens.
464 499 549 542 Cui
594 514 765 555 semper
813 514 958 542 comes
1007 514 1058 542 ac
1106 500 1228 542 socia
1274 501 1413 544 adest.

70 556 265 612 Iustitia,
296 556 458 599 vindex
485 572 651 610 eorum,
684 556 758 610 qui
793 572 819 598 a
849 556 998 599 divina
1023 556 1119 612 lege
1151 556 1415 602 desciscunt.

69 613 198 656 Hanc
231 628 334 657 vero
374 614 450 668 qui
487 613 644 656 beatus
685 612 779 654 fieri
808 613 921 667 vult,
954 627 1104 669 presse
1134 615 1416 669 subsequitur

68 671 322 713 summissus
352 685 404 713 ac
433 669 681 720 modestus3
713 670 750 711 si
783 669 881 724 quis
910 684 1012 712 vero
1043 670 1161 712 inani
1192 671 1309 714 fastu
1327 672 1414 714 ela-

67 734 161 781 tus,
202 727 270 769 vel
309 728 465 784 opibus
502 726 760 782 superbiens
799 726 868 768 vel
906 725 1145 769 honoribus
1185 728 1255 769 vel
1284 730 1414 771 etiam

66 784 260 841 corporis
278 784 564 832 formositate,
591 798 696 839 prae
726 783 967 838 petulantia
995 789 1038 825 et
1066 783 1310 827 stoliditate
1340 801 1414 827 ex-

66 840 255 884 ardescit
292 841 435 883 animo
475 856 574 883 cum
609 839 865 893 insolentia,
907 840 1004 883 Sese
1034 841 1290 884 existimans
1333 857 1414 884 nec

66 898 326 954 imperatore
357 913 439 940 nec
468 896 579 939 duce
608 896 756 951 aliquo
786 896 999 954 indigere,
1031 897 1110 939 sed
1141 898 1288 954 potius
1318 898 1413 941 ido-

67 970 194 997 neum
233 969 349 1008 esse,
388 953 462 1009 qui
492 954 588 996 aliis
618 953 825 1010 imperet,
866 954 903 996 is
933 968 958 996 a
986 954 1083 996 Deo
1113 953 1314 998 desertus
1344 971 1413 998 re-

64 1010 298 1067 linquitur3
335 1011 514 1053 relictus
551 1026 655 1053 vero
695 1010 825 1052 etiam
855 1010 964 1053 alios
994 1010 1170 1054 trahens
1200 1012 1245 1054 in
1274 1013 1413 1055 socie-

64 1074 199 1111 tatem
227 1068 419 1121 exultat,
462 1067 606 1109 omnia
645 1067 772 1110 simul
810 1067 999 1110 miscens
1039 1082 1091 1110 ac
1159 1069 1408 1119 erturbans;

63 1131 109 1167 et
143 1125 290 1168 multis
329 1123 504 1179 quidem
546 1124 618 1166 ille
647 1123 823 1166 videtur
850 1131 944 1166 tum
973 1084 1155 1179 aliquid)
1171 1140 1291 1180 esse,
1333 1126 1412 1169 sed

61 1197 150 1224 non
186 1182 249 1224 ita
292 1181 429 1223 multo
457 1187 560 1237 post
588 1196 775 1237 poenam
805 1181 981 1224 solvens
1012 1196 1101 1224 non
1131 1188 1411 1225 contemnen-

55 1237 157 1280 dam
195 1238 396 1281 Iustitiae
438 1245 482 1280 et
525 1243 664 1280 semet
707 1238 852 1293 ipsum
889 1244 934 1280 et
971 1237 1147 1280 domum
1173 1240 1413 1295 urbemque

58 1310 183 1338 suam
211 1295 408 1337 funditus
439 1296 592 1337 evertit
623 1294 686 1350 (p.
719 1297 816 1337 715.
848 1295 901 1336 Ε.
932 1319 987 1325 --
1023 1297 1116 1338 716.
1150 1296 1240 1351 Β.).

177 1352 279 1395 Hoc
316 1367 420 1394 vero
460 1351 592 1406 quum
640 1351 852 1393 divinitus
899 1352 962 1393 ita
1005 1351 1063 1394 sit
1106 1353 1409 1407 constitutum,

63 1408 283 1464 quomodo
312 1408 474 1451 sentire
505 1414 636 1463 atque
668 1423 796 1464 agere
817 1407 1036 1450 hominem
1066 1409 1305 1465 sapientem
1335 1411 1410 1453 de-

61 1471 183 1519 ceat,
225 1470 381 1520 sponte
418 1465 687 1521 intelligitur.
748 1464 936 1508 Studere
966 1465 1079 1507 enim
1122 1472 1334 1523 perpetuo
1365 1467 1412 1509 id

60 1523 202 1579 ipsum
229 1522 373 1575 decet,
404 1528 454 1564 ut
480 1522 525 1563 in
554 1521 804 1577 pedisequis
823 1520 894 1564 dei
924 1522 994 1564 sit.
1054 1520 1280 1576 Quaenam
1312 1539 1413 1567 vero

59 1578 220 1636 agendi
248 1578 360 1621 ratio
389 1579 471 1621 erit
499 1578 598 1620 Deo
629 1593 734 1620 cara
760 1579 887 1633 eique
919 1579 1213 1622 conveniens?
1270 1580 1412 1623 Nimi-

61 1651 157 1678 rum
192 1650 304 1689 nna,
334 1651 422 1677 uno
461 1634 537 1677 illa
571 1635 712 1677 nitens
749 1635 887 1677 veteri
927 1635 1083 1689 effato,
1123 1652 1212 1692 quo
1249 1636 1412 1680 dicitur

61 1692 202 1735 simile
241 1707 389 1734 carum
426 1706 522 1734 esse
559 1691 715 1747 simili,
754 1691 931 1735 modum
961 1692 1160 1745 habenti3
1200 1694 1408 1737 immode-

62 1755 158 1791 rata
193 1763 298 1791 vero
337 1763 418 1790 nec
454 1748 538 1791 sibi
574 1748 683 1804 ipsis
721 1754 871 1791 mutuo
910 1764 992 1792 nec
1030 1749 1266 1794 moderatis
1311 1765 1408 1794 esse

63 1805 216 1848 amica.
285 1804 380 1846 Iam
426 1805 550 1847 Deus
598 1804 772 1859 quidem
821 1821 964 1848 rerum
1015 1808 1209 1851 omnium
1253 1807 1409 1850 modus

65 1867 134 1904 est
173 1861 243 1903 vel
280 1861 478 1902 maxime.
549 1861 666 1903 Huic
701 1861 836 1916 igitur
874 1862 911 1904 si
953 1863 1027 1917 qui
1062 1878 1189 1906 carus
1238 1864 1409 1906 futurus

63 1918 137 1971 sit,
162 1932 260 1960 eum
279 1931 458 1959 necesse
489 1922 556 1959 est
574 1918 703 1959 etiam
723 1919 867 1972 ipsum
886 1918 1018 1960 talem
1045 1918 1141 1961 fieri
1170 1921 1410 1976 (ιιὲτριον).

63 1977 214 2029 Atque
253 1973 336 2016 hac
371 1973 540 2015 ratione
586 1980 833 2029 temperans
874 1975 971 2030 quis
1013 1975 1142 2018 etiam
1181 1991 1308 2019 carus
1345 1983 1411 2020 est

65 2031 171 2081 de03
201 2037 270 2073 est
289 2030 404 2073 enim
428 2029 512 2072 deo
544 2030 723 2082 simili83
753 2031 1046 2086 intemperans
1078 2047 1180 2075 vero
1210 2033 1251 2075 ei
1280 2032 1410 2076 dissi-

63 2088 177 2130 milis
215 2093 282 2130 est
311 2102 363 2129 ac
392 2086 563 2143 dispar,
593 2086 780 2142 ideoque
811 2088 851 2130 ei
881 2089 1067 2131 invisus:
1106 2096 1150 2132 et
1181 2091 1412 2145 quae-alia

63 2143 216 2187 eodem
245 2143 376 2186 modo
405 2158 503 2186 sese
530 2143 705 2196 habent.
765 2144 833 2199 (P.
864 2146 963 2187 716.
991 2144 1043 2187 C.
1074 2146 1170 2201 D.).

174 2201 259 2243 His
289 2215 419 2256 porro
449 2215 722 2256 consequens
752 2207 834 2256 est,
866 2200 912 2242 id
942 2201 1060 2257 quod
1088 2203 1218 2260 longe
1237 2203 1411 2246 videtur

63 2257 392 2314 pulcerrimum,
440 2263 491 2299 ut
529 2257 671 2300 bonus
711 2264 755 2299 et
792 2258 1004 2301 honestus
1041 2260 1108 2301 vir
1145 2260 1275 2302 etiam
1325 2260 1408 2302 diis

65 2313 310 2356 sacrificare
347 2320 390 2356 et
426 2329 502 2370 per
548 2328 701 2370 preces
742 2321 1021 2370 ceterumque
1059 2331 1208 2359 eorum
1243 2317 1410 2360 cultum

63 2382 284 2425 tamquam
320 2369 653 2413 familiaritatem
691 2385 790 2413 cum
826 2371 880 2414 iis
917 2372 1026 2415 inire
1062 2374 1215 2430 possit.
1283 2373 1410 2428 Quae

65 2441 135 2469 res
166 2425 222 2468 ad
249 2426 366 2469 vitae
393 2427 646 2470 beatitatem
672 2427 804 2484 longe
835 2435 904 2471 est
921 2429 1238 2484 efficacissima,
1269 2445 1409 2486 quan-

66 2481 301 2538 doquidem
332 2482 460 2526 deum
491 2484 567 2539 qui
594 2490 747 2527 sancte
779 2485 953 2539 colunt,
991 2486 1022 2528 ii
1053 2487 1181 2530 etiam
1210 2487 1326 2530 bona
1354 2487 1408 2529 ab

64 2554 117 2582 eo
147 2539 392 2595 impetrant.
450 2540 547 2583 Nec
575 2555 678 2582 vero
707 2540 850 2583 cultus
890 2541 1068 2585 deorum
1097 2559 1123 2585 a
1153 2549 1274 2586 recto
1307 2543 1408 2585 alie-

63 2610 146 2638 nus
185 2595 282 2650 erit,
313 2596 348 2638 si
388 2596 563 2652 quidem
593 2597 778 2662 primum
823 2598 944 2642 Deos
964 2598 1195 2657 Olympios
1227 2615 1277 2642 ac
1305 2599 1410 2641 deos

65 2652 254 2694 civitatis
287 2652 508 2706 tutelares,
542 2653 699 2696 demde
730 2669 832 2697 vero
853 2654 958 2699 deos
988 2657 1167 2710 inferos,
1200 2662 1301 2713 post
1330 2656 1410 2698 hos
