1612 2872
132 78 216 122 DE
250 73 525 121 LEGIBUS
556 74 678 118 LIB.
706 73 788 116 IV.
823 73 870 116 P.
905 73 999 116 719.
1032 72 1127 114 720.
1161 71 1214 116 St.

1325 74 1407 117 451

36 179 378 253 ὑπερβάλλοντα
417 192 475 238 ἂν
508 193 658 253 τάφον
691 195 945 245 ἐπαινοίην,
994 188 1214 251 φειδωλὸς
1250 188 1289 233 δ’
1341 183 1399 233 αὖ
1438 187 1478 229 Ε

36 281 104 316 τις
146 266 219 307 καὶ
252 269 386 316 πένης
419 259 538 319 ἀνὴρ
573 260 657 305 τὸν
682 262 900 311 καταδεᾶ,
950 263 1117 315 μέτρον
1159 260 1204 301 δὲ
1245 255 1403 308 οὐσίας

37 335 298 387 κεκτημένος
338 347 409 374 και
444 333 622 387 μέτριος
658 326 795 378 αὐτὸς
820 325 881 371 ὢν
902 325 983 371 τὸν
1020 324 1162 370 αὐτὸν
1184 322 1243 368 ἂν
1274 330 1402 368 ἐπαι-

37 405 167 443 νέσοι.
204 413 274 442 σοι
309 395 343 441 δ’
386 414 468 454 ουχ
503 395 620 441 οὕτω
656 395 828 454 ῥητέον,
865 393 924 446 ὡς
943 396 1028 437 νῦν
1061 393 1189 445 εἶπες,
1224 398 1402 450 μέτριον

37 465 186 522 εἰπών,
221 463 339 509 ἀλλὰ
377 468 418 508 τί
450 463 501 508 τὸ
535 469 716 522 μέτριον
751 481 823 507 και
860 461 1032 507 ὁπόσον
1062 460 1233 520 ῥητέον,
1271 458 1300 514 ἢ
1323 459 1402 505 τὸν

38 536 244 578 τοιοῦτον
279 532 415 588 λόγον
457 531 589 588 μήπω
636 535 705 576 σοι
742 532 930 575 διανοοῦ
967 532 1202 586 γίγνεσθαι
1241 528 1399 585 νόμον.

143 637 242 678 ΚΛ.
275 633 586 686 Ἀληθέστατα
622 636 768 688 λέγεις.

137 727 251 790 Cap.
289 728 348 772 X.
386 729 487 772 ΑΘ.
518 726 740 785 >ῙΙόιέρον
785 720 866 792 οὖν
911 726 1016 782 ἡμῖν
1061 726 1085 770 ὁ
1137 732 1398 783 τεταγμένος

37 800 108 840 ἐπὶ
143 806 235 847 τοῖς
270 795 426 853 νόμοις
459 798 597 852 μηδὲν
630 798 842 840 τοιοῦτον
877 795 1161 855 προαγορεύῃ
1197 801 1243 837 ἐν
1281 794 1395 856 ἀρχῇ

38 866 126 907 τῶν
165 862 447 920 νόμων,’ἀλλ’
486 862 653 916 εὐθύς,
693 862 715 907 ὃ
738 866 818 907 δεῖ
853 872 995 907 ποιεῖν
1030 867 1102 906 καὶ
1139 860 1214 918 μή,
1250 863 1396 923 φράζῃ

37 948 82 975 τε
119 934 192 975 καὶ
228 929 530 984 ἐπαπειλήσας·
567 929 648 984 τὴν

693 934 848 994 ζημίαν
893 929 952 974 ἐπ’
994 928 1133 975 ἄλλον
1182 937 1396 985 τρέπηται
1431 926 1513 970 720

38 997 195 1054 νόμον,
228 1003 532 1056 ’παραμυθίας
567 1001 612 1042 δὲ
649 1002 722 1042 καὶ
757 1000 952 1050 πειθοῦς
989 1006 1083 1049 τοῖς
1118 1000 1398 1054 νομοθετου-

42 1154 178 1189 A.B.x.
211 1152 473 1197 προαγορεύει·
499 1153 538 1187 Ω.
572 1166 623 1198 pr.
650 1157 729 1188 Vat.
760 1153 798 1187 Ω.
833 1166 884 1197 pr.
916 1154 1009 1187 Fior.
1041 1165 1071 1186 a.
1104 1159 1139 1187 et
1173 1165 1273 1196 supra
1305 1165 1395 1186 vera.

39 1200 137 1239 Ι·Ἰοι·.,
161 1211 188 1234 c.
217 1201 333 1244 Vulgo
360 1202 614 1244 προςαγορεύῃ.
642 1203 727 1235 Dein
743 1199 865 1243 φράζοι
883 1201 1051 1234 A.B.x.f.
1078 1198 1198 1245 φράζει
1229 1199 1267 1233 Ω.
1293 1211 1399 1244 supra

38 1257 129 1279 vers.
158 1251 193 1280 et
220 1246 343 1281 Ξ.ι·.Χ.
370 1253 403 1280 et
428 1260 447 1281 a
474 1259 525 1291 pr.
552 1259 682 1281 m.c.0.
710 1249 799 1281 Tum
828 1246 984 1289 τρέποιτο
1002 1248 1090 1282 Α.Β.
1114 1248 1213 1280 Voss.
1236 1246 1304 1290 (x.)
1324 1247 1397 1290 τρέ-

43 1304 137 1325 πεται
162 1293 269 1326 c.o.f.
302 1298 337 1325 et
363 1305 470 1336 supra
502 1305 590 1328 vers.
618 1294 712 1328 Flor.
739 1307 770 1328 a.
799 1295 917 1328 Verus
943 1299 997 1328 est
1022 1295 1120 1328 unice
1147 1294 1395 1332 coniunctivae,

39 1339 83 1373 de
107 1350 177 1382 quo
203 1350 234 1371 v.
262 1341 438 1383 explicatt.

40 1477 235 1510 perizon.
265 1476 306 1510 ad
328 1478 460 1511 Aelian.
476 1479 570 1512 Varr.
591 1478 685 1512 Hist.

42 1523 131 1556 vlu.
157 1522 190 1557 4.
218 1524 518 1557 Hemsterhus.
550 1525 686 1559 Auecd.

41 1581 74 1611 ρ.
107 1568 188 1604 187.
223 1569 277 1602 ed.
310 1571 410 1605 Geel.
436 1571 685 1604 Raoufl-Ro-

40 1613 172 1649 chett.
202 1615 234 1646 in
258 1615 407 1649 Journ.
433 1616 508 1649 des
533 1616 627 1650 Sav.
653 1628 684 1650 a.

41 1660 141 1696 1837.
177 1671 211 1703 p.
236 1661 306 1696 596
331 1672 382 1704 sq.
431 1661 602 1696 Fortasse
632 1663 682 1696 ie-

38 1707 188 1749 gendum
210 1705 243 1738 ἐν
263 1708 312 1750 τῷ
324 1706 491 1751 μνήματι.
505 1709 685 1742 Ficinus

41 1752 87 1785 ἐν.
112 1752 283 1795 ποιήματι
319 1755 428 1787 iunxit
465 1765 681 1797 consequen-

39 1800 143 1840 tibus,
161 1803 318 1832 vertens:
335 1801 372 1832 in
390 1803 511 1842 poem
523 1812 540 1834 a
554 1806 594 1834 te
615 1812 681 1834 ex-

39 1845 198 1878 cedens
239 1847 489 1889 sepulcrum
531 1847 681 1880 lauda-

40 1901 56 1924 ι·
68 1902 86 1925 e
95 1902 141 1936 m.

87 1937 129 1971 Ε.
163 1949 241 1970 τον
272 1938 489 1982 καταδεᾶ]
527 1939 590 1973 lut.
623 1937 683 1971 ταῖ-

41 1995 106 2038 φον
128 1979 167 2016 ἂν
188 1984 375 2026 ἐπαινοίην.
401 2003 444 2008 -—
469 1987 626 2028 μέτρον
649 1985 685 2018 δὲ

40 2025 194 2066 ου’σίας
234 2041 339 2062 next.
391 2031 685 2065 mediocriter

41 2077 289 2118 opulentus.
327 2095 371 2101 —-
419 2074 493 2109 τὸν
527 2076 684 2118 αυτόν,

40 2123 60 2154 i.
88 2133 118 2156 e.
144 2121 251 2164 τάφον
273 2121 425 2165 μέτριον.
462 2126 527 2156 Pro
551 2124 684 2156 ἐπαινέ-

41 2179 96 2199 σοι
145 2168 368 2213 Bekkerus
408 2169 592 2212 legendum
630 2180 685 2201 su-

41 2209 196 2256 spicatur
220 2215 412 2250 ἐπαινέσαι
438 2216 601 2250 Ceterum
625 2226 686 2249 ex-

42 2261 171 2298 ceu-psit
210 2260 326 2293 locum
371 2262 452 2295 inde
487 2273 507 2295 a
553 2262 686 2296 verbis:

41 2303 147 2386 εὕει
174 2301 501 2396 5³213“ff2”2²2÷‚
524 2307 685 2388 {zm

42 2398 97 2431 ed.
124 2397 235 2432 Gaisf.
263 2397 379 2440 Lips.‚
409 2401 467 2433 ubi
492 2406 608 2434 tamen
635 2401 684 2434 ni-

42 2443 84 2478 hi!
127 2449 181 2478 ent
218 2444 472 2487 discrepantiae
511 2447 685 2489 lectionis,

42 2490 135 2533 quod
171 2494 295 2524 notatu
330 2491 468 2534 dignum
513 2495 683 2527 videatur.

45 2537 124 2570 noc
146 2546 252 2570 unum
279 2538 454 2572 monuisse
472 2539 611 2580 iuvabit,
639 2539 684 2572 ibi

0 2587 19 2611 ¹.
42 2592 182 2626 quoque
205 2584 240 2615 ἐν
263 2596 310 2628 τῳ
329 2583 496 2628 ποιήματι
513 2587 684 2628 scriptum

44 2634 162 2663 extare
194 2634 296 2671 atque
324 2635 497 2667 commate
528 2636 609 2675 post
632 2643 685 2664 κε-

1 2673 6 2676 ’
45 2673 182 2708 λεόοιτο
205 2676 421 2719 interposito
428 2678 504 2712 c'um
522 2678 575 2716 iis,
599 2685 688 2720 quae

755 1478 918 1521 deinceps
964 1482 1170 1520 sequuntur,
1224 1477 1395 1518 connecti,

754 1525 855 1557 sicuti
893 1535 913 1557 a
950 1524 1104 1558 Ficino
1145 1524 1274 1558 sactum
1316 1534 1396 1558 esse

755 1563 915 1603 diximus.

794 1616 874 1664 Cap
901 1616 946 1649 X.
963 1615 1004 1648 P.
1027 1616 1103 1650 720.
1132 1620 1172 1649 A.
1199 1615 1340 1660 Πο’ρτε
1348 1628 1396 1647 ον

755 1665 833 1694 οῦν
858 1661 959 1705 ἡμῖν
983 1676 1002 1694 ο
1038 1662 1244 1706 τεταγμ.]
1280 1663 1314 1695 ΙΙΙ
1320 1629 1394 1696 eins

755 1709 907 1742 Astius
940 1709 1020 1740 loco
1052 1710 1260 1742 coniunctivi
1291 1710 1394 1742 resti-

751 1756 819 1788 tuit
843 1757 975 1798 optatu
979 1765 1047 1795 um,
1067 1755 1217 1798 ideoque
1234 1756 1395 1798 scripsit:

749 1800 1015 1845 προςαγορεύοι
1027 1825 1036 1841 ,
1064 1801 1227 1843 φράζοι,
1244 1802 1394 1845 τρέποι-

750 1858 819 1888 το,
851 1847 1089 1889 προςδιδοιή.
1126 1847 1248 1890 Neque
1273 1858 1314 1881 ea
1339 1858 1421 1881 rit-2

751 1894 800 1926 tio
831 1894 1028 1926 destituitur
1060 1894 1200 1927 omnino
1235 1894 1396 1927 codicum

751 1938 1078 1980 commendatione,
1111 1939 1155 1972 de
1186 1941 1312 1983 quibus
1337 1951 1398 1974 su-

752 1996 816 2028 pra
838 1986 1075 2028 exposuimus.
1107 1985 1188 2028 Ipse
1211 1992 1326 2020 tamen
1346 1988 1397 2021 vir

754 2033 912 2075 egregius
951 2032 984 2064 in
1026 2036 1200 2075 postrema
1242 2033 1396 2068 editione

753 2088 898 2120 operum
941 2078 1196 2112 Platonicorum
1241 2081 1285 2112 de
1322 2081 1395 2114 eius

754 2126 900 2157 veritate
917 2124 1097 2158 dubitasse
1117 2125 1267 2167 videtur,
1286 2136 1394 2167 quan-

755 2170 941 2212 doquidem
982 2170 1236 2214 προςαγορεύοι
1271 2172 1315 2204 ἄν
1345 2175 1395 2208 le-

754 2216 902 2259 gendum
931 2214 1092 2251 coniecit.
1139 2218 1268 2252 Verum
1296 2225 1395 2262 opta-

755 2265 845 2295 tivus
870 2264 990 2305 utique
1008 2263 1039 2296 iu
1058 2263 1304 2307 interrogando
1326 2267 1400 2299 sine

753 2308 796 2341 ἄν
813 2310 964 2352 ponitur,
986 2314 1026 2342 ut
1042 2308 1303 2353 haudquaquam
1318 2323 1397 2356 par·

756 2355 882 2388 ticulae
900 2356 999 2389 istius
1009 2355 1203 2390 adiectione
1215 2367 1303 2401 opus
1320 2370 1399 2392 esse

755 2402 922 2435 videatur.
967 2403 1214 2445 Expoaueruut
1255 2404 1300 2437 de
1335 2405 1400 2439 hoc

752 2457 818 2481 usu
850 2449 1017 2491 loquendi
1045 2448 1320 2483 Hermannus
1348 2452 1400 2484 De

752 2494 920 2536 particula
943 2494 986 2527 ἄν
1023 2506 1055 2538 p.
1081 2494 1160 2531 157.
1189 2496 1400 2530 Bernhar-

751 2539 804 2582 dy
829 2539 970 2583 syntax.
997 2551 1030 2584 p.
1053 2541 1132 2577 411.
1154 2552 1299 2584 quorum
1327 2543 1400 2576 dis-

753 2588 986 2629 putationibus
1003 2587 1094 2622 adde
1111 2599 1200 2631 quae
1226 2589 1268 2621 ad
1285 2589 1396 2631 Gorg.

755 2643 787 2675 p.
811 2632 894 2670 492.
921 2633 960 2667 B.
987 2635 1237 2668 annotavimus.
1273 2635 1405 2676 Itaque

756 2679 879 2722 aliquis
904 2681 1079 2715 existimet
1102 2680 1291 2724 optativum
1317 2692 1396 2724 pro—

1021 2738 1123 2778 29*
