1612 2872
513 85 687 129 LIBRI
721 83 953 128 T‘ERTII.
1326 84 1410 125 249

50 202 227 245 nimiam
267 215 474 258 arrogare
506 200 762 257 potentiam.
830 197 962 252 Quod
992 196 1215 253 quomodo
1247 210 1410 239 evene-

50 260 120 313 rit,
151 258 315 302 clarum
353 265 422 300 est
461 257 672 314 imprimis
715 271 768 297 ex
796 271 886 298 una
915 255 1076 298 veteris
1103 254 1299 297 musicae
1330 251 1406 294 de-

49 316 317 372 pravatione.
385 314 500 358 Nam
546 314 649 358 olim
695 312 870 369 quidem
901 319 1022 355 certa
1052 309 1268 367 quaedam
1299 325 1407 352 con-

50 373 203 415 stituta
242 373 420 414 fuerunt
449 372 642 414 musicae
674 385 859 428 genera,
892 369 1057 426 hymni,
1089 368 1261 418 threni,
1302 382 1408 424 pae-

49 444 167 483 anes,
200 428 489 486 dithyrambi,
532 444 644 484 quae
688 426 864 483 quidem
902 427 1018 468 inter
1059 441 1104 468 se
1147 425 1330 467 miscere
1362 430 1407 465 et

17 527 23 530 .
49 485 317 528 confundere
355 486 477 528 nefas
519 485 771 527 ducebatur.
841 483 999 537 Neque
1031 489 1123 525 erat
1154 482 1207 524 de
1241 481 1308 524 his
1338 481 1407 523 iu-

49 542 224 585 dicandi
255 549 449 599 potestas
480 557 615 598 penes
646 541 872 596 populum,
904 539 982 582 sed
1014 554 1148 595 penes
1182 539 1299 582 viros
1329 537 1407 580 do-

49 600 187 641 ctrina
226 607 268 642 et
306 599 551 641 eruditione
595 599 812 655 insignes,
861 597 937 651 qui
978 602 1022 638 et
1070 597 1156 652 ipsi
1212 595 1405 637 musicos

48 663 202 699 cantus
249 657 302 698 ab
342 656 465 698 initio
521 670 660 709 usque
709 653 763 695 ad
802 653 932 695 finem
981 652 1220 696 audiebant
1268 658 1408 694 atten-

50 719 116 767 te,
177 720 237 755 et>
270 712 378 755 alios
431 712 487 754 ad
536 711 759 754 silentium
827 709 1079 767 adigebant.
1169 709 1270 763 Quo
1330 708 1408 751 fie-

48 770 146 823 bat,
196 776 245 811 ut
292 770 410 812 cives
459 769 652 824 imperiis
706 774 911 823 parerent
954 767 1068 809 ultro
1116 781 1259 822 neque
1308 781 1407 808 cum

47 827 237 868 tumultu
267 841 346 868 sua
375 833 584 883 protenus
626 825 900 868 declararent
933 839 983 867 ac
1013 824 1310 879 patefacerent
1339 823 1406 864 iu-

48 882 175 925 dicia.
248 882 339 926 Sed
376 882 718 939 procedentibus
751 882 967 923 aetatibus
1005 881 1089 937 ipsi
1128 887 1284 937 poetae
1317 880 1406 936 pri-

47 955 163 982 mum
193 940 273 983 has
303 940 422 997 leges
452 940 708 997 migrarunt,
741 939 919 995 ingenio
952 938 1129 993 quidem
1159 937 1223 979 illi
1252 952 1405 994 saepe-

47 1012 226 1039 numero
262 1003 558 1054 praestantes,
592 995 670 1038 sed
699 996 919 1053 legitimae
950 1001 1182 1050 rectaeque
1212 994 1406 1036 musicae

47 1054 202 1110 ignari.
269 1054 445 1096 Etenim
484 1053 726 1109 voluptatis
768 1053 911 1109 gratia
942 1059 985 1094 et
1025 1057 1256 1094 venustate
1287 1050 1406 1093 dele-

48 1111 129 1152 niti
159 1109 313 1153 modos
343 1117 566 1152 mutarunt
600 1110 789 1152 musicos
820 1117 863 1151 et
895 1109 1041 1151 omnia
1070 1108 1126 1150 ad
1156 1108 1297 1165 plebis
1329 1107 1406 1151 de-

48 1167 325 1210 lectationem
363 1167 616 1209 retulerunt.
687 1166 788 1220 Quo
818 1167 983 1208 factum
1014 1172 1094 1220 est,
1127 1177 1176 1207 ut
1204 1181 1307 1208 mox
1336 1180 1406 1207 re-

47 1240 143 1266 rum
182 1225 444 1267 musicarum
494 1223 703 1266 iudicium
741 1224 785 1265 in
834 1223 1015 1265 theatris
1069 1222 1124 1264 ad
1163 1222 1407 1279 imperitam

48 1281 199 1337 populi
229 1280 549 1323 multitudinem
581 1281 851 1336 perveniret,
893 1278 1251 1335 quandoquidem
1283 1279 1405 1334 quis-

49 1353 133 1392 que
169 1338 252 1381 sibi
291 1338 473 1380 idoneus
516 1353 663 1379 earum
704 1337 836 1379 iudex
871 1343 915 1379 et
955 1336 1117 1379 arbiter
1156 1351 1253 1379 esse
1283 1336 1406 1379 vide-

46 1395 190 1437 batur.
259 1395 355 1437 Nec
395 1411 498 1437 vero
536 1395 652 1436 intra
693 1394 855 1436 theatri
897 1394 1084 1450 parietes
1126 1408 1223 1436 sese
1263 1393 1406 1436 conti-

48 1452 143 1493 nuit
181 1451 289 1494 haec
327 1452 480 1509 populi
521 1452 793 1509 arrogantia,
846 1451 925 1493 sed
963 1451 1074 1507 proh
1106 1450 1232 1493 dolor
1273 1450 1404 1492 etiam

47 1508 232 1551 ulterius
277 1516 344 1551 est
385 1524 633 1566 progressa.
703 1508 903 1551 Pervasit
933 1508 1048 1550 enim
1079 1522 1228 1550 omnes
1260 1508 1405 1564 priva-

48 1571 118 1607 tae
158 1565 321 1621 pariter
363 1574 492 1622 atque
531 1565 734 1622 publicae
773 1566 890 1607 vitae
923 1571 1084 1621 partes.
1144 1564 1239 1607 Iam
1271 1579 1406 1620 quum

47 1622 129 1665 sibi
177 1623 363 1678 quisque
403 1623 467 1665 in·
489 1622 605 1665 omni
653 1622 835 1679 negotio
876 1622 1123 1678 procaciter
1160 1620 1407 1664 vindicaret

49 1678 270 1721 iudicandi
300 1678 662 1736 disceptandique
698 1685 979 1735 potestatem,
1010 1679 1173 1721 factum
1196 1685 1263 1722 est
1283 1677 1404 1734 quod

47 1735 142 1778 fieri
164 1751 251 1778 non
279 1737 424 1792 potuit
442 1737 548 1791 quin
577 1736 816 1791 aliquando
851 1736 914 1778 ita
938 1737 1145 1790 eveniret,
1176 1742 1226 1778 ut
1252 1750 1406 1783 revera

50 1792 212 1834 factum
262 1799 338 1835 est.
419 1793 594 1835 Etenim
655 1794 702 1834 in
753 1793 898 1835 locum
947 1792 1130 1849 pudoris
1189 1792 1406 1835 successit

50 1848 344 1904 impudentia,
391 1851 661 1906 procacitas,
711 1855 753 1891 et
792 1850 1084 1905 intemperans
1117 1850 1308 1892 omnium
1337 1864 1405 1891 re·

51 1920 145 1946 rum
184 1905 377 1959 licentia,
419 1921 530 1961 quae
577 1906 776 1962 perrupit
812 1906 959 1962 legum
999 1906 1271 1961 publicarum
1311 1907 1406 1947 vin-

53 1961 164 2015 oula,
195 1961 298 2003 fidei
328 1962 604 2004 sanctitatem
636 1962 873 2015 subvertit,
905 1961 1182 2004 iurisiurandi
1215 1962 1406 2004 auctori-

19 2047 22 2052 -
52 2026 186 2060 tatem
215 2019 414 2065 sustulit,
456 2018 643 2074 denique
679 2019 806 2060 etiam
834 2018 1090 2084 religionem
1122 2025 1167 2061 et
1198 2018 1407 2075 pietatem

51 2075 96 2117 in
129 2074 235 2118 deos
265 2075 327 2117 ita
356 2075 659 2129 labefactavit,
690 2086 741 2117 ut
773 2076 900 2117 etiam
931 2091 1074 2132 ipsum
1103 2091 1264 2118 numen
1295 2075 1406 2118 divi-

52 2147 155 2173 num
193 2131 419 2174 tolleretur
458 2134 520 2189 (p.
570 2134 665 2174 (598.
706 2134 762 2174 A.
805 2157 861 2163 —
892 2134 986 2176 701.
1024 2131 1111 2187 Q).
1141 2158 1196 2164 -—
1254 2133 1407 2188 Atque

53 2188 161 2230 haec
200 2188 374 2243 quidem
417 2205 442 2231 a
480 2190 607 2233 nobis
639 2205 690 2231 eo
723 2189 903 2232 consilio
934 2195 1037 2232 sunt
1067 2189 1316 2245 disputata,
1357 2196 1407 2232 ut

54 2251 266 2300 appareat
317 2247 501 2289 salutem
563 2255 652 2288 tam
699 2245 969 2303 singulorum
1011 2246 1235 2288 hominum
1276 2261 1406 2301 quam

54 2302 619 2345 universarum'civitatum
657 2318 745 2345 non
785 2302 869 2344 alia
910 2318 956 2345 re
996 2303 1134 2360 magis
1176 2303 1404 2358 contineri,

56 2373 186 2413 quam
225 2358 525 2415 libertate,
567 2358 876 2402 concordia
919 2366 963 2402 et
1002 2361 1304 2417 sapientia.
1349 2386 1406 2393 —

55 2414 139 2457 His
178 2414 339 2458 auditis
377 2416 543 2460 Clinias
582 2431 790 2472 perquam
831 2423 1076 2472 opportune
1108 2417 1170 2459 ait
1197 2418 1260 2460 ita
1291 2418 1405 2460 acci-

57 2470 199 2525 disse,
239 2478 289 2513 ut
327 2471 381 2515 de
422 2473 489 2515 his
531 2474 662 2516 rebus
703 2473 1013 2529 disputaretur.
1086 2474 1251 2516 Datum
1290 2475 1404 2518 enim

57 2527 139 2570 sibi
180 2542 206 2570 a
239 2527 522 2573 Cretensibus
553 2530 637 2572 hoc
666 2531 856 2572 muneris
885 2545 1002 2585 esse,
1041 2537 1090 2573 ut
1119 2531 1203 2574 sibi
1231 2531 1406 2574 colonia

57 2583 314 2628 deducenda
342 2585 400 2629 sit
434 2586 478 2629 in
507 2587 730 2644 regionem
762 2602 787 2629 a
815 2587 1113 2645 Magnetibus*
1133 2587 1403 2642 derelictam,
