1612 2872
235 105 315 146 314
740 107 1112 152 PLATONIS

233 218 342 273 πρὸς
387 222 472 262 τῶν
514 219 726 273 &murata
776 225 938 279 (sti-cuv,
990 222 1014 265 i»
1060 222 1292 277 γενόμενον
1333 227 1440 285 ταχὺ
1474 232 1555 272 ὃιέ-

230 288 417 339 φθειρεν
452 286 592 343 αὐτην
632 304 701 330 και
721 304 868 330 naam
885 305 966 340 την
1001 289 1185 343 δύναμιν
1227 292 1438 357 ήφοίιισεν
1475 297 1553 338 αὐ·

231 354 332 401 τής;
386 352 502 393 τοῦτ
554 369 633 394 ουν
685 354 988 408 εὐλαβηθῆναι
1036 355 1140 407 γνῶ
1147 374 1222 407 τας
1278 360 1326 403 τὸ
1380 366 1554 417 μέτριον

232 418 425 470 μεγαλων
467 422 737 472 νομοθετῶν
783 419 840 470 ὡς
875 413 956 462 οὖν
989 420 1040 473 δὴ
1077 422 1174 465 τότε
1208 426 1440 481 Jsvcipasvov
1474 431 1552 471 τῦν

230 484 313 524 ἔστι
349 484 620 535 μετριώτατα
657 486 858 537 τοπάσαι,
899 487 994 530 τόδ
1034 494 1168 531 ἔοικεν
1204 490 1323 533 εἶναι

330 550 432 590 ΜΕ.
509 550 573 593 To
613 561 764 603 ποῖον,-

331 614 426 658 ΑΘ.
499 617 634 671 Θεός,
674 618 817 672 οἶμαι,
858 617 1094 673 κηδόμενος
1129 621 1250 675 ὑμῶν
1289 640 1374 672 τις,
1412 620 1460 671 ὃς
1494 624 1547 665 τὰ

322 802 364 834 D.
412 800 468 833 αἷς
501 798 577 835 οὖν
611 802 656 846 δὴ
688 803 797 843 τότε,
834 805 995 848 γενόμ.Ι
1025 810 1171 840 Antius
1195 815 1274 843 ante
1299 810 1372 843 τότε
1387 813 1544 847 ,inseren-

229 846 307 879 dum
335 852 451 880 censet
478 846 525 880 τό.

322 891 446 931 fietis,
478 890 610 933 οἶμαι,
643 891 905 951 κηδόμενος]
941 897 1115 930 Bekkerns
1149 899 1413 940 suffiagantibns
1442 901 1542 933 anr.

229 943 263 970 et
288 938 448 971 Schneid.
474 940 622 981 scripsit:
657 938 745 972 Θεὸς
773 938 858 973 εἶναι
882 941 1068 985 κηδόμενος
1103 940 1185 982 ’μῶν
1210 954 1275 977 us.

230 984 323 1015 tnriis
347 984 472 1016 criticis
492 988 655 1017 annotans
681 984 782 1020 haec.
806 982 912 1026 „elma
936 988 988 1020 καὶ
1013 987 1043 1020 h.
1071 1000 1161 1028 οιμαι
1186 995 1246 1022 στ.’

1305 946 1336 976 in
1364 947 1544 979 Commen-

1306 990 1450 1023 Videtur
1463 1002 1544 1025 vero

226 1027 291 1060 hoc
320 1030 395 1061 eius
420 1028 462 1061 de
486 1031 610 1062 ceteris
639 1030 739 1065 codd.
771 1032 937 1066 sitentium
977 1033 1164 1073 sinnificare
1194 1040 1367 1077 receptam
1397 1037 1439 1068 ab
1469 1037 1544 1079 ipso

226 1075 426 1117 scripturam
460 1076 489 1107 in
522 1075 585 1108 iilis
614 1077 770 1110 omnibus
803 1079 954 1120 reperiri.
1003 1079 1103 1118 Quod
1135 1085 1248 1114 tamen
1280 1091 1380 1114 secus
1407 1082 1543 1123 habere,

222 1208 358 1250 ipsam
408 1209 714 1251 pessumdat,
764 1215 848 1244 tum

223 1262 382 1286 omnem
421 1255 512 1287 eius
547 1255 621 1287 vim
657 1259 849 1296 potesta-

222 1303 388 1340 temque
424 1300 579 1331 aufert.
629 1300 683 1333 De
707 1301 848 1340 noriam,

220 1344 276 1384 qni
309 1343 438 1385 aziqffiid
476 1346 590 1377 statim
623 1350 656 1377 et
688 1348 756 1378 cito
779 1347 849 1378 fieri

221 1389 406 1430 significat,
443 1400 471 1422 v.
498 1390 581 1423 infra
606 1391 699 1423 Libr.
724 1392 788 1423 IV.
814 1402 847 1434 p.

223 1433 299 1468 716.
337 1435 374 1467 Β.
407 1436 450 1466 V.
483 1447 514 1477 p.
548 1436 624 1470 736.
658 1437 700 1468 Α.
733 1439 776 1468 Χ.
816 1449 847 1479 p.

220 1480 300 1514 904.
323 1481 365 1512 D.
391 1480 472 1513 XII.
499 1492 531 1523 p.
552 1481 629 1516 945.
652 1482 691 1513 D.
724 1481 848 1516 phaed.

221 1536 251 1567 p.
286 1525 341 1560 73.
376 1527 413 1558 D.
438 1527 550 1567 ibique
582 1537 655 1560 ann.
681 1527 790 1567 Gorg.
815 1538 848 1570 p.

219 1570 298 1605 484.
327 1573 365 1603 Α.
389 1572 444 1603 De
470 1573 557 1613 step.
583 1574 626 1604 V.
676 1572 836 1607 .462C
837 1598 846 1606 .

220 1617 283 1648 VI.
312 1627 344 1656 p.
368 1616 447 1651 495
471 1617 550 1659 B.p
554 1617 657 1651 508.
651 1583 711 1649 pD.
729 1619 845 1670 Symp-

220 1672 251 1702 p.
287 1661 365 1695 188.
390 1662 430 1692 Β.
457 1663 498 1693 al.
530 1627 640 1695 pDein
671 1662 714 1694 ad
746 1661 845 1704 μεγά·

217 1707 283 1738 λων
307 1706 508 1746 νομοθειων
531 1707 589 1739 int.
614 1706 712 1739 ἐστιν.

253 1770 313 1806 ὥς
343 1769 420 1805 οὖν
453 1772 500 1816 δὴ
534 1772 578 1806 τὸ
613 1773 711 1806 τότε
743 1786 772 1816 γ.
799 1793 842 1798 -

215 1820 356 1851 ἔοικεν
379 1815 508 1860 εἶναι]
537 1819 633 1852 Ordo
659 1821 838 1852 verborum

215 1865 266 1896 hic
298 1869 366 1897 est:
404 1861 451 1896 ως
490 1861 554 1896 οὖν
594 1862 634 1907 δὴ
674 1866 739 1897 νῦν
772 1865 840 1897 ἔστι

214 1909 349 1951 (ἔξεστι)
387 1909 587 1951 μετριώτατα
623 1909 764 1943 τοπάσαι
802 1908 839 1943 τὸ

214 1954 288 1988 τότε
312 1954 504 1998 γενόμενον,
529 1957 639 1988 ἔοικεν
652 1953 735 1988 εἶναι
760 1957 837 1987 τοῦ-

214 2012 268 2041 το;
306 2003 451 2044 prouti
489 2002 623 2043 igitur
658 2012 763 2034 1111110
792 2002 838 2033 li·

211 2051 283 2079 cet
314 2046 372 2087 id,
403 2047 510 2087 quod
541 2047 834 2082 tunc„factum

213 2096 295 2130 est,
350 2094 598 2125 coniectura
655 2092 834 2133 assequi

212 2138 521 2178 probabiliter,
539 2137 712 2170 videtur
738 2137 836 2170 haec

212 2183 352 2215 fnisse
388 2184 481 2215 eius
519 2183 651 2215 ratio.
712 2183 834 2216 Sermo

211 2229 327 2268 utique
353 2227 472 2267 durior
496 2233 530 2261 et
554 2229 781 2273 perplexior„

261 2293 383 2333 Θεός,
425 2292 556 2336 οἶμαι,
596 2296 836 2340 κηδόμενός

213 2341 344 2384 τιε-]
371 2341 472 2374 Quod
497 2342 728 2375 Eimsieius
754 2344 833 2376 olim

208 2386 346 2425 statuit,
385 2386 540 2418 Graecos
579 2389 692 2429 potius
723 2389 836 2421 dicere

209 2431 305 2463 θεῶν
329 2439 377 2462 τις
399 2441 496 2471 quam
514 2431 602 2465 θεός
617 2443 675 2471 τις,
698 2434 730 2466 id
749 2435 833 2466 mni·
860 2443 861 2446 ’

210 2478 256 2509 tis
295 2476 458 2517 exemptis
495 2479 604 2510 allatis
646 2480 836 2512 confutavit

210 2522 463 2555 Lobeckius
489 2522 529 2553 ad
556 2523 628 2564 Sop
631 2523 717 2556 hoci.
734 2525 832 2556 Aiac.

213 2578 241 2599 v.
265 2566 343 2602 998.
369 2577 400 2609 p.
426 2566 504 2601 417.
530 2568 583 2600 ed.
599 2569 630 2602 2
665 2570 735 2602 Nec
759 2571 831 2602 inn-

211 2613 312 2646 sitate
337 2620 385 2643 us
408 2622 428 2644 a
453 2613 587 2646 nomine
618 2624 698 2654 suo,
729 2617 832 2648 inter-

212 2658 324 2699 posito
341 2658 407 2690 aiio
423 2658 599 2691 vocabnio.
628 2660 830 2692 removetur.

920 1211 1088 1244 Pindar.
1122 1211 1237 1245 Isthm.
1264 1214 1364 1247 VIII.
1392 1215 1450 1249 21·
1483 1213 1542 1246 τὸν

923 1256 1095 1289 Ταντάλου
1120 1257 1221 1296 λίθον
1243 1257 1333 1301 παρά
1356 1269 1403 1292 τις
1426 1262 1541 1302 ἔτρεψε

916 1300 1013 1334 θεός.
1040 1303 1183 1357 Eurip.
1208 1303 1279 1345 Iph.
1303 1307 1380 1337 Ani.
1407 1317 1438 1338 v.
1454 1307 1537 1340 411·

914 1344 1028 1380 Ἑλλὰς
1071 1345 1152 1379 κατὰ
1201 1347 1307 1381 θεὸν
1325 1355 1422 1383 νοσεῖ
1457 1362 1538 1387 τινα.

917 1395 1075 1426 Ceterum
1096 1394 1137 1426 ad
1151 1392 1338 1435 κηδόμενος
1354 1396 1411 1428 int.
1438 1396 1539 1429 ἐστίν.

917 1457 959 1462 —
1007 1438 1185 1478 δίδυμον
1216 1440 1434 1480 φυτεύσας
1466 1441 1539 1485 τὴν

917 1496 945 1515 κ.
974 1496 999 1516 τ.
1025 1486 1050 1516 λ.
1084 1486 1287 1526 geminam
1324 1488 1446 1519 vobis
1476 1499 1538 1521 re-

916 1539 1008 1571 gum
1048 1530 1227 1571 stirpem
1266 1542 1314 1564 ex
1353 1534 1537 1575 unigena

915 1584 1171 1615 procreans,
1211 1581 1248 1607 nt
1279 1587 1415 1619 semper
1446 1578 1536 1620 apud

913 1629 975 1650 vos
999 1621 1066 1651 bini
1092 1624 1206 1652 essent
1236 1631 1345 1662 reges.
1395 1622 1537 1655 Miratur

913 1663 1070 1696 dictionis
1094 1665 1305 1697 insolentiam
1331 1668 1534 1700 Zeilerus

912 1709 1009 1742 Stud.
1035 1710 1168 1743 Platon.
1200 1721 1232 1752 p.
1257 1711 1313 1744 90.
1362 1712 1407 1744 Et
1430 1713 1535 1745 habet

911 1765 952 1786 ea
977 1765 1059 1787 sane
1091 1755 1215 1795 aiiqnid
1248 1757 1372 1788 coloris
1398 1759 1533 1798 poetici,

909 1800 999 1840 quod
1025 1805 1135 1832 tamen
1167 1801 1234 1841 ipsi
1268 1804 1456 1838 sententiae
1481 1808 1534 1836 est

908 1846 1007 1887 longe
1033 1847 1398 1879 convenientissimum.

950 1935 993 1969 E.
1042 1934 1171 1977 φύσις
1195 1945 1255 1968 τις
1278 1930 1531 1979 ἇνθρωπίνη

905 1999 923 2003 -
954 1981 969 2022 ]
1000 1980 1140 2014 Praeter
1170 1993 1292 2014 numen
1320 1983 1454 2023 aliquod
1481 1983 1530 2015 di-

905 2025 1012 2058 vinum
1045 2032 1187 2060 naturae
1224 2027 1389 2059 hnmanae
1421 2038 1529 2069 quan-

903 2071 979 2103 dam
999 2072 1197 2110 bonitatem,
1221 2082 1306 2113 quae
1325 2072 1432 2104 divina
1446 2083 1529 2115 qua-

903 2116 977 2148 dani
1012 2117 1041 2148 vi
1072 2118 1247 2159 polluerit,
1280 2128 1435 2150 caussam
1468 2128 1527 2151 ex-

902 2162 1011 2193 titisse
1039 2164 1230 2202 arbitratur,
1254 2173 1314 2195 cur
1337 2164 1526 2205 respublica

905 2206 1248 2240 Lacedaemoniorum
1267 2211 1336 2241 tam
1356 2209 1528 2250 sapienter

902 2252 1052 2284 instituta
1102 2252 1201 2287 fuerit
1244 2257 1279 2285 et
1324 2258 1524 2296 temperata.

901 2298 1034 2339 Scripta
1067 2297 1149 2330 haec
1178 2302 1257 2331 sunt
1281 2300 1397 2340 paullo
1420 2300 1526 2331 lieen-

901 2343 980 2375 tius.
1027 2341 1114 2375 Nam
1149 2345 1290 2385 primum
1315 2344 1449 2386 quidem
1479 2353 1526 2376 us·

900 2392 953 2420 ter
988 2389 1167 2429 repetitum
1213 2389 1308 2421 vides
1348 2390 1525 2422 intervalia

900 2433 1108 2466 brevissimo.
1156 2435 1290 2467 Deinde
1323 2435 1523 2468 vocabulum

901 2476 1041 2517 δύναμις
1074 2479 1193 2511 debinc
1226 2490 1333 2521 paene
1370 2480 1412 2511 ad
1439 2490 1523 2512 nau-

900 2534 989 2556 seam
1005 2533 1114 2565 nsque.
1128 2526 1327 2566 inculcatur,
1357 2525 1522 2567 siquidem

898 2569 1074 2610 quinquies
1110 2569 1272 2612 deinceps
1311 2571 1447 2612 iegitur,
1488 2571 1523 2602 'et

899 2624 963 2652 non
989 2624 1054 2647 nna
1080 2616 1265 2658 eademqne
1290 2616 1320 2647 vi
1351 2619 1386 2647 et
1421 2618 1519 2656 pote-

899 2664 987 2692 state
1021 2662 1180 2701 positum.
1236 2661 1403 2693 Nimirum
1438 2661 1519 2692 talia
