1612 2872
492 68 578 112 DE
610 65 890 112 LEGIBUS
921 75 1003 112 etc.
1285 67 1420 111 LXV

70 195 161 237 est,
202 181 310 224 illud
353 190 471 225 certe
511 183 642 225 etiam
682 197 736 225 ex
774 181 858 224 hoc
890 180 958 223 Le
990 194 1061 222 um
1091 178 1191 223 loco
1221 187 1420 236 apertum

68 254 165 283 esse
193 239 470 293 arbitramur,
502 239 674 294 qualem
704 238 922 281 civitatem
988 236 1079 280 lato
1095 236 1286 280 voluerit
1318 244 1422 294 post

67 311 177 349 eam,
209 310 339 351 quam
361 295 418 337 ad
436 311 628 338 summae
650 294 928 353 perfectionis
958 293 1148 350 speciem
1177 300 1222 336 et
1237 294 1420 336 formam

67 353 212 396 animo
242 359 287 394 et
315 358 459 395 mente
489 360 736 409 susceptam
764 350 1134 405 adumbravisset,
1174 365 1272 394 esse
1289 350 1421 407 longe

66 409 482 466 praestantissimam
530 416 574 452 et
617 409 732 451 vitae
773 407 1020 450 mortalium
1062 407 1251 458 maxime,
1291 422 1421 463 expe-

67 466 260 510 tendam.

184 523 278 564 Iam
306 539 410 566 vero
435 521 503 564 his
535 528 757 576 utcunque
789 521 1030 577 expositis,
1070 521 1215 576 facile,
1249 521 1422 578 opinor,

66 579 358 636 intelligetur,
409 577 615 635 quidnam
655 579 827 634 Legum
874 577 996 633 operi
1026 579 1203 621 omnino
1224 578 1283 621 sit
1321 593 1423 635 pro-

68 636 270 693 positum.
327 636 444 679 Nam
487 635 619 678 sicuti
648 634 776 676 Plato
813 633 996 690 primam
1043 634 1162 676 illam
1201 635 1423 677 civitatem

67 694 111 735 in
146 692 270 735 libris
317 693 389 735 De
431 692 676 748 Republica
714 690 970 747 descripsit,
1020 691 1064 733 in
1122 691 1280 746 quibus
1338 707 1425 734 una

0 782 2 799 2
69 748 309 804 eademque
367 764 501 805 opera
558 755 603 791 et
660 748 714 791 de
782 748 979 805 perfecta
1034 747 1212 790 civitate
1275 754 1320 790 et
1369 748 1424 790 de

0 840 2 842 v
67 806 262 863 perfecta
318 805 506 849 hominis
573 811 732 848 natura
804 804 1023 861 disputat,
1096 805 1158 846 ita
1224 805 1423 858 alteram,

68 877 180 918 quae
230 862 243 904 i
278 862 315 905 si
363 863 479 905 vitae
528 862 701 904 veritati
754 861 892 918 magis
939 867 1203 917 congrueret
1251 867 1295 904 et
1343 877 1423 918 pro

67 935 210 962 rerum
281 934 534 962 umanarum
583 919 836 962 conditione
880 918 1046 973 optima
1087 918 1332 972 videretur,
1378 918 1424 960 in

67 976 266 1033 Legibus
324 976 584 1018 informavit.
676 975 811 1029 Quod
872 974 1044 1017 etiamsi
1102 990 1190 1018 non
1242 990 1424 1032 appare-

68 1040 134 1075 ret
174 1048 227 1075 ex
265 1032 364 1076 loco
411 1033 531 1075 Libr.
572 1033 629 1075 V.
669 1049 710 1089 p.
745 1033 841 1075 739.
873 1032 930 1074 A.
961 1046 1059 1086 sqq.
1099 1032 1223 1074 cuius
1255 1039 1424 1088 partem

68 1096 196 1132 antea
233 1088 571 1146 adscripsimus,
614 1096 760 1131 tamen
792 1088 987 1130 universi
1018 1088 1162 1145 operis
1193 1103 1241 1131 ar
1274 1104 1425 1131 umen-

69 1153 160 1189 tum
199 1154 403 1202 argueret
443 1147 697 1189 certissime.
765 1145 851 1188 Est
894 1145 1008 1187 enim
1046 1152 1187 1188 totum
1225 1146 1335 1188 ilud
1363 1146 1426 1188 ita

70 1207 391 1258 comparatum,
430 1208 480 1245 ut
519 1203 622 1245 huic
660 1202 845 1245 consilio
884 1201 1012 1243 unice
1050 1202 1427 1246 accommodatum

71 1260 130 1302 sit
151 1259 488 1316 planissimeque
509 1260 753 1302 conveniat.
786 1261 936 1314 Atque
965 1257 1110 1314 ipsum
1132 1258 1243 1302 adeo
1265 1275 1426 1302 nomen

71 1317 309 1372 Legum,
351 1315 458 1371 quid
487 1316 550 1358 rei
580 1316 661 1370 sit,
703 1316 811 1358 satis
851 1321 972 1357 certo
1010 1315 1189 1359 indicat.
1248 1316 1426 1359 Etenim

69 1372 259 1429 optimae
302 1372 476 1428 quidem
515 1373 683 1416 civitati
721 1372 785 1414 illi
814 1372 1103 1429 philosophus
1135 1389 1268 1429 quum
1299 1389 1423 1430 prae-

69 1429 224 1472 fecerit
263 1430 483 1486 periectos
525 1431 747 1486 sapientes
778 1430 1156 1485 praestantissima
1186 1446 1331 1473 rerum
1361 1430 1426 1472 di-

70 1486 266 1528 vinarum
310 1486 682 1541 humanarumque
733 1486 984 1542 cognitione
1031 1486 1283 1542 praeditos,
1332 1494 1425 1530 tum

70 1542 241 1600 legibus
272 1544 478 1599 publicis,
513 1544 672 1598 quibus
718 1544 865 1585 omnia
900 1549 1034 1597 atque
1065 1544 1240 1601 singula
1272 1543 1426 1587 defini·

71 1606 244 1654 rentur,
285 1601 329 1642 in
370 1616 423 1643 ea
461 1600 627 1642 nullum
676 1600 822 1642 locum
860 1614 957 1641 esse
1005 1601 1285 1644 existimavit.
1353 1600 1427 1643 In-

71 1655 251 1713 dignum
292 1657 406 1699 enim
436 1656 647 1700 iudicavit
676 1670 799 1710 esse,
839 1663 1002 1698 rectam
1033 1658 1246 1701 rationem
1278 1658 1427 1714 legum

72 1713 256 1756 vinculis
288 1714 627 1770 constringunt
657 1712 767 1756 adeo
809 1727 884 1755 eos
916 1713 1182 1769 exploserit,
1223 1715 1299 1770 qui
1329 1716 1426 1757 illas

72 1768 383 1812 desiderarent.
450 1771 519 1812 De
558 1786 648 1826 qua
690 1785 736 1812 re
768 1770 943 1826 egregie
974 1770 1225 1828 disputatur
1253 1772 1426 1816 Politic.

72 1842 112 1882 p.
153 1828 252 1870 ⁶291.
297 1826 353 1868 D.
391 1851 436 1858 —
472 1829 568 1871 297.
598 1827 652 1869 Β.
696 1833 740 1869 et
778 1826 906 1883 Reip.
947 1826 1030 1868 IV.
1061 1844 1103 1884 p.
1143 1830 1245 1871 423.
1279 1829 1338 1870 D.
1373 1853 1427 1860 --

73 1885 169 1925 424.
210 1884 267 1924 A.
307 1898 348 1938 p.
388 1885 486 1926 425.
532 1882 583 1925 C.
620 1908 666 1914 --
702 1884 799 1925 426.
831 1883 885 1925 Ε.
949 1884 1086 1941 Legg.
1128 1885 1213 1927 IX.
1254 1901 1298 1940 p.
1329 1887 1426 1927 875.

74 1937 127 1982 C.
161 1938 218 1980 D.
250 1938 305 1980 al.
364 1937 453 1982 Sed
484 1939 620 1982 multo
652 1939 778 1981 aliter
807 1940 960 1994 statuit
998 1941 1052 1982 de
1083 1941 1219 1983 altera
1248 1941 1427 1984 civitate

72 1995 211 2052 magis
277 1994 333 2036 ad
399 1996 515 2038 vitae
582 1995 824 2038 communis
880 1996 1107 2038 veritatem
1161 2005 1427 2054 comparata.

73 2052 196 2094 Haec
214 2051 326 2094 enim
350 2067 483 2106 quum
513 2052 722 2110 perfectis
750 2051 1027 2108 philosophis
1046 2059 1267 2109 tamquam
1290 2055 1428 2110 magi-

71 2108 282 2152 stratibus
301 2115 449 2151 careat
477 2110 533 2153 ob
556 2124 651 2151 eam
682 2123 894 2161 caussam,
919 2109 973 2151 de
993 2125 1082 2166 qua
1110 2117 1240 2154 antea
1262 2111 1428 2155 dictum

73 2171 160 2216 est3
202 2171 293 2207 tum
330 2165 376 2207 in
414 2166 512 2222 ipsa
555 2181 610 2209 ne
642 2181 730 2222 qua
766 2165 952 2208 lubidini
987 2174 1030 2209 et
1067 2168 1427 2224 intemperantiae

56 2221 193 2265 locus
231 2232 375 2275 esset,
418 2229 495 2266 aut
520 2223 761 2266 communis
800 2222 919 2266 salus
957 2223 1243 2268 infirmiorum
1291 2226 1428 2282 magi-

71 2284 286 2321 stratuum
315 2279 496 2321 arbitrio
525 2280 883 2332 committeretur,
905 2281 1050 2323 omnia
1067 2281 1238 2339 legibus
1264 2283 1427 2325 certius

73 2335 338 2378 constituere
369 2342 500 2392 atque
531 2337 778 2379 accuratius
810 2335 992 2380 definire
1022 2340 1317 2381 necessarium
1348 2339 1428 2381 du-

43 2427 46 2429 .
74 2391 150 2434 xit.
211 2391 282 2434 De
312 2407 398 2447 quo
427 2393 676 2450 philosophi
707 2393 890 2436 consilio
920 2394 1081 2452 legisse
1112 2395 1281 2439 iuvabit
1309 2396 1428 2439 Poli-

210 2495 254 2526 de
277 2493 433 2536 Legibus
466 2497 576 2529 libros
602 2497 859 2538 investigandis
884 2507 917 2539 p.
942 2497 998 2532 16.
1024 2499 1079 2530 eui
1105 2503 1221 2531 tamen
1246 2499 1290 2530 de
1318 2499 1429 2540 expli-

210 2540 349 2572 catione
371 2542 562 2575 formnlae:
589 2541 669 2582 μετὰ
696 2543 810 2581 ταῦτα,
826 2540 887 2575 ἐὰν
909 2541 999 2576 θεὸς
1023 2541 1138 2586 ἐθέλῃ,
1152 2556 1225 2577 non
1242 2545 1428 2577 assentior.

210 2585 390 2627 Nusquam
415 2590 509 2621 enim
533 2594 697 2630 putamus
723 2590 773 2622 ita
795 2599 872 2622 eam
896 2592 1075 2632 usurpari,
1091 2596 1131 2623 nt
1154 2592 1259 2624 finem
1274 2591 1427 2623 sermoni

209 2633 378 2674 imponat,
407 2644 476 2676 quo
502 2636 640 2676 possint
664 2636 904 2678 colloquentes
929 2638 1128 2678 transgredi
1154 2639 1200 2671 ad
1225 2638 1305 2670 alia.

1121 2704 1155 2744 E
