1612 2872
240 82 319 122 302
746 79 1119 124 PLATONIS

163 202 204 242 l)
235 198 532 253 ἀνθρωπίνων
567 194 835 249 πραγμάτων
871 194 1067 250 ἀμαθίᾳ.
1105 195 1221 239 ταῦτ’
1265 191 1344 240 οὖν
1368 195 1423 246 ὡς
1445 195 1558 239 οὕτω

159 897 197 937 Ε

234 269 381 317 γέγονε
417 266 510 316 περὶ
547 260 599 302 τά
640 261 760 311 τότε,
791 264 860 303 καὶ
899 263 999 310 νῦν,
1035 262 1072 304 εἴ
1107 279 1202 308 που.
1235 266 1452 316 γίγνεται,
1490 267 1560 304 καὶ
1592 275 1593 278 ’

233 336 275 380 ἐς
302 328 379 372 τὸν
415 332 557 370 ἔπειτα
590 327 751 381 χρόνον
787 326 866 370 οὐκ
901 325 1038 377 ἄλλως
1057 328 1327 381 συμβήσεται,
1346 329 1422 371 ἐὰν
1457 329 1559 383 βού-

233 398 401 446 λησθε,
437 393 700 448 πειράσομαι
740 392 816 436 ὶών
860 393 970 434 κατὰ
1017 394 1095 435 τὸν
1129 394 1224 445 ἑξῆς
1257 395 1388 448 λόγον
1423 395 1555 437 ἀνευ-

235 465 392 515 ρίσκειν
439 475 480 501 τε
527 462 595 500 καὶ
641 458 744 512 ὑμῖν
792 461 954 510 δηλοῦν
991 458 1102 501 κατα
1148 461 1331 514 δύναμιν
1368 459 1430 510 ,ὡς
1465 456 1556 504 οὖσι

233 530 389 584 φίλοις.

334 615 435 657 ΚΛ.
503 611 639 666 Λόγῳ
659 614 736 666 μὲν
758 617 903 655 τοίνυν
936 629 995 667 σε,
1024 606 1054 652 ὦ
1089 614 1188 664 ξένε,
1220 619 1408 656 ἐπαινεῖν
1454 619 1555 656 ἐπα-

228 683 484 735 χθέστερον,
506 681 676 733 ἔργῳδὲ
717 679 889 736 σφόδρα
927 679 1274 733 ἐπαινεσόμεθα·
1311 679 1557 735 προθύμως

232 746 316 802 γὰρ
363 755 453 796 τοῖς
498 748 742 799 λεγομένοις
788 743 1229 799 ἐπακολουθήσομεν,
1264 749 1308 787 ἐν
1354 744 1419 794 οἷς
1451 744 1473 788 ὅ
1512 764 1555 796 γε

231 812 463 867 ἐλεύθερος
509 813 697 853 ἐπαινῶν
739 814 808 853 καὶ
844 810 902 865 μὴ
940 810 1128 864 μάλιστά
1166 816 1252 853 ἐστι
1286 811 1555 868 καταφανής.

333 892 436 932 ΜΕ.
494 887 681 941 ”Αριστ’,
716 881 747 928 ὦ
789 889 986 938 Κλεινία,
1020 890 1091 929 καὶ
1127 890 1316 942 ποιῶμεν
1348 885 1376 929 ἃ
1412 891 1556 941 λέγεις.

337 969 434 1011 ΚΛ.
492 964 642 1007 ’Ἔσται
667 966 818 1012 ταῦτα,
839 963 915 1006 ἐάν
938 962 1046 1014 ι’)ἐὸς
1065 968 1209 1024 ἐθέλῃ.
1256 966 1366 1021 Λέγε
1402 963 1554 1018 μόνον.

323 1108 364 1139 D.
391 1108 431 1138 εἶ’
450 1117 547 1146 που,
574 1104 805 1147 γι’γνεται,]
831 1130 849 1142 „
862 1106 1006 1146 γίγνεται
1029 1106 1083 1137 bis
1107 1104 1317 1145 posuerim.“
1343 1104 1521 1136 Bekker.

324 1152 508 1183 ἐπαινῶν
532 1152 597 1183 καὶ
622 1149 692 1193 μὴ]
721 1152 813 1182 Vett.
839 1152 934 1185 editt.
967 1149 1123 1183 ἐπαίνων.

1172 1150 1332 1182 Correxit
1359 1149 1553 1182 Caaaubon.

231 1200 274 1232 ad
301 1199 531 1239 Theophrast.
556 1209 589 1239 p.
613 1197 667 1230 51.
694 1197 748 1229 ed.
772 1197 926 1229 Fischer.

234 1322 351 1356 verim,
366 1330 470 1362 quum
482 1321 559 1360 ipsa
574 1328 711 1361 quoque
724 1329 861 1351 sensum

230 1367 356 1399 habeat
400 1365 627 1406 probabilem.
689 1364 860 1396 Nimirum

229 1422 349 1453 regum
397 1412 574 1452 corruptio
621 1414 654 1442 et
700 1410 862 1442 interitus

230 1459 320 1490 idem
343 1467 532 1498 regnorum
557 1456 633 1487 fuit.
668 1474 711 1481 —-
759 1453 862 1487 ὅλου

231 1503 306 1534 τοῦ
333 1499 638 1543 διανοήματος,
664 1501 863 1533 universi

234 1549 360 1581 illius
391 1547 591 1586 consilii,
615 1557 684 1587 quo
714 1552 784 1578 tres
814 1547 862 1578 ci-

234 1595 358 1626 vitates
389 1598 422 1625 et
452 1593 553 1624 bonis
574 1592 708 1633 legibus
732 1596 860 1632 tempe-

233 1638 343 1671 ratae-
364 1642 399 1670 et
427 1638 598 1669 communi
621 1637 760 1668 foedere
784 1637 860 1668 iun-

234 1690 308 1717 ctae
331 1687 440 1715 erant.
471 1701 513 1705 —
546 1679 621 1713 οὓς
644 1681 860 1723 προεῆκεν

234 1728 471 1771 ἄρχεσθαι,
501 1729 523 1759 i.
556 1737 587 1759 e.
612 1726 649 1758 οἱ
669 1723 859 1767 ἀρχόμενοι.

229 1775 377 1807 Plurimi
406 1773 506 1805 codd.
537 1770 735 1813 προςήκειν,
766 1772 859 1813 quod

231 1821 414 1853 manifesto
441 1829 483 1850 ex
500 1818 749 1859 depravatione
763 1817 859 1849 verbi

233 1861 400 1908 προέῆκεν
427 1869 550 1896 ortum.

276 1933 316 1966 D.
339 1927 341 1929 ¹
370 1928 483 1965 ταῦτ’
531 1926 606 1962 οὖν
653 1928 704 1962 ὥς
751 1928 861 1963 οὕτω

233 1979 390 2022 γέγονε
487 1976 740 2018 corrigendum
786 1987 862 2008 cum

231 2025 449 2057 Bekkero:
476 2021 594 2064 γέγονε
619 2022 692 2063 περὶ
719 2019 756 2054 τὰ
779 2020 863 2058 τότε,

233 2070 287 2102 καὶ
311 2070 375 2102 νῦν
397 2070 434 2101 εἴ
450 2079 518 2100 που
536 2069 691 2110 γίγνεται,
707 2067 862 2109 γίγνεται,

233 2116 287 2148 καὶ
311 2114 360 2148 εἰς
386 2112 443 2147 τὸν
467 2114 579 2146 ἔπειτα
601 2111 728 2155 χρόνον
744 2124 775 2145 κ.
793 2125 819 2146 τ.
837 2114 865 2145 λ.

277 2181 406 2225 Λόγῳ
437 2181 509 2222 μὲν
541 2182 690 2213 τοίνυν
724 2190 766 2212 σε
796 2180 863 2221 -]

230 2227 335 2260 Recte
359 2229 497 2260 codices
512 2226 802 2268 praestantissimi
828 2227 863 2258 in

231 2273 285 2305 his
310 2271 457 2304 ἐπαινοῦν
478 2283 542 2314 pro
556 2272 697 2313 vulgato
715 2269 864 2303 ἐπαίνων

231 2319 396 2360 scriptum
432 2318 604 2350 exhibent.
670 2315 743 2349 Nec
777 2327 861 2348 vero

231 2374 319 2405 opus
344 2368 407 2402 est,
422 2368 460 2394 ut
482 2374 546 2404 pro
567 2359 752 2403 ἐλεύθερος
777 2363 860 2394 seri·

205 2408 211 2418 ⁸
231 2410 332 2441 batur
354 2407 553 2448 ἐλευθέρως,
578 2417 665 2449 quae
686 2408 805 2440 Astii
830 2412 864 2439 et

234 2455 470 2486 Hermanni
500 2454 567 2484 fuit
596 2453 727 2493 opinio.
774 2452 862 2484 Sen-

235 2500 343 2532 tentia
366 2499 549 2531 verborum
574 2498 659 2529 haee
674 2502 741 2529 est:
768 2497 864 2530 Ver-

235 2546 302 2578 bis
333 2545 522 2586 quidem,
557 2553 577 2574 ο
613 2543 786 2584 hospes,
822 2547 864 2575 te

236 2591 414 2623 laudare
460 2598 590 2630 grave
641 2587 780 2620 fuerit
825 2593 865 2620 et

238 2637 456 2672 odiosum3
481 2639 523 2667 at
549 2643 591 2665 ne
616 2633 708 2674 ipsa
737 2638 777 2664 te
803 2643 864 2665 ve-

927 1318 1555 1352 hementerlaudabimus.stu-

928 1366 1051 1397 diose
1081 1365 1196 1396 enim
1229 1370 1361 1406 atque
1399 1365 1555 1406 cupide

929 1420 1168 1443 sermonem
1225 1415 1336 1442 tuum
1405 1420 1553 1451 seque-

928 1466 1033 1496 mur,
1074 1456 1117 1487 in
1169 1465 1250 1496 qua
1297 1456 1466 1497 quidem
1512 1464 1554 1487 re

929 1501 993 1533 vel
1043 1501 1220 1533 maxime
1273 1506 1337 1533 est
1390 1501 1554 1542 perspi-

928 1556 1064 1585 cuum,
1089 1551 1229 1577 utrum
1253 1547 1438 1577 alterum
1467 1547 1554 1577 lau·

929 1592 998 1623 det
1021 1601 1073 1622 an
1097 1600 1180 1622 non
1212 1591 1370 1622 laudet.
1401 1591 1457 1622 De
1473 1589 1553 1621 ἐπα-

927 1635 1024 1676 χθές,
1050 1636 1142 1676 quod
1168 1640 1220 1667 est
1248 1637 1427 1677 proprium
1451 1645 1553 1668 voea-

927 1682 1045 1713 bulum
1069 1681 1117 1712 de
1145 1680 1275 1713 laude
1306 1681 1492 1713 molesta
1515 1685 1555 1712 et

926 1727 1169 1765 invidiosa,
1195 1737 1230 1756 v.
1252 1725 1483 1758 Heindorf.
1509 1726 1553 1758 ad

929 1771 1104 1803 Charmid.
1133 1781 1166 1811 p.
1198 1770 1274 1804 158.
1308 1771 1345 1802 D.
1377 1776 1411 1803 et
1435 1777 1556 1803 nostra

926 1817 971 1848 ad
994 1816 1173 1848 Phaedon.
1197 1826 1229 1857 p.
1255 1815 1308 1850 87.
1328 1817 1370 1850 A.
1402 1817 1494 1849 Dein
1519 1815 1555 1848 ἐν

928 1858 980 1893 οἷς
1004 1873 1041 1904 γε
1058 1871 1200 1893 numero
1224 1862 1350 1902 plurali
1374 1863 1554 1904 quod‘po-

925 1908 1031 1947 nitur,
1057 1917 1162 1948 quum
1191 1911 1306 1938 tamen
1329 1917 1398 1939 una
1421 1912 1554 1940 tantum

926 1963 981 1985 res
1012 1957 1243 1994 respectetnr,
1275 1952 1401 1984 dietum
1432 1958 1485 1985 est
1511 1954 1554 1985 de

927 1998 994 2030 hoe
1025 2007 1149 2039 genere
1185 1998 1350 2038 loquendi
1384 1996 1490 2039 Gorg.
1517 2009 1551 2040 p.

926 2043 1005 2078 447.
1035 2045 1079 2075 A.
1117 2042 1235 2084 Symp.
1265 2053 1298 2083 p.
1330 2042 1405 2076 187.
1439 2043 1479 2074 D.
1511 2059 1553 2067 -—

933 2086 1181 2133 καταφανής
1220 2086 1349 2119 ἐστιν.
1373 2089 1555 2120 notissima

930 2135 1098 2175 loquendi
1142 2133 1276 2165 ratione
1326 2134 1555 2174 personaliter

931 2184 1182 2216 constructum,
1224 2182 1262 2209 ut
1308 2176 1411 2219 δῆλός
1456 2178 1555 2215 ἐστιν,

931 2222 1081 2266 φανερός
1105 2223 1210 2260 ἐστιν,
1233 2225 1277 2255 al.
1325 2224 1482 2266 Denique
1512 2225 1554 2255 de

930 2270 983 2302 καὶ
1006 2267 1050 2311 μή
1072 2270 1122 2302 ita
1146 2274 1310 2310 usurpato
1341 2270 1424 2310 alibi
1449 2280 1553 2310 expo-

927 2316 1073 2355 suimus,
1098 2319 1135 2346 ut
1169 2324 1239 2346 non
1272 2325 1358 2356 opus
1390 2316 1434 2347 sit
1463 2315 1554 2346 hune

927 2371 1027 2392 usum
1050 2361 1217 2402 loquendi
1243 2370 1333 2392 nunc
1357 2361 1478 2392 denno*
1495 2370 1554 2391 ex-

927 2407 1066 2448 plicare.
1142 2402 1146 2405 ’

973 2451 1015 2482 Ε.
1055 2447 1226 2492 Ἂριστ’,
1251 2445 1554 2489 ὦΚλεινιά,-]

929 2496 1026 2528 Haec
1049 2497 1154 2538 vulgo
1186 2496 1424 2528 tribuebantur
1447 2494 1554 2526 Athe-

930 2542 1053 2574 niensi.
1103 2543 1227 2574 Verum
1250 2541 1394 2581 Megillo
1426 2550 1467 2572 ea
1492 2539 1554 2570 ad·-

931 2587 1112 2620 scribenda
1141 2597 1234 2626 esse,
1258 2586 1435 2618 verissime
1465 2583 1554 2615 iudi-

932 2632 1295 2665 cavitBoeekhius.
1322 2630 1386 2662 Cui
1419 2630 1553 2661 ratione
