1612 2872
275 97 356 140 DE
389 96 663 142 LEGIBUS
696 98 814 141 LIB.
845 97 904 140 X.
943 98 988 142 P.
1021 98 1114 141 (328.
1148 97 1212 141 St.
1374 99 1427 139 33

68 215 225 268 δέξαιτ’
275 213 333 258 ἄν
369 231 436 267 τις
470 217 644 272 μᾶλλον
679 213 706 269 ἢ
740 219 891 275 φιλίας
938 233 983 260 τε
1019 233 1090 260 και
1128 214 1303 271 εἰρήνης
1337 215 1425 260 ὑπὸ

68 283 319 338 διαλλαγῶν
375 290 608 340 γενομένης
663 281 778 327 οὕτω
832 293 926 335 τοῖς
979 283 1147 336 ἔξωθεν
1204 287 1427 341 πολεμίοις

67 354 287 407 προςέχειν
320 349 523 405 ἀνάγκην
552 350 662 394 εἶναι
699 350 780 395 τὸν
814 354 951 398 νοῦν,

169 419 268 461 ΚΛ.

343 417 468 461 Οὕτω
505 421 595 468 mig
637 417 697 461 ἂν
733 422 884 463 ἐθέλοι
932 417 1151 474 πρότερον
1199 416 1224 470 ἢ
1260 419 1424 471 ’κείνως

66 488 163 543 περὶ
202 483 280 538 τὴν
315 485 457 529 αὑτοῦ
493 489 732 540 γίγνεσθαι
768 486 912 529 πόλιν.

171 554 266 596 ΑΘ.
342 553 522 596 Οὐκοῦν
558 557 629 595 καὶ
666 557 924 608 νομοθέτης
960 551 1192 605 ὡςαύτως,·

169 622 271 664 ΚΛ.
349 620 406 664 'l'i
435 620 551 675 μήνς

168 687 267 731 ΑΘ.
326 681 429 742 'Ap’
483 679 565 731 οὖν
612 686 664 729 οὐ
701 688 782 730 τοῦ
818 685 978 742 cipi-302³
1016 690 1141 728 ἕνεκα
1179 685 1331 730 πάντα
1365 686 1424 731 ἄν

65 754 118 797 τὰ
157 753 323 810 νόμιμα
360 757 508 807 τιθείη
546 756 658 805 πᾶς’,

172 825 271 866 ΚΛ.
345 824 448 872 Πῶς
482 821 522 865 δ’
566 819 645 873 οὕς

166 890 266 934 ΑΘ.

340 890 484 946 Τάγε
518 889 608 944 μὴν
643 885 805 944 ἅριςον
844 886 944 931 οὔτε
982 886 1006 930 ὁ
1045 886 1237 946 πόλεμος
1259 886 1361 933 οὕτε
1397 887 1423 941 ἡ

69 956 215 1007 ςοὲσις,
263 955 486 1000 ἀπευκτὸν
523 960 567 1000 δὲ
607 954 656 1000 τὸ
695 957 918 1009 δεηθῆναι
960 956 1156 1008 τούτων,
1193 955 1344 1014 εἰρήνη
1379 959 1425 1000 δὲ

71 1110 109 1145 Ω.
134 1121 213 1146 cum
239 1112 381 1156 reliquis
407 1112 578 1147 omnibus.
604 1111 728 1156 Steph.
762 1112 857 1145 dedit
889 1111 1102 1155 νικησάντων
1133 1111 1170 1146 δὲ
1196 1114 1262 1146 τῶν
1287 1114 1424 1157 ἑτέρων.

65 1158 157 1201 quod
185 1160 278 1202 sapit
303 1160 641 1201 interpretationem.
669 1169 744 1191 nam
773 1156 913 1200 πότεροι
936 1164 1017 1192 sunt
1039 1160 1264 1193 alterutri.

159 1205 199 1237 C.
257 1202 314 1238 Τό
351 1216 398 1248 γε
439 1202 522 1247 μὴν
552 1203 758 1248 ἄριστον]
795 1205 929 1239 Retulit
961 1203 1047 1238 haec
1077 1207 1111 1238 in
1142 1205 1277 1240 Strom.
1309 1207 1359 1240 11.
1390 1208 1423 1243 5.

67 1251 232 1284 Clemens
261 1253 314 1284 ΑΙ.
341 1263 372 1296 p.
398 1251 478 1286 369.
508 1252 547 1284 Β.
574 1251 628 1285 ed.
654 1251 750 1296 Sylb.
778 1251 821 1284 Τ.
849 1253 862 1287 1
900 1263 933 1294 p.
959 1251 1041 1287 441.
1069 1252 1125 1285 ed.
1154 1253 1249 1286 Pott.

68 1362 183 1405 dem,
223 1362 290 1396 sin
328 1368 469 1399 autem
504 1368 708 1398 exortum

67 1410 147 1448 sit,
173 1412 542 1451 quamcitissime
568 1411 709 1444 extin-

65 1455 151 1497 gui.
199 1456 258 1489 De
282 1455 424 1497 μάλιστα
448 1457 567 1498 μέν-
583 1455 631 1495 δέ,
655 1458 710 1490 vel

65 1500 100 1533 el
119 1499 175 1540 δέ,
200 1502 291 1535 conf.
316 1503 402 1537 iufra
427 1504 488 1538 Vl.
515 1515 548 1548 p.
563 1503 643 1539 758.
668 1503 709 1536 C.

65 1547 166 1590 Reip.
193 1548 288 1582 vni.
314 1561 347 1588 n.
373 1550 453 1585 564.
481 1551 520 1583 Β.
544 1561 632 1593 quos
656 1551 710 1582 lo-

64 1604 127 1627 cos
149 1594 303 1629 laudavit
329 1596 594 1630 Boeckliius.
630 1596 708 1630 Ad-

64 1640 110 1673 de
151 1646 337 1685 praeterea
382 1644 433 1677 De
469 1643 562 1685 Rep.
597 1644 640 1676 V.
672 1654 706 1686 p.

63 1685 195 1722 461-0.
214 1687 370 1730 Sophist.
393 1701 424 1733 p.
435 1689 514 1725 246.
535 1691 574 1722 D.
589 1690 707 1731 ibique

64 1743 143 1769 ann.
186 1732 236 1766 Ad
264 1731 370 1774 ἅπας,
396 1737 706 1778 unusquisque,

64 1780 252 1814 contulisse
286 1781 418 1815 iuvabit
451 1792 540 1824 quse
569 1783 707 1825 scripsi—

65 1835 144 1858 mus
168 1825 212 1858 nd
240 1825 421 1860 Phaedon.
447 1839 481 1869 p.
506 1829 586 1864 108.
613 1829 652 1862 Β.

115 1867 287 1913 Πότερα
335 1871 379 1906 δὲ
424 1870 708 1915 ἀπολομένων

69 1915 130 1957 —-]
151 1916 330 1950 Sententia
347 1919 416 1951 huc
431 1920 540 1953 redit:
565 1931 586 1953 u
597 1926 667 1954 tru
678 1932 709 1954 m

67 1959 235 2004 aliquis
272 1965 418 2006 malit,
451 1965 572 1999 facta
605 1968 710 2000 alte-

67 2010 239 2042 rutrius
264 2011 406 2052 partis
430 2012 713 2045 internecio-

67 2063 135 2095 ne,
183 2055 365 2090 civitati
415 2059 615 2099 quietem
665 2070 712 2092 ac

68 2102 445 2143 tranquillitatem
504 2105 709 2146 restitui,

69 2156 120 2178 an
166 2148 319 2189 potius
365 2150 614 2184 amicitiam
665 2156 710 2184 et

69 2194 350 2228 conc-ordinm
413 2198 618 2230 revocari
669 2198 708 2230 vi

69 2247 150 2270 non
188 2239 411 2282 adhibita,
451 2243 527 2276 sed
579 2244 708 2277 initis

69 2285 377 2328 pactionibus,
418 2289 476 2321 ita
508 2294 554 2323 ut
584 2291 708 2323 cives

68 2331 249 2365 animum
283 2333 333 2366 sd
370 2333 525 2368 hostes
563 2342 707 2370 exter-

69 2385 161 2412 nos,
201 2377 443 2415 advertere
504 2381 708 2424 possint?

70 2420 207 2457 Etenim
246 2425 349 2459 verbs
382 2424 470 2461 bunc
500 2429 532 2460 in
566 2428 706 2461 modurn

69 2466 241 2509 iungenda
253 2476 354 2507 sunt:
371 2472 503 2517 πότερά
519 2484 568 2507 us
579 2471 709 2516 δέξαιτ’

68 2509 113 2546 ἂν
135 2514 263 2554 μᾶλλον
287 2516 426 2562 εἰρήνην
462 2521 624 2563 γενέσθαι
650 2522 710 2563 τῆς

69 2557 239 2601 στάσεως,
277 2561 299 2596 i.
333 2576 363 2598 e.
408 2563 429 2609 ἦ
462 2566 582 2600 στάσιν
614 2568 707 2611 γενέ·

69 2605 166 2639 σθαι.
223 2608 317 2644 Male
349 2613 501 2646 Aetius
532 2619 612 2648 ante
650 2615 709 2657 τῆς

68 2650 220 2686 στάσεως
249 2654 428 2696 desident
454 2657 492 2698 ἐκ
527 2662 706 2704 praeposi-

68 2698 221 2733 tionem·
271 2701 458 2739 Praeterea
505 2707 706 2748 tenendum,

118 2758 204 2791 Fiat.
231 2758 320 2802 Opp.
350 2762 422 2796 Vol.
450 2763 491 2797 X.
529 2765 622 2798 Soet.
652 2767 673 2799 Ι.

778 1365 810 1397 in
843 1366 958 1406 φιλίας
989 1383 1032 1406 -,
1066 1367 1254 1410 γενομένης
1294 1368 1424 1412 prima-

779 1411 863 1445 riam
898 1412 1066 1444 contineri
1098 1415 1286 1448 notionem.
1335 1413 1423 1448 Nam

778 1458 924 1500 quilibet
953 1461 1193 1501 expectaverit
1225 1461 1277 1494 sic
1308 1461 1425 1504 potius

779 1503 908 1537 dictum
938 1505 993 1538 iriz
1023 1501 1044 1547 ἢ
1073 1505 1190 1546 φιλίαν
1206 1518 1239 1540 τε
1259 1507 1314 1539 καὶ
1331 1504 1423 1551 εἰρή-

779 1562 844 1592 νην
871 1548 941 1583 ὑπὸ
969 1550 1158 1595 διαλλαγῶν
1182 1554 1345 1596 γενέσθαι
1370 1554 1425 1586 καὶ

781 1594 875 1630 οὕτω
902 1601 974 1630 τοῖς
999 1597 1136 1638 ἔξωθεν
1159 1619 1205 1624 ——
1232 1599 1294 1634 τὸν
1319 1601 1426 1639 νοῦν;

778 1644 850 1677 Sed
886 1655 927 1677 ea
960 1645 1121 1686 loquendi
1154 1647 1243 1681 ratio
1269 1657 1336 1680 non
1363 1647 1424 1680 de-

777 1691 837 1723 bet
884 1692 1044 1733 cuiquam
1099 1702 1180 1726 esse
1227 1694 1425 1727 offensioni.

777 1737 908 1770 Similia
947 1737 1198 1780 adscripsimus
1236 1740 1280 1774 ad
1313 1741 1426 1784 Gorg.

778 1793 811 1826 p.
839 1783 920 1818 483.
950 1784 990 1817 Ε.
1018 1784 1099 1820 484.
1125 1784 1172 1818 D.

826 1852 867 1885 G.
917 1850 939 1895 ἢ
969 1849 1162 1894 ’κείνωεῙ
1189 1854 1250 1888 Sic
1273 1855 1355 1888 Par.
1385 1856 1424 1888 Α.

781 1891 893 1940 Vulgo
935 1895 956 1942 ἦ
995 1901 1128 1935 κείνως.
1192 1900 1265 1934 Sed
1306 1901 1426 1935 Ionica

779 1944 892 1977 forma
933 1947 1034 1978 Attici
1076 1947 1198 1987 utique
1247 1948 1427 1980 abstinue-

779 1994 870 2022 runt.
927 1991 1040 2024 Quam
1079 1993 1172 2033 quod
1206 1998 1288 2035 poet
1320 2004 1427 2026 voca-

780 2037 847 2068 lem
867 2038 988 2070 volunt
1012 2037 1055 2070 ab
1080 2038 1122 2070 iis
1143 2044 1344 2080 usurpatam
1371 2051 1426 2073 es-

780 2091 837 2119 se,
868 2083 903 2115 id
938 2083 992 2116 vix
1025 2084 1192 2118 credibile
1230 2090 1295 2120 est.
1343 2086 1426 2119 Pla·

779 2128 849 2160 cuit
872 2132 988 2162 tamen
1018 2140 1057 2163 ea
1093 2131 1182 2163 ratio
1217 2142 1317 2175 quum
1349 2134 1424 2166 aliis

777 2179 848 2207 tum
871 2174 1118 2209 senneser-o
1138 2178 1181 2210 nd
1200 2178 1422 2212 Demosth.

780 2223 868 2262 App.
899 2222 928 2254 Ι.
967 2233 999 2265 p.
1023 2223 1102 2258 819.
1138 2224 1194 2258 lV.
1227 2225 1306 2261 201.
1341 2225 1422 2261 496.

776 2266 857 2302 594.
891 2268 1176 2303 dissentientibus
1214 2271 1422 2306 Dindorf.

777 2313 895 2347 Praef.
923 2314 966 2347 ad
989 2315 1169 2350 Demosth.
1194 2328 1227 2360 p.
1245 2318 1291 2354 60
1326 2319 1422 2352 Bai·

777 2364 878 2393 tero
910 2360 953 2393 ed
989 2362 1098 2396 Isocr.
1129 2363 1260 2407 Pane-g.
1301 2366 1332 2408 ξ.
1366 2365 1419 2401 14.

778 2405 1055 2442 Schneider-o
1087 2410 1130 2443 ad
1165 2410 1258 2447 Plst.
1290 2413 1366 2445 Civ.
1396 2413 1421 2447 1.

822 2519 1043 2558 ἀπευκτὸν
1068 2523 1111 2558 δὲ
1139 2524 1186 2559 τὸ
1212 2525 1268 2570 δ.]
1301 2523 1418 2560 Ἀπευ-

778 2569 860 2602 κιόν
884 2577 939 2604 est
965 2572 1307 2615 deprecandum,
1335 2572 1420 2607 ὅτις

777 2612 956 2659 ἀπεύξαιτ’
969 2616 1022 2651 ἄν.
1039 2618 1158 2652 Schol.
1185 2619 1216 2652 T
1231 2619 1378 2653 lieocri
1391 2625 1416 2653 t.

775 2662 820 2698 X.
863 2665 929 2700 52:
974 2661 1134 2698 εὐκτὸς
1180 2666 1220 2699 δὲ
1260 2663 1280 2698 ὁ
1315 2663 1418 2709 εὐχῆς

777 2707 893 2751 ἄξιος,
919 2712 974 2745 καὶ
1000 2709 1176 2745 azimatos·-
1204 2710 1418 2746 ἀπευκτὸε

1109 2771 1133 2809 3
