1612 2872
223 88 275 128 10
651 82 1104 126 ARGUMENTUM

221 195 303 238 nisi
332 196 470 238 omnis
513 194 686 237 omnino
725 208 801 249 per
829 207 923 234 eam
951 193 1172 236 aboleatur
1196 194 1327 237 intem
1361 196 1545 247 erantia3

220 266 315 293 eam
342 267 443 293 vero
473 251 655 306 Spartae
684 249 856 291 minime
885 263 980 291 esse
1003 250 1230 304 sublatam,
1258 251 1305 292 id
1349 251 1548 293 uculente

220 307 281 348 ait
318 307 521 362 cognosci
559 311 602 347 et
635 305 817 360 intelligi
856 319 911 346 ex
937 305 1022 346 ista
1050 321 1214 348 morum
1243 306 1428 360 licentia,
1464 322 1549 362 qua

220 362 459 418 Spartanae
489 361 688 403 mulieres
716 361 896 403 infames
925 361 1024 403 siut.
1083 362 1152 404 De
1172 362 1379 405 ebrietate
1407 369 1549 404 autem

220 424 363 459 monet
399 433 486 458 non
526 417 739 459 curandas
770 431 864 458 esse
891 418 1031 460 varias
1061 417 1278 460 hominum
1308 425 1382 460 aut
1410 433 1549 474 popu—

218 474 356 515 lorum
385 473 623 528 opiniones,
653 473 731 515 sed
759 473 896 528 ipsam
925 474 986 515 rei
1014 480 1209 515 naturam
1230 481 1427 516 accurate
1455 489 1550 517 esse

218 529 576 584 cognoscendam.
643 530 703 571 Et
739 530 784 570 in
820 529 902 571 hac
944 530 1116 584 quidem
1153 545 1198 572 re
1235 531 1462 586 plurimum
1491 530 1551 571 ait

217 585 391 638 referre,
421 592 471 627 ut
500 585 636 639 qualis
666 587 723 627 sit
751 585 969 628 ebrietatis
998 587 1063 629 vis
1094 596 1138 628 et
1166 587 1383 640 efficacia,
1413 587 1552 628 sicubi

219 656 314 682 eam
351 642 417 683 vir
453 642 625 698 sapiens
662 648 747 683 tem
782 647 872 683 eret
909 657 959 683 ac
988 642 1254 697 moderetur,
1299 642 1549 700 diligentius

220 697 470 751 exquiratur
495 722 549 728 —
574 697 623 739 :id
654 713 738 752 quo
798 696 896 739 inde
925 713 950 739 a
978 714 1019 753 p.
1051 700 1146 741 (539.
1183 699 1238 741 A.
1277 705 1367 740 tam
1405 699 1550 741 multis

218 753 424 808 exemplis
464 759 638 807 tamque
679 754 853 809 copiose
897 752 1160 808 declaratur,
1203 761 1252 796 ut
1291 755 1382 811 ipse
1411 755 1550 796 Athe-

219 809 384 852 niensis
429 811 634 852 sermonis
675 811 742 852 sui
779 810 981 866 ambages
1011 810 1278 853 excusandas
1309 811 1549 852 arbitretur.

221 864 381 907 Censet
410 865 565 922 igitur,
592 866 984 921 compotationibus
1015 866 1154 908 sicubi
1185 867 1467 923 praeficiatur·
1485 873 1551 908 ta·

220 921 272 963 lis
312 921 579 975 moderator,
621 923 695 976 qui
735 937 865 976 quum
902 922 995 977 ipse
1034 923 1187 964 mentis
1228 923 1550 979 perturbatione

218 978 327 1019 liber
365 983 408 1019 et
436 977 634 1019 immunis
673 978 742 1031 sit,
785 984 875 1018 tum
912 978 1039 1019 etiam
1076 985 1241 1021 ceteros
1280 979 1325 1020 in
1363 994 1469 1035 pace
1508 983 1551 1020 et

219 1033 452 1076 concordia
480 1033 712 1087 contineat,
743 1033 978 1075 certissime
1007 1033 1194 1075 futurum
1223 1050 1340 1087 esse,
1378 1040 1427 1076 ut
1453 1034 1551 1076 illae

222 1105 309 1131 non
346 1089 477 1131 modo
525 1089 634 1131 nihil
677 1089 865 1131 habeant
911 1088 1027 1142 quod
1063 1089 1155 1130 iure
1201 1090 1549 1146 reprehendatur,

220 1161 368 1188 verum
400 1147 529 1188 etiam
568 1146 797 1201 plurimum
827 1145 1028 1186 utilitatis
1064 1145 1262 1200 privatim
1302 1151 1345 1187 et
1382 1145 1551 1200 publice

220 1201 372 1244 afferre
412 1202 579 1258 possint
608 1202 680 1257 (p,
712 1203 806 1243 (537.
836 1202 887 1243 B.
918 1226 972 1232 —-
1005 1203 1099 1243 642.
1130 1201 1226 1256 B.).
1256 1226 1309 1232 --
1379 1200 1553 1256 Quippe

220 1258 442 1315 egregium
479 1259 711 1300 arbitratur
751 1258 796 1298 in
834 1257 886 1299 iis
928 1258 1068 1300 inesse
1106 1257 1367 1313 praesidium
1407 1263 1450 1298 et
1478 1256 1553 1297 ad-

221 1314 457 1356 iumentum
497 1314 553 1355 ad
581 1313 920 1370 promovendum
951 1329 1117 1355 omnem
1147 1313 1309 1370 ingenii
1337 1313 1552 1367 animique

222 1371 385 1412 cultum
422 1377 550 1426 atque
580 1385 744 1411 morum
774 1369 1068 1424 disciplinam3
1110 1369 1162 1411 de
1203 1385 1288 1424 qua
1326 1384 1372 1410 re
1402 1368 1552 1410 ordine

221 1426 426 1481 deinceps
469 1427 711 1468 accuratius
751 1425 960 1468 disserere
1000 1425 1198 1467 instituit.
1276 1424 1364 1468 Sed
1409 1425 1552 1479 prius-

223 1498 352 1538 quam
379 1483 616 1539 longiorem
646 1482 759 1524 huno
788 1496 1026 1524 sermonem
1055 1482 1278 1537 suscipiat,
1311 1480 1555 1523 faciendum

222 1540 306 1582 sibi
336 1545 473 1594 putat,
502 1545 552 1580 ut
581 1539 739 1580 amicos
766 1538 1006 1591 admoneat,
1039 1539 1130 1579 fore
1159 1537 1285 1579 huius
1315 1538 1376 1579 rei
1406 1536 1555 1592 dispu-

222 1595 428 1637 tationem
467 1595 594 1636 etiam
633 1609 730 1636 cum
768 1593 1055 1650 disput-atione
1096 1593 1148 1634 de
1175 1594 1338 1635 musica
1376 1593 1555 1635 coniun-

223 1657 352 1704 ctam,
384 1650 596 1705 siquidem
635 1650 831 1691 illa'sine
861 1650 1046 1691 musicae
1076 1649 1321 1705 cognitione
1351 1664 1436 1689 non
1466 1664 1554 1690 ma-

223 1707 289 1764 gis
327 1706 535 1749 declarari
570 1706 733 1762 possit,
785 1721 911 1760 quam
951 1705 1113 1747 musica
1149 1706 1245 1760 ipsa
1298 1705 1387 1746 sine
1436 1710 1554 1746 recto

224 1763 353 1806 animi
390 1763 521 1804 cultu.
591 1762 807 1815 Quocirca
849 1777 922 1803 eos
963 1777 1010 1803 ro
1044 1767 1109 1815 at,
1148 1767 1196 1808 ut
1236 1760 1319 1802 sibi
1350 1760 1554 1816 longioris

225 1819 433 1861 sermonis
473 1818 640 1860 veniam
686 1818 942 1873 impertiant.
1009 1776 1109 1870 &ua
1153 1817 1279 1858 venia
1326 1817 1554 1871 impetrata

226 1883 324 1917 ante
347 1875 488 1917 omnia
507 1875 560 1916 de
580 1874 846 1916 educationis
876 1880 917 1915 et
947 1872 1198 1928 disciplinae
1227 1873 1381 1914 natura
1409 1872 1554 1928 copio-

225 1933 315 1975 sius
344 1946 557 1989 exponere
585 1930 776 1972 instituit
805 1930 866 1984 (p.
897 1930 992 1971 642.
1023 1929 1073 1972 B.
1103 1953 1157 1960 —-
1187 1929 1275 1983 E..)
1306 1952 1360 1959 —

339 1988 397 2029 Et
427 1987 508 2030 hoc
537 1986 710 2042 quidem
732 1991 878 2028 censet
906 1986 1037 2027 statui
1058 1985 1290 2036 verissime,
1310 1983 1554 2038 quicunque

227 2043 461 2099 aliquando
497 2043 541 2084 in
572 2043 771 2099 quapiam
808 2057 853 2084 re
890 2042 1027 2084 bonus
1064 2047 1107 2082 et
1133 2040 1359 2082 laudabilis
1398 2039 1555 2080 extitu-

229 2115 299 2141 rus
329 2101 401 2154 sit,
433 2115 527 2142 eum
540 2100 631 2141 'iam
651 2098 750 2140 inde
781 2114 806 2140 a
827 2098 1011 2154 pueritia
1037 2103 1125 2138 tam
1153 2112 1230 2152 per
1257 2096 1397 2137 lusum
1428 2110 1555 2149 quam

228 2156 338 2198 serio
377 2157 420 2197 in
459 2156 512 2197 iis
544 2156 671 2198 rebus
701 2155 888 2196 exerceri
918 2159 1126 2210 oportere,
1156 2154 1200 2194 in
1231 2152 1386 2206 quibus
1415 2152 1555 2193 bonus

227 2212 376 2254 haberi
404 2212 508 2253 velit
536 2213 598 2267 (p.
628 2213 721 2253 643.
752 2212 804 2252 B.
836 2210 920 2265 C.).
980 2209 1133 2263 Itaque
1174 2208 1416 2250 educationi
1449 2205 1555 2248 illud

229 2268 408 2310 maxime
439 2268 531 2309 vult
560 2283 654 2310 esse
684 2267 979 2323 propositum,
1012 2271 1061 2307 ut
1091 2265 1186 2320 quis
1216 2270 1378 2305 mature
1407 2263 1459 2304 iis
1489 2277 1555 2304 re-

228 2325 310 2366 bus
340 2324 567 2377 assuefiat,
608 2324 650 2365 in
683 2324 838 2377 quibus
871 2320 1099 2377 aliquando
1129 2321 1340 2363 extiturus
1371 2321 1428 2362 sit
1456 2334 1556 2373 pro-

229 2381 322 2436 pria
357 2380 516 2422 virtute
554 2380 780 2421 excellens.
847 2379 978 2420 Hunc
1020 2383 1160 2418 autem
1206 2392 1331 2418 usum
1370 2375 1554 2428 denique

230 2453 281 2478 eo
322 2437 534 2491 pertinere
565 2435 719 2477 debere
749 2441 909 2487 censet,
932 2440 988 2475 >ut
1018 2433 1072 2474 ad
1101 2434 1301 2475 virtutem
1332 2431 1554 2488 perducat,

231 2492 442 2547 simulque
473 2491 516 2533 id
546 2491 718 2544 efficiat,
750 2498 797 2533 ut
826 2491 920 2546 quis
951 2500 994 2531 et
1022 2490 1127 2531 civis
1146 2490 1283 2531 bonus
1314 2502 1415 2530 esse‘
1436 2487 1554 2539 velit,

231 2554 276 2590 et
304 2548 412 2590 iuste
450 2554 535 2589 tam
568 2548 775 2603 imperare
836 2562 931 2588 uam
962 2561 1110 2601 parere
1139 2545 1331 2594 studeat3
1372 2543 1555 2585 illibera-

231 2605 312 2647 lem
353 2605 465 2647 cnim
502 2619 596 2647 esse
635 2619 726 2646 eam
778 2563 1097 2655 educationem,
1149 2617 1258 2656 quae
1296 2599 1400 2643 nihil
1439 2597 1555 2641 aliud
