1612 2872
246 94 325 137 140
684 86 1138 131 ARGUMENTUM

242 203 355 245 circa
380 201 479 243 illae
508 200 760 252 neutiquam
798 212 885 240 una
913 198 1134 253 voluptate
1162 198 1344 241 iudicari
1373 207 1566 254 possunt.

242 259 355 301 Nam
385 257 476 300 sola
503 254 739 309 voluptatis
769 260 810 295 et
838 253 1118 297 iucunditatis
1155 255 1295 310 gratia
1331 254 1438 297 illud
1474 261 1569 297 tan-

240 321 331 356 tum
361 318 476 354 recte
507 310 782 363 iudicabitur,
814 309 931 363 quod
959 324 1099 364 neque
1129 310 1356 353 utilitatem
1387 310 1572 364 aliquam

239 383 380 423 neque
411 366 631 407 veritatem
654 372 737 407 <aut
763 365 1176 407 verisimilitudinem
1214 366 1381 408 habeat.
1440 368 1571 409 Artes

239 423 489 466 imitatrices
519 428 660 463 autem
698 427 812 463 certe
850 436 936 463 non
966 437 1051 463 uno
1080 422 1314 477 voluptatis
1341 437 1468 464 sensu
1497 422 1571 464 ab·

240 480 489 530 solvuntur,
534 477 612 519 sed
655 477 834 518 interior
861 477 1050 531 ipsarum
1079 483 1233 519 natura
1261 479 1404 533 posita
1433 483 1500 519 est
1527 478 1572 519 in

239 533 514 577 similitudine
545 540 587 574 et
615 533 871 586 aequalitate
900 533 1107 587 quadam,
1138 549 1264 589 quam
1295 534 1350 575 ad
1378 534 1572 576 veritatis

238 605 429 632 normam
457 595 585 644 atque
615 589 753 645 legem
784 589 954 644 exigere
984 589 1123 631 liceat.
1182 590 1329 644 Atque
1357 589 1402 630 id
1430 590 1572 644 ipsum

239 661 414 703 prorsus
443 645 646 687 convenit
677 645 805 686 etiam
834 644 879 685 in
908 651 1042 687 artem
1070 645 1291 699 musicam,
1323 659 1434 699 quae
1462 645 1573 686 inter

239 708 352 744 artes
392 701 643 743 imitatrices
681 700 947 742 numeranda
982 707 1059 743 est.
1117 701 1272 756 Neque
1314 702 1424 742 enim
1460 700 1573 742 iudi-

239 759 353 800 cium
393 758 485 799 eius
524 755 685 813 pendet
727 771 779 798 ex
826 771 913 797 una
957 757 1201 812 voluptate,
1252 772 1380 811 quam
1427 756 1572 807 affert3

240 828 498 868 quamquam
547 811 716 867 plurimi
771 812 854 854 isto
907 812 1122 867 opinionis
1164 827 1306 854 errore
1348 812 1572 854 constricti

237 876 452 911 tenentur.
532 867 822 921 Quamobrem
871 867 999 909 etiam
1044 867 1273 909 choreutae
1324 868 1387 909 illi
1433 874 1573 910 aetate

238 925 553 982 provectiores,
596 938 706 977 quos
736 923 1060 977 constituimus,
1107 923 1210 977 quid
1240 923 1421 965 maxime
1451 924 1572 977 sequi

240 988 369 1035 atque
400 995 525 1037 agere
556 978 757 1031 debeant,
788 993 904 1020 nunc
933 994 1018 1020 non
1049 985 1115 1021 est
1137 979 1311 1021 difficile
1330 980 1571 1021 accuratius

240 1037 441 1087 definire3
482 1035 561 1077 hos
606 1035 720 1081 enim
750 1034 875 1076 deect
916 1035 1123 1090 optimum
1153 1042 1324 1077 cantum
1352 1041 1571 1091 praestan-

238 1093 535 1146 tissimamque
565 1091 739 1132 Musam
770 1090 1032 1144 consectari,
1074 1105 1184 1145 quae
1226 1092 1404 1132 veritate
1435 1097 1478 1133 et
1505 1106 1570 1133 re-

239 1156 332 1191 ctae
371 1147 554 1190 rationis
591 1145 719 1188 laude
748 1145 931 1202 insignis
963 1146 1042 1201 sit,
1081 1161 1161 1188 nec
1192 1161 1291 1188 vero
1321 1161 1413 1188 eam
1442 1147 1571 1189 musi-

239 1219 356 1264 cam„
398 1217 508 1259 quae
546 1203 634 1245 suis
672 1202 908 1257 voluptatis
938 1202 1151 1244 illecebris
1179 1202 1360 1257 placeat.
1419 1202 1571 1245 Consi-

240 1260 316 1303 stit
350 1266 493 1301 autem
536 1264 654 1300 recta
682 1259 871 1299 musicae
899 1258 1031 1311 ratio,
1074 1264 1123 1299 ut
1158 1257 1319 1300 dictum
1357 1264 1445 1312 est,
1486 1274 1571 1300 non

241 1316 324 1357 alia
352 1316 395 1357 in
424 1330 492 1368 re,
524 1314 607 1356 nisi
635 1314 678 1355 in
711 1328 786 1367 eo,
818 1320 867 1354 ut
896 1328 985 1367 res,
1025 1328 1136 1368 quae
1167 1314 1402 1356 imitatione
1432 1315 1571 1370 expri-

240 1372 392 1426 mitur,
434 1376 633 1412 accurate
664 1369 895 1425 effingatur
925 1376 969 1410 et
997 1369 1284 1426 magnitudini
1321 1376 1450 1424 atque
1487 1370 1571 1412 vir-

238 1428 321 1469 tuti
360 1442 462 1469 suae
501 1426 804 1468 convenienter
844 1425 1106 1470 exhibeatur.
1164 1425 1278 1467 Nam
1308 1426 1451 1468 omnia
1479 1441 1571 1468 mu-

239 1484 354 1524 sicae
392 1497 525 1537 opera
565 1482 667 1524 boni
697 1486 741 1522 et
767 1481 906 1536 pulcri
934 1481 1170 1523 imitatione
1200 1487 1242 1522 et
1271 1482 1395 1536 quasi
1425 1481 1571 1523 adum-

206 1577 212 1582 .
238 1539 435 1581 bratione
466 1537 651 1592 quadam
682 1537 847 1579 absolvi
878 1551 1008 1590 quum
1037 1539 1190 1592 poetae
1210 1543 1301 1578 tum
1331 1543 1500 1579 actores
1529 1543 1572 1578 et

237 1594 461 1636 audientes
500 1594 715 1634 fateantur
759 1606 932 1634 necesse
973 1597 1041 1633 est
1081 1593 1144 1647 (p.
1185 1593 1278 1633 666.
1310 1593 1367 1634 D.
1399 1618 1452 1623 —
1479 1594 1570 1636 (368.

237 1650 324 1704 C.).
355 1674 407 1680 —
478 1650 624 1702 Atque
661 1647 768 1689 haec
805 1647 841 1688 si
889 1662 986 1689 vere
1025 1647 1245 1702 disputata
1282 1654 1406 1701 sunt,
1446 1648 1570 1690 facile

236 1705 416 1760 intelligi
444 1705 616 1757 licebit,
656 1702 859 1757 quidnam
889 1702 996 1744 illud
1025 1703 1108 1756 sit,
1148 1703 1263 1757 quod
1300 1703 1392 1745 iure
1429 1705 1571 1759 requi-

237 1775 378 1802 ramus
411 1760 465 1802 ab
497 1774 573 1812 e0,
619 1759 693 1813 qui
733 1764 847 1800 recte
887 1757 940 1799 de
979 1759 1124 1811 aliquo
1154 1759 1341 1800 musicae
1371 1759 1440 1801 vel
1468 1761 1570 1814 poe-

238 1818 297 1859 sis
329 1831 457 1870 opere
487 1814 678 1860 iudicare
708 1813 992 1855 videri‘velit.
1053 1814 1197 1855 Debet
1236 1815 1345 1855 enim
1383 1815 1455 1856 ille
1485 1815 1571 1870 pri—

236 1887 352 1913 mum
401 1872 596 1923 novisse,
646 1869 850 1923 quidnam
899 1869 1006 1910 illud
1046 1870 1123 1922 sit,
1173 1869 1571 1923 quod-,imitatione

237 1927 478 1983 effingitur3
517 1925 672 1967 deinde
702 1925 967 1981 perspicere,
999 1940 1100 1966 num
1138 1926 1228 1967 eius
1258 1926 1439 1967 imitatio
1470 1940 1572 1967 vera

238 1985 315 2033 sit3
349 1983 534 2037 denique
565 1996 692 2035 quam
723 1980 868 2036 pulcre
900 1981 1052 2022 artifex
1081 1995 1169 2021 rem
1197 1981 1438 2036 perfecerit,
1470 1997 1570 2036 pru-

238 2039 386 2080 denter
417 2038 658 2079 existimare
690 2037 751 2091 (p.
775 2037 869 2078 668.
891 2035 1111 2078 C.-669.
1133 2036 1215 2089 R).
1243 2061 1283 2066 -
1345 2036 1439 2078 Nec
1468 2052 1570 2078 vero

237 2110 314 2150 per
350 2109 395 2137 se
434 2094 561 2135 facile
601 2098 668 2134 est
706 2092 759 2134 de
798 2093 960 2134 musica
1006 2091 1216 2142 iudicare3
1256 2093 1341 2133 imo
1378 2092 1571 2147 postulat

237 2166 288 2191 ca
318 2164 385 2192 res
414 2149 639 2191 maximam
678 2149 944 2202 cautionem,
980 2150 1228 2204 praesertim
1267 2166 1396 2205 quum
1437 2167 1571 2207 prava

238 2205 291 2246 de
323 2207 414 2248 eius
443 2205 610 2246 ratione
639 2203 799 2246 iudicia
835 2205 1033 2246 facillime
1071 2205 1331 2259 reipublicae
1370 2207 1569 2249 damnum

237 2261 468 2316 importent
497 2257 755 2312 maximum}
792 2260 1002 2315 siquidem
1030 2259 1128 2301 inde
1158 2276 1323 2303 morum
1351 2264 1568 2318 corruptio

238 2331 288 2357 ac
325 2316 575 2370 depravatio
609 2315 814 2357 nascitur.
874 2315 1055 2358 Accedit
1090 2315 1173 2357 huo
1202 2316 1390 2372 ipsorum
1420 2320 1568 2373 poeta·

238 2378 376 2413 tarum
408 2370 667 2425 perversitas
697 2370 932 2425 quaedam,
972 2371 1044 2425 qui
1082 2371 1126 2411 in
1166 2386 1217 2412 ea
1257 2372 1495 2415 exercenda
1525 2379 1569 2414 et

237 2426 417 2468 colenda
449 2440 578 2479 saepe
607 2425 877 2481 turpissimos
899 2441 1061 2468 errores
1081 2426 1325 2469 admittunt.
1383 2428 1569 2470 Faciunt

237 2482 350 2523 enim
389 2481 452 2522 illi
491 2495 578 2522 non
617 2495 711 2522 raro
756 2482 871 2523 viros
901 2497 952 2524 ea
979 2481 1228 2535 loquentes,
1269 2497 1378 2536 quae
1417 2483 1566 2525 mulie-

236 2537 355 2579 brem
385 2550 485 2592 prae
515 2550 561 2577 se
590 2535 736 2576 ferunt
767 2537 977 2591 speciem;
1020 2536 1227 2578 adhibent
1267 2537 1321 2578 ad
1359 2539 1566 2593 ingenuo-

237 2608 328 2634 rum
360 2591 578 2633 hominum
611 2590 761 2632 modos
794 2597 836 2633 et
866 2593 1110 2634 saltationes
1135 2607 1332 2635 numeros
1363 2593 1495 2635 servis
1525 2599 1567 2634 et
