1612 2872
172 619 206 658 ’.Ξ

240 231 332 271 ταῖς
379 238 420 263 τε
466 223 619 274 βάσεσι
667 222 750 261 τῶν
798 219 988 277 ῥυθμῶν
1026 222 1093 261 καὶ
1134 228 1227 268 ταῖς
1258 223 1437 272 χορόαἶς
1474 227 1567 268 ταῖς

241 290 323 328 τῶν
366 289 527 340 μελῶν,
573 289 644 327 ἵνα
702 288 983 339 καθορῶντες
1030 284 1107 334 τάς
1137 301 1196 326 Δτε
1239 283 1453 338 ἁρμονίας
1497 282 1593 326 nais

241 352 338 400 τοὺς
383 348 587 406 ῥυθμοὺς
628 354 882 402 ἐκλέγεσθαί
931 366 972 392 τε
1009 349 1062 391 τοὶ
1106 347 1378 403 προςήκοντα
1415 348 1498 391 οἶοί
1533 349 1562 390 τ’
1594 384 1606 391 ,

238 411 355 464 ὦσιν,
384 413 412 456 ἃ
451 424 541 464 τοῖς
576 414 845 466 τηλικούτοις
881 431 923 456 τε
957 419 1028 456 καὶ
1066 413 1283 463 τοιούτοις
1317 413 1436 468 ᾄδειν
1472 418 1568 467 πρέ-

239 497 336 529 πον,
370 482 441 522 καὶ
478 478 616 529 οὕτως
652 478 804 534 ᾆδωσι,
841 482 911 522 καὶ
946 478 1126 534 ᾄδοντες
1168 478 1296 521 αὐτοί
1331 495 1374 520 τε
1406 477 1570 530 ἡδονὰς

240 544 288 587 τὸ
338 547 602 599 παραχρῆμα
650 545 812 594 ἀσινεῖς
862 543 1052 596 ἥὸωνται
1103 546 1173 586 καὶ
1216 552 1308 592 τοῖς
1351 548 1570 598 νεωτέροις

240 608 444 664 ἡγεμόνες
478 611 610 661 ἠθῶν
643 613 841 664 χρηστῶν
883 609 1118 663 ἀσπασμοῦ
1163 608 1459 662 προς-ἥκοντος
1507 611 1565 660 γί-

241 692 443 728 γνωνται.
465 682 584 730 μέχρι
606 678 650 717 δὲ
676 675 889 717 τοσούτου
925 677 1235 723 παιδευθέντες
1257 673 1569 728 ἀκριβεστέραν

238 738 296 781 ἂν
331 743 530 782 παιδείαν
567 743 642 792 τῆς
676 743 745 783 ἐπὶ
780 740 828 782 τὸ
867 743 1043 791 πλῆθος
1077 739 1294 797 φερούσης
1325 740 1406 782 εἷεν
1439 755 1569 793 μετα-

239 811 539 859 κεχειρισμένοι
584 809 655 848 καὶ
707 808 782 856 τῆς
818 809 911 859 περὶ
952 804 1052 855 τοὺς
1087 804 1273 856 ποιητάς
1305 804 1479 854 αὐτούς.
1518 802 1565 847 τὸ

333 975 372 1006 P.
407 975 485 1009 671.
533 975 602 1007 ἐπὶ
636 975 800 1018 μᾶλλον
829 974 896 1007 ἀεὶ
927 976 1067 1019 ξυμβ.]
1102 977 1172 1009 Pro
1204 974 1256 1007 ἀεὶ
1290 975 1394 1015 vulgo
1431 979 1504 1006 erat
1528 975 1566 1006 εἰ.

242 1021 364 1052 Veram
404 1021 583 1052 lectionem
622 1021 771 1052 servavit
810 1021 977 1053 Eusebius
1010 1022 1094 1053 XII.
1127 1020 1182 1054 24.
1215 1031 1247 1062 p.
1278 1020 1356 1054 597.
1389 1020 1433 1051 D·
1469 1029 1567 1061 quam

285 1157 375 1185 ταῖς
409 1163 449 1184 τε
487 1151 648 1194 βάσεσι
690 1153 768 1184 τῶν
808 1149 873 1195 ῥυ·

239 1197 361 1237 θ’μαῖν
378 1201 384 1236 Ι
399 1198 612 1239 Designatur
630 1199 786 1231 hocloco
802 1209 873 1230 om-

241 1243 324 1275 nino
365 1244 568 1275 incessus
614 1244 797 1283 numeri,
837 1247 874 1274 ut

240 1287 340 1328 Reip.
375 1287 431 1320 ΙΙΙ.
466 1299 499 1328 p.
528 1288 606 1323 399.
633 1289 677 1321 E:
705 1286 874 1327 ἑπόμενον

242 1327 271 1362 δ’
294 1329 336 1364 ἂν
359 1333 410 1373 εἴη
436 1336 506 1365 ταῖς
534 1329 711 1374 ἁρμονίαις
736 1331 772 1364 τὸ
799 1333 873 1374 περὶ

241 1373 420 1418 ῥυθμούς,
450 1375 494 1419 μὴ
533 1379 709 1410 ποικίλους
741 1375 874 1409 av’zofis

239 1420 372 1453 διώκειν
398 1420 480 1463 μηδὲ
502 1421 720 1455 παντοδαπὰς
743 1421 875 1464 βάσεις.

239 1477 272 1497 ν.
301 1467 530 1499 Hermann.
565 1467 691 1509 Opusc.
727 1469 802 1499 Vol.
826 1468 874 1499 11.

239 1522 271 1552 p-
304 1511 380 1545 108.
407 1513 486 1544 coll.
511 1523 544 1553 p.
560 1513 614 1547 57.
633 1513 804 1545 Santen.
830 1513 875 1544 ad

241 1556 383 1588 Terent.
415 1557 529 1588 Maur.
562 1568 595 1599 p.
625 1558 679 1591 51.
726 1559 782 1589 Ab
808 1557 875 1588 hoc

242 1612 306 1633 usu
323 1601 482 1633 vocabuli
497 1603 606 1643 probe
625 1603 873 1634 discernendus

241 1651 295 1677 est
318 1646 392 1684 ille,
417 1656 487 1686 quo
511 1648 556 1678 ad
587 1647 743 1687 singulos
767 1647 873 1687 pedes

243 1691 296 1722 vel
320 1691 482 1730 dipodias
506 1692 560 1722 vel
589 1694 692 1723 etiam
725 1692 770 1723 ad
799 1691 872 1722 the-

239 1735 308 1774 sin,
355 1744 457 1776 quam
505 1740 638 1767 veteres
688 1736 875 1777 rhythmici

238 1783 386 1818 vocant,
414 1784 448 1811 et
481 1781 526 1811 ad
551 1780 737 1812 clausulam
761 1785 874 1812 trans-

239 1825 368 1862 fertum
392 1834 424 1857 v.
450 1822 672 1864 Spanhem.
705 1826 750 1856 ad
769 1824 874 1856 Calli-

240 1869 351 1900 mach.
385 1869 510 1909 Hymn.
542 1870 580 1900 in
609 1870 727 1910 Apoll.
759 1881 791 1901 v.
816 1869 872 1903 12.

240 1912 459 1945 Weiskius
483 1913 529 1945 ad
553 1914 703 1956 Longin.
735 1925 766 1955 p.
793 1913 872 1948 444.

241 1962 275 1990 et
296 1957 525 1991 Hermann.
550 1959 573 1990 l.
600 1970 628 1993 c.

287 2001 556 2043 ἐκλέγεσθαί
590 2014 631 2035 τε
668 2001 710 2034 τὰ
748 2011 872 2044 προε-

241 2044 400 2088 ἥκοντα
423 2050 489 2089 'Tl
527 2048 643 2090 ltaque
667 2048 769 2080 Plato
794 2048 872 2079 libr.

239 2091 303 2124 VI.
338 2102 372 2132 p.
398 2091 471 2125 764.
501 2091 540 2127 O.
566 2103 642 2134 sqq.
667 2093 741 2124 vult
764 2093 872 2133 magi-

239 2140 367 2168 stratus
398 2139 525 2177 creari,
557 2139 616 2178 qui
650 2137 801 2169 musicae
839 2141 873 2169 et

239 2181 472 2221 gymnasticae
496 2183 668 2223 praesint,
692 2186 796 2223 atque
820 2182 872 2213 in-

236 2226 357 2265 primis
372 2226 560 2266 diligenter
579 2227 756 2266 definiant‚
767 2237 871 2267 quae-

237 2279 317 2301 nam
340 2272 493 2302 carmina
517 2276 551 2303 et
574 2272 631 2312 qui
658 2271 756 2303 chori
785 2272 870 2312 legi-

237 2314 301 2345 bus
326 2315 394 2345 sint
418 2317 687 2356 comprobanda,
711 2321 749 2347 ut
771 2326 870 2356 prae-

237 2362 291 2390 ter
325 2359 483 2399 publicos
521 2371 708 2402 sacrosque
749 2365 870 2392 cantus

237 2413 339 2434 nemo
363 2413 426 2434 nec
450 2410 589 2437 cantare
605 2406 792 2447 quidquam
807 2415 871 2437 nee

239 2448 366 2479 saltare
404 2449 546 2492 audeat,
584 2451 717 2482 musica
755 2454 870 2481 autem

239 2492 354 2524 valeat
383 2502 444 2532 eo,
472 2498 510 2524 ut
542 2498 576 2525 et
609 2492 686 2535 ipss
708 2499 870 2526 canentes

240 2537 419 2577 erigantur
449 2541 483 2568 et
514 2539 711 2580 quicunque
742 2540 870 2571 virtute

240 2584 275 2613 et
304 2581 477 2621 probitate
508 2583 743 2623 eminuerunt,
769 2584 870 2616 iustis

240 2625 399 2666 laudibus
423 2625 632 2660 afficiantur.
656 2639 687 2661 v.
703 2628 783 2660 libr.
800 2628 869 2662 Vll.

939 1164 972 1195 p.
998 1153 1077 1188 800.
1107 1154 1152 1185 A.
1186 1151 1227 1184 Β.
1258 1151 1335 1186 801.
1360 1153 1402 1184 Ε.
1428 1152 1507 1186 812.
1532 1153 1564 1185 Β.

941 1198 980 1230 c.
1006 1199 1083 1234 816.
1111 1197 1150 1231 c.
1178 1197 1275 1229 vm.
1302 1208 1334 1239 p.
1357 1198 1437 1232 829.
1464 1199 1503 1230 u.
1528 1198 1566 1230 E.

940 1243 1017 1278 835.
1046 1250 1085 1276 Α.
1110 1244 1154 1275 al.

984 1310 1027 1341 E.
1077 1307 1285 1351 ἡγεμόνες
1317 1328 1360 1334 -
1393 1310 1568 1351 γίγνων-

940 1354 1034 1396 tan]
1058 1355 1184 1395 Iunge:
1201 1353 1363 1397 ἡγεμόνες
1386 1351 1569 1394 ἀσπασμοῦ

940 1397 1174 1441 προεήκονιος
1211 1398 1311 1441 ἠθῶν
1347 1400 1501 1441 χρηστῶν
1539 1409 1569 1440 γ.

940 1446 1069 1476 duces
1104 1446 1300 1478 existant
1328 1446 1378 1477 ad
1409 1445 1570 1485 probos

940 1499 1081 1521 mores
1106 1491 1433 1531 amplexandos.
1482 1490 1568 1522 Voc.

940 1530 1117 1573 α’σπασμόε
1146 1537 1292 1567 recurrit
1322 1535 1415 1566 infra
1442 1534 1509 1565 XI.
1535 1544 1568 1574 p.

939 1579 1017 1613 919.
1042 1580 1084 1611 Ε.

986 1647 1057 1688 τῆς
1099 1645 1163 1678 ἐπὶ
1207 1644 1251 1679 τὸ
1295 1645 1462 1687 πλῆθος·
1501 1656 1565 1686 φε-

941 1689 1126 1733 ρούσης]
1141 1701 1204 1733 ea,
1219 1701 1326 1733 quae
1339 1691 1388 1723 ad
1412 1691 1569 1731 vulgus

939 1736 1153 1777 ipsosque
1190 1737 1339 1778 poetas
1377 1736 1570 1776 pertinet

940 1790 968 1812 s.
1005 1786 1180 1821 spectat.
1238 1781 1330 1812 Nam
1368 1779 1485 1821 φέρειν
1521 1780 1570 1811 εἴς

941 1836 969 1856 τι
999 1836 1027 1857 s.
1059 1825 1147 1867 πρός
1179 1836 1224 1865 ιι,
1253 1826 1287 1857 id
1318 1825 1412 1866 quod
1442 1835 1569 1866 oppor-

939 1875 1023 1901 tune
1046 1873 1181 1902 monuit
1206 1871 1373 1910 Astius,
1397 1870 1570 1901 interdum

940 1915 1066 1947 dicitur
1089 1917 1151 1954 sic,
1175 1919 1213 1946 ut
1238 1917 1296 1947 sit:
1322 1916 1373 1946 ad
1397 1915 1570 1955 aliquid

938 1960 1114 1992 tendere
1152 1970 1178 1993 s,
1215 1964 1432 2001 spectare:
1468 1969 1569 1999 quam

939 2006 975 2036 in
1001 2014 1072 2036 rem
1100 2005 1154 2036 vir
1168 2006 1288 2037 doctus
1303 2005 1458 2036 laudavit
1475 2004 1568 2036 Val-

939 2049 1052 2081 cken.
1081 2048 1205 2090 Opusc.
1234 2050 1275 2083 Τ.
1293 2049 1333 2083 ll.
1361 2059 1393 2089 p.
1408 2048 1486 2082 216.
1513 2049 1567 2081 ed.

938 2094 1034 2134 Lips.

984 2140 1076 2168 τοῖς
1101 2135 1144 2168 δὲ
1167 2134 1304 2168 πάντα
1330 2134 1373 2167 τὰ
1398 2137 1490 2178 τρία
1506 2136 1565 2178 -]

939 2182 1021 2224 Seii.
1056 2178 1219 2223 ἀναγκαῖά
1260 2180 1365 2219 ἐστιν,
1404 2191 1567 2223 quorsum

937 2227 1096 2268 perducit
1143 2231 1378 2267 antegressum
1425 2223 1565 2268 ἀνάγκη.

945 2271 1043 2304 Τοῖς
1067 2269 1110 2302 δὲ
1133 2271 1240 2305 intell.
1266 2282 1376 2308 senes,
1401 2272 1460 2312 qui
1485 2271 1567 2303 cho-

936 2327 1012 2348 rum
1071 2316 1279 2348 Bacchicum
1340 2318 1564 2349 constituunt.

937 2361 1029 2393 Dein
1065 2365 1272 2393 structuram
1308 2361 1509 2397 verborum,
1545 2357 1566 2401 ἢ

935 2404 1100 2446 μηδέποτε
1130 2424 1173 2429 —
1203 2405 1399 2447 γίγνεσθαι,
1429 2406 1459 2437 si
1488 2406 1565 2447 quis

935 2451 1052 2491 cupiat
1093 2450 1263 2483 firmatam
1308 2451 1492 2491 exemplis,
1534 2450 1564 2481 is

935 2495 1038 2527 adeat
1089 2505 1178 2535 quae
1230 2495 1474 2527 annotavimus
1520 2494 1566 2526 ad

935 2539 1076 2572 Menon.
1100 2549 1134 2580 p.
1157 2539 1212 2573 96.
1237 2539 1282 2573 D.
1308 2538 1415 2580 Gorg.
1433 2550 1466 2580 p.
1485 2537 1564 2572 492.

935 2583 981 2617 D.
1006 2583 1125 2625 Remp.
1151 2584 1215 2617 VI.
1238 2594 1270 2625 p.
1293 2583 1370 2618 490.
1389 2584 1433 2617 A.
1460 2583 1566 2615 Prae-

935 2632 1030 2662 terea
1053 2629 1214 2661 advertas
1238 2638 1366 2670 quaeso
1387 2637 1566 2660 numerum
