1612 2872
169 99 252 142 DE
289 92 563 139 LEGIBUS
596 89 717 134 LIB.
747 87 834 131 ΙΙΙ.
877 86 926 128 P.
959 84 1056 125 685.
1091 80 1156 124 St.
1294 80 1371 121 291

19 220 306 278 ἀφικομένης.
354 215 532 268 πρῶτον
569 213 649 266 μὲν
686 206 770 263 γὰρ
816 203 920 255 τοὺς
948 199 1242 256 Ἡρακλείδας
1284 198 1373 239 τῶν

24 286 283 332 Πελοπιδῶν
313 282 523 338 ἀμείνους
546 277 735 334 ἡγοῦντο
759 271 989 330 ἀρχόντων
1007 268 1232 325 ἄρχοντας
1253 268 1376 321 ἔχειν,

21 353 143 399 ἔπειτ’
185 346 242 395 αὖ
274 349 322 394 τὸ
358 349 660 404 στρατόπεδον
680 345 816 387 τοῦτο
843 339 922 383 τοῦ
942 342 1010 383 ἐπὶ
1028 334 1205 391 Τροίαν
1218 331 1379 392 ἀφικο-

21 427 153 478 μένου
189 423 412 477 διαφέρειν
458 414 570 470 πρὸς
604 409 794 469 ἀρετήν·
843 410 1113 460 νενικηκέναι
1151 399 1237 456 γὰρ
1278 398 1380 474 τυν-

23 507 147 540 totve,
193 486 426 540 ἡττᾶσθαι
471 482 509 526 δ’
562 479 647 524 ὑπὸ
703 478 875 522 τούτων
926 479 1134 519 ἐκείνους,
1177 469 1382 524 Ἀχαιους

22 557 156 607 ὄντας
202 553 287 598 ὑπὸ
336 558 543 605 Δωριέων.

612 543 626 557 ἵ
670 546 677 558 Ι

601 566 662 604 αι»

731 545 811 601 οὐχ
870 543 1011 594 οὕτως
1059 534 1256 591 οἰόμεθα
1309 538 1382 579 καί

25 641 109 667 τινι
146 624 322 675 διανοίᾳ
358 618 540 677 τοιαύτῃ
576 611 991 665 κατασκευάζεσθαι
1029 609 1133 654 τοὺς
1169 603 1296 654 ΐόϊεζ

116 742 252 775 καλῶς
284 738 335 772 ὡς
366 737 536 779 ἐδόκει]
573 735 683 768 καλῶς
715 731 762 766 ὥς
792 731 904 765 ἐδόκει
939 731 1379 767 A.B.R.E.v,h.f.r.a.c·

25 789 94 825 δ.σ.
120 798 197 822 curn
223 786 304 819 Ald.
332 786 416 819 Lov.
445 785 540 817 Bass.
567 783 642 817 1.2.
668 780 862 822 Stephanus
893 775 939 810 ὥς
962 778 1102 813 delexit.

117 832 248 867 ἔπειτ’
276 828 330 864 αὖ
355 829 401 863 τὸ
428 827 756 871 στρατόπεδον)
773 825 893 868 steph.
912 821 1010 857 αὐτὸ.
1027 825 1126 858 Voss.
1149 825 1263 856 ἔπειτα
1281 833 1381 864 σιρα-

29 880 184 915 ιόπεδον.

122 927 160 961 Ε,
197 926 268 957 και·
297 936 377 955 τινι
410 922 587 966 διανοίᾳ
620 918 825 960 τοιαύτῃ]
866 917 979 960 Vulgo
1006 917 1235 950 scribebatur:
1266 916 1321 947 καὶ
1346 914 1384 955 τῇ

30 1006 104 1038 ciue
130 1004 287 1037 iniuriam
314 1002 491 1042 inferrent,
516 1011 578 1042 pro
594 1010 674 1032 arce

29 1057 133 1094 atque
164 1050 375 1082 munimento
408 1046 539 1079 habitas
583 1056 672 1079 esse.

30 1097 102 1131 Nec
134 1106 217 1129 vero
253 1093 378 1140 πάντα
403 1103 465 1136 per
501 1103 540 1126 se
578 1097 675 1125 recte

31 1154 94 1187 pro
118 1141 315 1175 accusativo
339 1140 499 1172 absoluto
526 1139 675 1181 accipie-

32 1196 107 1228 tur,
141 1188 197 1230 qui
229 1187 271 1220 ad
311 1186 492 1229 participia
529 1185 675 1228 ἀνευρη-

31 1240 116 1279 μόνη
135 1238 172 1266 et
194 1234 509 1274 κατακεκοσμημένη
534 1233 584 1264 ita
597 1241 676 1273 per-

33 1282 158 1319 tineat,
193 1285 229 1312 ut
254 1281 302 1311 sit
325 1280 437 1311 omni
465 1288 513 1312 ex
539 1281 671 1321 parte.

35 1327 127 1360 Huic
159 1326 249 1359 enim
274 1325 395 1358 rationi
431 1324 485 1357 vel
518 1323 604 1357 ordo
640 1327 675 1355 et

35 1372 217 1406 collocatio
243 1372 426 1405 verborum
460 1370 673 1404 adversatur.

36 1420 155 1461 ltaque
190 1422 302 1450 ταῦτα
340 1416 524 1450 tenendum
555 1425 675 1448 cense-

36 1475 123 1504 mus,
151 1464 243 1505 quod
270 1468 413 1506 propter
435 1467 675 1504 antegressum

36 1515 97 1552 τῆς
129 1506 237 1552 α’ρχῆς
267 1512 330 1551 τῆς
362 1510 497 1541 ἐκείνων
529 1518 677 1550 praepo·

37 1562 130 1590 stere
160 1557 193 1588 iu
218 1555 415 1588 femininum
448 1552 577 1595 ταύτην
601 1563 678 1586 mu-

37 1608 144 1636 tatum
171 1606 236 1635 est.
277 1601 359 1634 -Alia
383 1601 570 1633 difficultas
594 1599 676 1632 hae-

36 1653 89 1682 ret
114 1648 145 1680 iu
172 1647 362 1689 proximis,
391 1647 447 1680 uhi
472 1645 572 1679 codd.
599 1656 677 1678 cum

40 1693 115 1728 ald.
147 1693 278 1726 Lovan.
311 1693 400 1725 Bass
453 1693 486 1728 1.
516 1693 549 1726 2.
593 1692 676 1725 scri-

37 1746 131 1784 ptum
158 1738 318 1772 exhibent
347 1740 456 1775 καλῶς
486 1737 530 1776 ὡς
553 1737 676 1778 ἐδόκει,

39 1785 134 1829 quod
161 1784 410 1827 Stephanus
440 1784 531 1817 duce
555 1784 677 1816 Ficino

40 1834 76 1865 in
99 1834 207 1868 καλῶς
230 1829 341 1863 ἐδόκει
366 1831 520 1862 mutavit.
553 1830 676 1862 Verum

41 1881 73 1911 in
116 1880 213 1909 tauta
250 1877 411 1909 librorum
455 1876 683 1908 consensione

44 1923 202 1966 equidem
229 1923 386 1954 voculam
403 1919 460 1956 ὡς
480 1931 546 1954 non
571 1922 681 1954 ausim

45 1967 237 2003 extrudere.
265 1967 440 2002 Quorirca
461 1966 609 2000 fortasse
627 1978 683 1999 sa-

44 2017 111 2048 tius
145 2014 317 2046 videbitur
349 2008 392 2055 ἧν
423 2014 588 2046 omissum
621 2023 685 2055 pu-

43 2067 132 2099 tare,
175 2070 381 2102 quamquam
419 2070 461 2092 ea
505 2059 688 2101 explicatio

43 2109 172 2142 incerta
199 2106 369 2138 videbitur
398 2105 497 2139 lectis
514 2106 568 2143 iis,
597 2115 687 2146 quae

46 2153 236 2192 prudenter
271 2153 433 2193 exposuit
471 2151 687 2185 Matthiae

48 2197 199 2232 Gr..Gr.
229 2198 260 2239 §.
293 2198 372 2233 553.
404 2202 519 2232 annot.
570 2198 686 2240 Atque

48 2245 112 2277 hoc
147 2244 259 2286 ipsum
300 2243 614 2278 Schneiderum
652 2247 687 2276 et

51 2289 234 2324 Herman
246 2300 335 2323 num
357 2291 541 2332 permovit,
551 2294 588 2323 ut
602 2289 686 2322 hanc

50 2336 233 2370 lectionem
266 2335 484 2378 effingerent:
525 2334 614 2379 πρὸς
645 2334 686 2378 δὴ

51 2378 179 2415 ταῦτ’
221 2376 268 2423 ἦν
302 2379 409 2415 πάντα
451 2383 516 2415 κτλ.
580 2383 684 2417 Quod

51 2429 80 2461 si
105 2428 182 2470 quis
214 2438 319 2465 aegre
343 2429 434 2462 ferat
465 2434 606 2470 propter
636 2430 686 2461 in-

52 2474 278 2507 solentiorem
303 2475 396 2507 verbi
422 2470 465 2517 ἦν
489 2476 691 2508 collocatio-

54 2529 147 2561 nem,
170 2530 274 2552 uuum
291 2519 324 2552 id
339 2521 549 2564 relinquitur,
573 2526 610 2554 ut
633 2526 695 2553 aut

53 2567 164 2602 καλωε
188 2562 235 2600 ὥς
267 2565 390 2599 eodem
416 2567 520 2602 modo
544 2568 692 2608 accipia-

55 2623 146 2651 mus,
170 2622 240 2654 quo
258 2612 399 2654 dicitur,
419 2613 625 2653 θαυμασίως
639 2610 696 2651 ὥς,

56 2655 247 2701 ὑπερφυῶς
287 2655 348 2697 ὥς,
391 2659 605 2700 θαυμαστῶς
635 2656 695 2694 ὥς.

61 2704 185 2738 Plu-ed.
210 2716 242 2748 p.
269 2704 325 2739 66.
354 2708 396 2738 A.
422 2706 540 2748 Symp.
566 2718 597 2749 p.
616 2706 695 2740 173.

743 997 783 1030 C.
818 1008 850 1040 p.
882 997 961 1032 200.
997 997 1034 1031 Β.
1086 997 1142 1029 De
1168 996 1256 1038 Rep.
1289 995 1318 1026 Ι.
1350 1005 1382 1036 p.

742 1044 822 1078 331.
853 1047 891 1075 Α.
916 1045 977 1082 al.;
1002 1047 1062 1076 aut
1088 1041 1260 1086 participii
1284 1050 1385 1074 usum

743 1089 866 1124 exinde
891 1089 1122 1131 declaremus,
1146 1087 1245 1130 quod
1263 1096 1386 1131 paren-

743 1136 908 1170 theticum
943 1136 1034 1168 istud
1075 1132 1122 1168 ιᾶς
1160 1132 1273 1166 ἐδόκει
1307 1143 1385 1166 cum

743 1184 874 1224 reliqua
915 1183 1073 1216 oratioue
1111 1183 1161 1215 ita
1200 1181 1385 1213 conflatum

736 1231 809 1270 sit,
834 1233 872 1261 ut
897 1226 944 1261 ais
968 1229 997 1260 vi
1022 1239 1084 1261 sua
1110 1233 1275 1269 tauquam
1301 1236 1389 1259 exo-

743 1278 865 1314 lescat,
887 1276 984 1318 quod
998 1275 1136 1317 quidem
1153 1274 1390 1315 subsequente

743 1322 909 1355 infinitivo
932 1331 998 1354 nou
1013 1332 1091 1354 raro
1110 1323 1155 1353 ita
1171 1320 1245 1353 fieri
1266 1323 1388 1351 osten-

745 1369 859 1401 dimus
873 1368 915 1401 ad
927 1368 1056 1401 Phileb.
1074 1379 1106 1410 p.
1119 1367 1174 1402 20.
1187 1367 1226 1400 D.
1238 1364 1387 1398 Phaedr.

747 1426 780 1457 p.
813 1415 892 1450 272.
925 1415 964 1447 D.
1006 1413 1241 1458 Euthyphron.
1278 1422 1313 1454 p.
1353 1411 1388 1447 4,

749 1461 787 1494 Ε.
813 1461 861 1493 Et
886 1465 1094 1502 postremam
1118 1458 1253 1501 quidem
1280 1458 1389 1491 ratio-

749 1517 825 1540 nem
884 1507 1036 1540 fatemur
1078 1506 1179 1539 nobis
1235 1506 1390 1537 omnium

749 1554 900 1586 maxime
924 1553 1032 1585 videri
1065 1550 1390 1585 commendabilem.

749 1600 914 1632 Ceterum
954 1601 987 1632 in
1028 1597 1095 1631 his:
1127 1595 1148 1640 ἦ
1186 1598 1252 1630 τοῦ
1289 1607 1390 1639 στρα-

750 1643 897 1678 τοπέδου
931 1663 975 1669 -
1007 1641 1219 1686 κατασκευή,
1266 1653 1391 1677 nomen

746 1693 958 1725 abstractum
998 1702 1061 1734 pro
1094 1695 1260 1724 concreto
1295 1691 1390 1733 posi-

747 1744 820 1772 tum
849 1743 921 1779 est3
952 1739 1078 1770 etenim
1107 1736 1322 1779 significatur
1355 1735 1393 1768 τὸ

749 1784 1062 1827 κατεσκευασμένον
1091 1780 1336 1826 στρατόπεδον.

796 1831 835 1863 Ε.
870 1831 1151 1872 νενικηκέναι
1187 1827 1264 1871 γὰρ
1299 1827 1393 1861 τού-

752 1877 874 1920 τους]
912 1877 1110 1909 Prouomen
1153 1873 1302 1907 τούτους
1334 1885 1397 1916 per

752 1924 890 1965 synesin
910 1922 1061 1954 refertur
1084 1921 1127 1954 ad
1155 1919 1192 1952 τὸ
1219 1919 1274 1952 ἐπὶ
1296 1917 1396 1962 Τροί-

754 1980 794 2001 αν
819 1964 1032 2008 ἀφικόμενον
1060 1965 1303 2010 στρατόπεδον.
1348 1966 1401 1999 ΒΕ

754 2024 822 2056 qua
847 2015 959 2054 synesi
986 2024 1015 2045 v.
1039 2014 1082 2046 ad
1110 2025 1141 2056 p.
1167 2013 1246 2048 70‘1.
1267 2013 1308 2046 Ε.
1333 2013 1397 2045 IX.

758 2072 789 2103 p.
816 2060 893 2095 876.
931 2061 967 2094 B.
994 2059 1056 2092 Xl.
1082 2070 1115 2101 p.
1143 2059 1222 2094 933.
1249 2059 1290 2091 Ε.
1319 2059 1396 2092 Xll.

759 2118 790 2150 p.
809 2106 892 2141 945.
909 2107 953 2139 E.
971 2105 1051 2141 950.
1077 2107 1120 2138 A.
1146 2107 1231 2139 Dein
1254 2116 1319 2147 pro
1345 2102 1399 2146 ›7‘1-

756 2153 884 2185 τᾶσθαι
926 2153 952 2185 Β
961 2164 982 2185 ο
993 2163 1011 2183 e
1023 2162 1041 2184 c
1050 2153 1070 2185 k
1083 2151 1100 2184 h
1109 2153 1150 2185 iu
1162 2163 1179 2184 s
1231 2147 1404 2194 ἡττῆσθαι

755 2199 937 2242 legendum
986 2199 1138 2239 censuit,
1186 2199 1402 2231 assentiente

757 2246 908 2286 Astio,
951 2246 1046 2277 libris
1084 2244 1245 2277 omuibus
1277 2245 1399 2277 adver-

756 2292 922 2326 santibus.
973 2290 1150 2323 Ficinus
1180 2295 1317 2324 tamen:
1351 2291 1401 2324 ll-

756 2341 821 2371 los
863 2338 913 2370 ab
953 2337 1056 2370 istis
1095 2337 1237 2370 fuisse
1275 2347 1401 2379 supe*

758 2395 798 2417 ra
808 2388 822 2416 t
832 2394 852 2415 o
864 2394 891 2416 s.
920 2382 993 2416 Nec
1005 2383 1143 2416 dubium
1157 2383 1304 2423 videtur,
1322 2393 1401 2425 per-

761 2430 890 2463 fectum
913 2429 995 2469 quin
1019 2430 1152 2462 restitui
1179 2429 1316 2463 Platoni
1342 2429 1403 2461 ‹le-

765 2477 856 2509 best.
909 2475 1000 2508 Victi
1031 2480 1144 2508 autem
1179 2482 1259 2508 sunt
1285 2474 1408 2508 Achivi

763 2522 806 2555 ab
833 2521 1029 2555 Heraclidis
1054 2532 1082 2554 s.
1109 2522 1258 2555 Doribus
1284 2523 1317 2554 in
1337 2521 1405 2555 Pe-

764 2570 990 2612 loponnesum
1016 2568 1177 2602 reversis.

812 2660 855 2692 E.
887 2655 958 2703 ἆρ’
993 2657 1072 2702 οὐχ
1098 2656 1408 2701 οὕτως-τούς

770 2705 896 2750 πάτερ]
933 2716 1080 2740 nonne
1105 2708 1170 2740 ita
1196 2710 1407 2749 putamus

999 2762 1102 2802 19*

1411 318 1448 360 E
