1612 2872
228 96 451 139 CLXXII
627 95 744 137 PRO
753 96 789 136 L
799 94 1109 136 EGOMENA

227 208 271 248 in
298 208 420 249 testis
451 206 625 247 Baccho
657 204 790 246 sacris
828 203 949 245 Libr.
983 202 1060 244 VI.
1091 216 1132 256 p.
1164 204 1256 244 775.
1290 202 1340 244 Β.
1401 202 1566 257 Itaque

227 262 527 318 philosophus,
559 276 624 313 e0,
656 259 708 301 de
740 273 824 312 quo
855 258 1011 313 agitur,
1051 257 1147 298 loeo
1177 257 1230 299 de
1259 258 1362 299 viris
1389 263 1567 299 tautum

229 324 273 359 et
292 319 478 359 ‘senibus
516 316 721 370 disputat.
791 314 960 357 Similia
1003 318 1145 354 autem
1182 313 1401 368 praecepit
1431 313 1488 358 eti
1502 328 1567 354 am

229 373 356 429 Reip.
387 374 443 415 V.
473 389 514 427 p.
545 372 641 412 468.
677 370 729 411 E.

339 481 570 522 Praeterea
609 495 710 522 vero
742 480 871 521 etiam
902 478 1019 521 aliud
1050 477 1154 534 quid
1184 484 1264 531 est,
1297 478 1413 533 quod.
1441 479 1560 519 Zel-

228 537 378 578 lerus
418 535 567 578 eodem
610 538 697 578 fere
736 536 831 578 loco
877 542 926 577 ut
969 535 1109 576 minus
1138 535 1409 576 Platonicum
1439 539 1566 576 notat

215 599 274 633 Ἴει
311 591 515 647 exagitat.
585 593 772 633 Miratur
802 591 912 632 enim
953 591 1151 643 criticus,
1193 590 1310 644 quod
1348 590 1488 645 Legg.
1526 589 1566 629 I.

227 663 270 702 p.
302 648 396 689 636.
428 648 466 688 Β
496 662 590 702 sqq.
622 648 750 690 VIII.
782 663 820 702 p.
851 649 946 690 836.
988 646 1038 688 C.
1071 646 1173 688 ibid.
1206 662 1248 700 p.
1281 647 1379 688 837.
1411 644 1569 688 A—E.

228 719 271 759 p.
299 704 394 745 838.
425 703 478 744 E.
508 719 550 758 p.
581 705 675 746 841.
703 704 757 744 Ι).
788 718 906 744 amor
931 702 1144 744 masculus
1183 707 1303 742 tanta
1333 700 1569 742 severitate

230 758 481 810 damnetur,
514 774 643 813 quum
675 765 819 800 tamen
847 759 973 800 Plato
1003 758 1105 799 alibi
1134 757 1187 798 de
1217 756 1367 798 eodem
1397 756 1470 797 illo
1502 756 1565 796 le-

229 816 328 856 nius
366 814 501 856 multo
539 821 668 868 atque
705 815 956 856 clementius
986 814 1185 855 statuerit
1213 812 1409 867 adeoque
1439 812 1484 852 in
1517 825 1570 852 eo

228 870 485 912 iudicaverit
518 885 721 925 magnum
761 869 978 924 quoddam
1015 869 1184 911 virtutis
1234 884 1284 910 ac
1334 867 1570 923 sapientiae

211 925 492 982 ,praesidium
526 932 570 966 et
598 925 889 967 adiumentum
918 925 1107 981 positum
1145 939 1252 966 esse.
1314 923 1438 976 Quae
1470 923 1569 976 qui-

230 982 328 1023 dem
367 981 605 1023 criminatio
647 987 811 1022 tantum
839 981 961 1022 abest
989 987 1039 1022 ut
1066 980 1134 1022 vel
1161 979 1424 1022 levissimam
1455 979 1568 1019 veri-

230 1038 331 1080 tatis
359 1037 546 1092 speciem
574 1036 747 1090 habeat,
779 1042 827 1077 ut
855 1036 971 1078 omni
999 1051 1051 1078 ex
1082 1042 1206 1090 parte
1235 1035 1346 1076 falsa
1375 1049 1424 1076 ac
1455 1034 1568 1075 ficti-

231 1095 300 1135 cia
335 1092 545 1134 videatur.
610 1092 836 1147 Nusquam
879 1092 991 1133 enim
1020 1091 1146 1132 Plato
1177 1105 1363 1132 amorem
1393 1089 1565 1132 foedum

231 1156 276 1191 et
304 1148 360 1190 ad
398 1149 614 1204 vulgarem
644 1149 865 1190 libidinem
893 1147 1167 1203 proclivem,
1192 1146 1267 1201 qui
1296 1147 1353 1190 in.
1375 1145 1570 1201 Legibus

230 1204 480 1260 repudiatur
508 1211 725 1258 tamquam
757 1204 1040 1257 detestabilis,
1070 1203 1159 1244 ullo
1189 1202 1319 1244 modo
1351 1201 1569 1255 probavit,

231 1262 301 1302 eui
333 1259 437 1315 quid
476 1259 706 1302 adhaereat
762 1259 1042 1315 turpitudinis
1071 1259 1199 1299 etiam
1227 1258 1272 1299 in
1301 1255 1499 1298 Phaedro
1530 1272 1570 1310 p.

232 1318 326 1359 250.
357 1317 412 1357 D.
443 1332 485 1371 p.
516 1316 612 1358 251.
640 1317 696 1358 A.
729 1318 824 1357 ⁸256.
854 1316 906 1356 B.
936 1314 989 1358 C.
1048 1314 1117 1355 De
1148 1314 1256 1368 Rep.
1286 1312 1373 1353 ΙΙΙ.
1404 1329 1446 1367 p.
1476 1313 1572 1354 403.

233 1372 286 1413 B.
318 1387 383 1426 sq.
413 1373 509 1415 463.
539 1370 590 1412 C.
621 1371 738 1425 alibi,
784 1371 975 1426 apertius
1012 1369 1262 1412 declaravit.
1331 1368 1425 1410 Imo
1478 1368 1572 1410 ubi-

233 1442 403 1482 cunque
442 1442 627 1468 amorem
670 1442 903 1483 puerorum
938 1427 1094 1482 probat
1132 1425 1198 1467 vel
1237 1424 1408 1476 laudat,
1452 1423 1572 1464 utin

233 1483 489 1539 Symposio,
530 1483 574 1524 in
606 1483 830 1536 Phaedro,
878 1483 923 1524 in
955 1481 1207 1537 Republica,
1246 1481 1291 1523 in
1321 1478 1570 1532 Charmide,

233 1538 294 1580 ibi
324 1546 440 1581 certe
473 1554 558 1580 non
590 1539 719 1580 alium
750 1538 984 1591 intellexit,
1018 1553 1145 1592 quam
1174 1537 1404 1578 honestum
1433 1535 1572 1588 illum,

233 1601 401 1636 castum
441 1601 484 1635 et
514 1610 786 1649 generosum,
820 1595 894 1648 qui
933 1594 983 1635 τὸ
1015 1591 1152 1635 καλὸν
1183 1596 1256 1635 καὶ
1286 1589 1469 1643 ἀγαθόν
1500 1590 1573 1631 ha-

232 1650 336 1692 beat
373 1650 639 1706 propositum
671 1657 802 1704 atque
840 1650 894 1691 ad
933 1647 1252 1703 suscipiendum
1290 1646 1574 1700 alendumque

232 1706 405 1747 virtutis
449 1712 494 1747 et
521 1706 762 1759 sapientiae
793 1705 983 1746 studium
1015 1710 1179 1745 tantum
1208 1703 1374 1755 valeat,
1407 1708 1454 1743 ut
1483 1701 1573 1742 ani-

233 1777 326 1803 mos
357 1762 486 1802 etiam
516 1760 571 1802 ad
600 1761 853 1803 insolentius
880 1761 1120 1802 divinarum
1151 1774 1291 1800 rerum
1314 1757 1572 1799 desiderium

233 1817 376 1872 possit
428 1817 621 1860 evehere.
690 1816 831 1869 Quem
872 1815 1044 1870 quidem
1083 1830 1268 1856 amorem
1320 1813 1572 1855 nobiliorem

235 1873 520 1927 philosophus
571 1873 698 1913 etiam
738 1873 780 1913 in
822 1872 1016 1927 Legibus
1057 1872 1175 1912 Libr.
1220 1869 1347 1911 VIII.
1398 1885 1440 1924 p.
1480 1870 1573 1910 837.

234 1930 287 1970 B.
319 1953 373 1959 —
396 1929 449 1970 E.
480 1928 653 1970 disertis
685 1928 828 1970 verbis
859 1929 912 1970 ab
944 1927 1116 1969 humilis
1149 1941 1198 1967 ac
1225 1924 1388 1968 sordidi
1419 1923 1574 1967 amoris

234 1999 393 2040 genere
433 1984 648 2034 subtiliter
690 1990 975 2037 accurateque
1007 1982 1216 2025 distinxit.
1276 1981 1492 2033 Quocirca
1520 1994 1573 2020 ne

235 2041 267 2082 ii
297 2040 473 2094 quidem
514 2040 626 2093 loci,
671 2054 780 2094 quos
830 2040 1081 2081 Zellerus
1130 2037 1186 2078 ad
1233 2033 1572 2078 confirmandam

235 2096 493 2137 sententiam
523 2110 643 2138 suam
673 2096 831 2148 attulit,
863 2095 985 2136 aliter
1014 2099 1115 2135 sunt
1144 2091 1411 2147 accipiendi,
1443 2105 1571 2144 quum

235 2150 299 2192 illi
329 2167 478 2193 omnes
510 2167 594 2193 non
625 2151 681 2192 ad
711 2151 880 2192 foedam
910 2155 1175 2203 taetramque
1196 2147 1431 2198 libidinem,
1464 2161 1573 2200 quae

236 2208 280 2248 in
319 2208 515 2262 Legibus
556 2222 703 2249 severe
743 2214 935 2259 arcetur,
988 2204 1065 2247 sed
1102 2203 1157 2245 ad
1195 2203 1352 2244 amoris
1391 2201 1573 2243 nobilio-

236 2263 294 2304 ris
345 2264 533 2304 rationes
581 2264 830 2304 referantur.
908 2262 1020 2304 Nam
1067 2260 1110 2301 in
1160 2259 1357 2300 Phaedro
1399 2256 1571 2311 quidem

269 2349 278 2359 .
323 2319 419 2360 2:36.
458 2318 538 2367 D„
577 2319 651 2360 ubi
682 2317 976 2373 disputatione
1012 2315 1065 2357 de
1097 2314 1242 2356 divino
1275 2327 1418 2356 amore
1447 2312 1572 2354 abso-

253 2379 328 2415 uta
365 2379 529 2414 amator
565 2379 608 2414 et
647 2380 830 2427 amatus,
861 2372 898 2415 si
936 2372 1065 2413 vitam
1107 2370 1267 2426 degant
1304 2369 1570 2410 ambitiosam

238 2428 413 2483 quidem
452 2439 495 2475 et
532 2428 671 2471 laudis
709 2435 753 2470 et
792 2427 966 2470 honoris
1005 2426 1229 2481 cupidam,
1270 2440 1349 2467 uec
1379 2439 1480 2465 vero
1510 2423 1572 2464 di-

236 2485 361 2541 vinae
421 2484 657 2540 sapientiae
705 2498 1016 2538 usquequaque
1071 2497 1322 2535 memorem,
1373 2480 1573 2520 dicuntur

237 2539 532 2596 imprudentes
570 2541 614 2581 in
650 2534 887 2595 lubidinem
916 2552 1043 2595 posse
1071 2537 1286 2588 incidere,
1324 2550 1403 2577 nec
1433 2541 1571 2576 tamen

239 2595 337 2638 ideo
376 2596 643 2651 gravissimis
683 2595 909 2650 suppliciis
956 2594 1074 2649 digni
1106 2609 1222 2645 esse,
1274 2591 1396 2634 facile
1437 2596 1571 2645 patet,
