1612 2872
235 103 318 146 DE
348 102 625 147 LEGIBUS
657 102 777 145 LIB.
810 101 895 146 111.
928 102 976 143 P.
1009 103 1103 146 700.
1137 100 1202 144 St.

1304 86 1394 144 '355

37 238 161 267 παισι
198 225 243 266 δὲ
278 239 353 266 και
389 224 619 276 na13oe2w2
623 230 689 272 οῖς
724 224 806 267 καὶ
833 224 893 277 τῷ
929 209 1115 276 πλείστα)
1154 219 1282 299 ὄχλοι,
1313 218 1394 277 ῥα-

35 294 147 347 βδου
190 289 469 346 κοσμούσης,
506 288 531 341 ἡ
576 285 844 342 νουθέτησις
892 292 1096 344 ὲὶίγνετο.
1143 287 1270 331 ταῦτ
1313 303 1395 330 ουν

28 358 154 402 οὕτω
200 364 472 412 τετα>μένως
514 356 690 409 ἢθελεν
720 358 946 411 ἀρχεσθαι
989 359 1079 399 τῶν
1117 357 1311 398 πολιτῶν
1345 354 1395 395 τὸ

25 429 244 479 πλῆθος,
280 427 352 468 καὶ
401 425 462 479 μὴ
498 426 672 479 τολμᾶν
714 428 876 479 κρίνειν
915 423 987 466 διὰ
1029 423 1249 480 θορύβου.
1286 420 1397 478 μετὰ

39 497 84 537 δὲ
129 496 273 536 ταῦτα
319 493 560 546 προϊόντος
610 495 689 535 τοὺ
732 493 909 549 χρόνου>
944 490 1160 548 ἄρχοντες
1205 494 1286 547 μὲν
1320 493 1400 543 τῆς

39 562 244 615 ἀμούσου
297 564 582 614 παρανομίας
635 554 840 612 nonnus
873 564 1100 614 ἐγίγνοντο
1143 558 1275 618 ᾳύσει
1318 561 1399 613 μὲν

30 631 280 682 ποιητικοί,
317 627 574 680 ἀγνώμονες
622 630 666 669 δὲ
711 630 808 682 περὶ
855 627 904 670 τὸ
943 630 1116 670 δίκαιον
1153 629 1233 679 τῆς
1270 626 1400 669 ,Μού-

68 811 75 823 -.
131 783 170 816 G.
219 774 488 825 δεδογμένον
512 779 714 824 ἀκούειν]
741 781 800 814 Sic
828 783 870 813 A.
892 782 933 813 B.
960 780 998 814 Ω.
1027 783 1064 815 Ξ.
1091 784 1113 814 t'.
1140 783 1174 814 h.
1200 793 1230 815 a.
1259 793 1287 814 c.
1315 780 1343 812 δ.
1369 793 1400 813 o.

40 830 136 863 Male
161 829 269 871 vulgo
295 828 493 869 δεδομένον.

45 971 81 1001 in
105 968 199 1003 ludis
223 967 374 1008 publicis
390 967 516 999 adesse
530 968 692 999 solebant

45 1012 238 1067 ῥαβδοῦχοι
285 1024 312 1046 s.
352 1009 594 1055 ῥαβδοφόροι,
631 1009 689 1056 ῥα-

44 1057 226 1103 βδονόμοι,
242 1061 303 1100 qui
319 1058 488 1093 curabant
509 1066 548 1091 ut
572 1061 691 1092 omnia

45 1108 172 1140 decore
196 1106 416 1148 honesteque
445 1107 571 1139 fierent
596 1107 691 1139 ordi-

45 1155 169 1196 nisque
210 1153 412 1185 turbatores
458 1158 521 1185 aut
557 1154 691 1185 silentii

45 1206 209 1242 ruptores
260 1199 548 1240 compescebant,
597 1201 692 1241 quod

46 1252 193 1279 vocatur
211 1249 362 1285 κοσμεῖν.
408 1243 472 1277 Κό
484 1256 530 1285 σμ
541 1257 559 1276 ο
570 1254 585 1277 s
600 1247 691 1278 enim

46 1294 168 1326 Attice
191 1292 214 1323 i.
242 1302 275 1333 q.
305 1289 408 1332 τάξις,
434 1293 472 1324 'et
499 1296 693 1332 κοσμεῖν,

46 1340 72 1372 i.
88 1350 123 1382 q.
150 1336 287 1375 τάττειν,
313 1337 509 1370 διατάττειν.
545 1338 694 1372 Stetisse

47 1396 131 1418 vero
156 1386 210 1418 illi
235 1385 398 1416 videntur
420 1386 457 1417 in
475 1385 692 1438 hyposcenio

46 1442 160 1474 prope
216 1431 405 1485 thymelen.
477 1431 502 1463 S
520 1443 541 1463 u
555 1434 567 1463 i
583 1433 602 1464 d
619 1442 639 1464 a
653 1443 692 1465 s·

49 1475 308 1532 ῥαβδοῦχον
344 1472 432 1519 ἦσαν
461 1475 515 1510 ἐπὶ
541 1479 599 1520 τῆς
622 1478 691 1510 θυ-

48 1523 149 1566 μέληε·
181 1520 406 1567 ῥαβδοφόροι
439 1523 540 1562 τινές,
569 1536 602 1556 οι
635 1525 694 1567 τῆς

48 1567 236 1610 ευκοσμιάε
265 1568 424 1610 ἐμέλοντο
454 1572 520 1602 τῶν
544 1571 692 1605 θεατῶν.

50 1616 231 1649 S'uidasz
258 1610 347 1658 ἦσαν
376 1613 430 1647 ἐπὶ
456 1617 517 1658 τῆς
540 1616 693 1659 θυμέλης

45 1659 276 1705 ῥαβδοφόροι
303 1660 390 1694 τινὲς
419 1661 507 1704 πρὸς
530 1659 692 1705 εὐταξίαν

50 1710 117 1741 τῶν
141 1709 290 1741 θεατῶν.
338 1708 484 1742 Schol.
521 1709 612 1742 Plat.
642 1710 691 1742 ΙΙ.

50 1767 84 1798 p.
100 1755 180 1790 325.
197 1757 252 1787 ed.
267 1754 400 1787 Bekk.:
426 1751 533 1797 ρἀβδ
549 1757 692 1797 οῦχοι·

52 1799 177 1844 ἄνδρες
206 1801 266 1843 τῆς
295 1804 362 1832 τῶν
400 1799 562 1843 θεάτρων
592 1799 692 1834 εὐκο-

54 1849 154 1887 σμίας
177 1844 446 1886 ἐπιμελούμενοι.
483 1848 694 1889 Exemplum

54 1894 105 1926 rei
130 1898 226 1926 extat
251 1893 346 1934 apud
360 1892 394 1924 D
408 1895 572 1926 emosth
585 1905 645 1926 en.
659 1897 695 1926 in

55 1940 145 1972 Mid.
169 1950 204 1981 p.
231 1938 310 1973 572.
344 1939 398 1970 ed.
425 1939 544 1972 Reisk.
594 1940 697 1973 Cete-

54 1997 131 2019 rum
162 1996 205 2018 ex
237 1986 306 2018 hoc
345 1986 424 2018 loco
454 1987 699 2028 intelligimus,

54 2033 226 2065 eiusmodi
249 2032 457 2074 spectaculis
475 2037 581 2076 atque
606 2034 698 2066 ludis

54 2079 161 2111 etiam
198 2079 318 2121 pueris
355 2089 426 2110 una
468 2090 544 2111 cum
588 2081 700 2112 servis

56 2125 274 2181 paedagogis
298 2125 469 2157 interesse
492 2127 647 2159 licuisse

103 2167 222 2203 ταῦτ’
251 2165 330 2203 οὖν
357 2169 474 2203 οὕτω
507 2172 700 2215 τεταγμέ-

58 2225 146 2248 νως
158 2218 239 2259 —]
277 2217 581 2251 Heindorfius
615 2218 701 2261 Spe-

59 2264 138 2296 cim.
169 2263 327 2296 Coniect.
355 2274 389 2306 p.
422 2264 479 2300 32.
514 2266 701 2307 legendum

60 2309 229 2342 coniecit:
254 2309 386 2342 τούτων
423 2308 515 2343 οὕτω
546 2311 700 2354 τεταγμέ-

59 2366 142 2387 νων.
190 2355 263 2389 Sed
291 2366 363 2388 non
397 2366 485 2400 opus
510 2363 563 2391 est
588 2363 702 2391 muta-

60 2403 168 2434 tione.
216 2402 309 2434 Nam
334 2402 437 2434 ταῦτα
461 2414 526 2445 pro
559 2415 702 2437 accusa-

59 2449 135 2479 tivo
166 2448 326 2481 absoluto
358 2451 603 2491 accipiendum
637 2456 704 2491 est,

61 2499 100 2525 ut
124 2495 298 2527 sententia
321 2495 509 2529 verborum
527 2498 578 2529 sic
593 2498 706 2539 possit

61 2539 250 2575 declarari2
284 2541 328 2572 In
360 2539 426 2574 his
466 2544 610 2585 igitur
641 2554 704 2576 se-

61 2587 248 2619 cundum
278 2586 390 2620 hunc
419 2590 626 2622 ordinem
652 2591 706 2622 ci-

62 2633 180 2665 vium
215 2633 462 2668 multitudo
505 2636 595 2669 sibi
638 2647 706 2669 vo-

61 2679 145 2711 luit
168 2679 398 2721 imperari.

106 2723 152 2756 D.
199 2723 403 2777 ᾇρχοντες
426 2725 502 2766 μὲν
526 2746 564 2751 -
584 2738 706 2769 ποιη-

760 967 881 998 τικοί
902 965 968 1007 —J
1002 964 1221 999 Procedente
1246 971 1403 1008 tempore

757 1014 808 1046 ait
834 1014 884 1044 ita
904 1011 1034 1043 factum
1059 1022 1148 1054 esse,
1165 1018 1203 1044 ut
1227 1013 1296 1055 ipsi
1318 1013 1403 1055 poe-

757 1065 834 1100 tae,
858 1059 1003 1099 ingenio
1037 1059 1179 1100 quidem
1211 1059 1265 1091 illi
1300 1069 1404 1101 prae-

759 1111 911 1145 stantes,
937 1115 1001 1137 nec
1031 1115 1116 1138 vero
1145 1107 1260 1138 iustae
1289 1116 1331 1139 ac
1355 1106 1403 1138 le-

759 1154 902 1194 gitimae
926 1161 1048 1184 musae
1073 1154 1158 1185 satis
1189 1153 1314 1194 gnari,
1340 1152 1404 1185 has

758 1200 852 1240 leges
883 1199 1069 1230 violarent.
1123 1199 1266 1231 Etenim
1297 1209 1405 1240 quum

760 1246 878 1278 omnia
902 1245 947 1276 ad
972 1245 1094 1286 populi
1118 1246 1268 1287 gratiam
1290 1251 1324 1278 et
1343 1256 1404 1278 vo-

760 1291 906 1334 luptatis
921 1291 1192 1324 oblectationem
1209 1302 1404 1325 accommo-

761 1339 845 1371 dare
878 1342 1112 1379 conarentur,
1142 1340 1294 1380 pristina
1323 1339 1404 1372 sim-

760 1385 916 1427 plicitate
941 1385 1076 1425 relicta,
1096 1390 1289 1427 coeperunt
1304 1386 1405 1418 varia

761 1437 924 1464 cantuum
961 1441 1090 1472 genera
1125 1432 1217 1464 male
1255 1432 1403 1465 confun-

761 1479 862 1518 dere,
893 1479 1008 1510 modis
1042 1482 1076 1509 et
1106 1478 1300 1511 harmoniis
1330 1479 1405 1511 suis

762 1535 864 1567 quam
890 1525 1077 1556 maximam
1093 1526 1301 1557 varietatem
1324 1535 1408 1558 con-

761 1571 1052 1612 ciliare,denique
1066 1571 1156 1603 nihil
1172 1581 1243 1603 non
1258 1576 1408 1612 tentare,

762 1627 830 1659 quo
855 1627 978 1649 sensus
1004 1619 1160 1650 suaviter
1178 1619 1408 1650 titillarentur

761 1668 867 1705 atque
915 1664 1080 1696 mollibus
1124 1669 1159 1696 et
1198 1664 1407 1697 effeminatis

761 1710 979 1742 audientium
998 1710 1182 1743 affectibus
1205 1712 1405 1753 indulgere-

761 1761 828 1788 tur.
908 1755 994 1788 Rem
1059 1758 1217 1799 graviter
1270 1758 1410 1790 notavit

762 1802 958 1844 acerbeque
973 1804 1181 1844 perstrinxit
1195 1804 1301 1837 etiam
1311 1806 1344 1836 A
1354 1815 1372 1836 r
1380 1805 1407 1836 i-

763 1849 1012 1889 stophanes
1036 1849 1154 1882 Nubb.
1181 1861 1214 1882 v.
1237 1850 1307 1884 332
1332 1861 1407 1892 sqq.

765 1896 858 1926 Avv.
885 1905 916 1928 v.
938 1894 1008 1928 334
1036 1905 1111 1937 sqq.
1147 1907 1180 1928 v.
1213 1895 1307 1930 1390
1330 1907 1407 1939 sqq.

766 1942 811 1972 al.
827 1940 1053 1982 reprehendit
1067 1942 1150 1973 item
1170 1941 1410 1974 Aristoxenus

765 1986 942 2027 Mnsicus,
974 1988 1072 2018 cuius
1103 1987 1209 2021 effata
1249 1989 1292 2020 de
1327 2000 1409 2021 παι-

767 2031 862 2076 δήμῳ
894 2033 949 2064 καὶ
983 2034 1116 2074 ποικίλῃ
1147 2035 1315 2076 μουσικῇ,
1341 2045 1411 2078 qua.

768 2078 807 2111 τὰ
838 2078 970 2121 θέατρα
1007 2077 1334 2123 ἐκβεβαρβάρωται,
1373 2085 1411 2114 ut

767 2127 827 2158 ille
874 2126 1015 2168 quidem
1058 2128 1245 2169 iudicavit,
1289 2133 1411 2161 extant

768 2173 862 2215 apud
895 2173 1051 2205 Athen.
1086 2173 1215 2215 Deipn.
1247 2174 1349 2207 XIV.
1374 2185 1408 2217 p.

768 2219 848 2254 632.
883 2219 929 2250 A.
963 2218 1188 2252 Plutarch.
1228 2220 1285 2253 De
1311 2220 1410 2260 Mus.

768 2276 802 2306 p.
835 2265 936 2300 1142.
979 2264 1021 2297 Β.
1062 2265 1275 2300 Themist.
1310 2267 1411 2301 Orat.

769 2311 951 2344 XXXIII.
977 2322 1009 2353 p.
1035 2311 1128 2353 364„
1151 2314 1325 2347 illustrata
1349 2315 1413 2347 illa

770 2369 791 2390 a
820 2358 1000 2390 Mahnio
1036 2358 1152 2392 Diatr.
1190 2360 1234 2392 de
1273 2363 1412 2394 Aristo-

770 2415 863 2437 xeno
896 2414 929 2446 p.
960 2403 1039 2438 117.
1064 2404 1142 2440 160.
1169 2411 1203 2438 et
1227 2407 1306 2442 166.
1354 2408 1412 2439 Ex

771 2451 1027 2483 recentioribus
1073 2454 1302 2495 scriptoribus
1343 2455 1412 2486 ele-

773 2498 978 2539 gantissime
990 2497 1033 2529 de
1056 2498 1112 2531 his
1130 2500 1236 2533 rebus
1250 2500 1414 2542 exposuit

773 2542 1059 2586 Barthelemy
1094 2546 1131 2577 in
1160 2546 1282 2579 Itiner.
1313 2547 1411 2579 Ana-

767 2590 886 2623 chara.
922 2590 996 2622 Vol.
1021 2591 1090 2624 111.
1128 2601 1162 2633 p.
1186 2592 1232 2627 80
1256 2604 1332 2636 sqq.
1359 2593 1413 2624 ed.

772 2636 1222 2691 Biester.Cap.XXV11.

820 2677 1069 2725 ἀγνώμονες
1096 2683 1138 2716 δὲ
1163 2685 1260 2726 περὶ
1292 2681 1336 2716 τὸ
1362 2682 1413 2724 δ.]

775 2727 966 2763 Grammat.
993 2731 1029 2761 in
1054 2730 1248 2763 Bekkeri
1282 2731 1414 2763 Anecd.

1028 2787 1140 2828 23*
