1612 2872
247 92 329 145 280
713 91 1090 134 PLATONIS

135 215 214 255 683
246 223 361 261 μονα
399 209 637 248 κατοίκισιν
670 203 835 256 αὐτήν,
880 203 932 255 ἢν
977 205 1097 263 ὑμεῖς
1140 205 1294 262 ὀρθῶς
1329 211 1458 265 ἔφατε
1494 225 1567 250 κα-

247 251 496 323 τοικεῖσ.
531 272 602 311 καὶ
641 269 819 324 Κρήτην
856 268 912 319 ὡς
945 270 1152 329 ἀδελφοῖς
1184 272 1347 328 νόμοις.
1384 275 1464 315 νῦν
1491 267 1569 315 οὖν

245 334 296 386 δὴ
334 335 511 378 τοσόνδε
547 336 888 388 πλεονεκτοῦμεν
922 338 973 395 τῇ
1009 336 1151 396 πλάνῃ
1187 340 1266 381 τοῦ
1301 337 1461 391 λόγου,
1497 338 1568 381 διὰ

243 401 470 443 πολιτειῶν
504 401 635 442 τινῶν
657 404 728 443 καὶ
764 405 1054 457 κατοικισμῶν
1079 401 1400 454 διεξελθόντες·
1437 407 1570 446 ἐθεα-

244 467 425 519 σάμεθα
461 464 637 520 πρώτην
686 482 728 508 τε
764 468 836 508 καὶ
873 469 1076 522 δευτέραν
1121 472 1192 510 καὶ
1238 474 1386 523 τρίτην
1429 469 1569 517 πόλιν,

241 530 466 581 ἀλλήλων,
503 529 559 580 ὡς
592 530 808 585 οἰόμεθα,
844 539 942 581 ταῖς
973 537 1254 576 κατοικίσεσιν
1290 538 1492 589 ἐχομένας
1526 540 1571 576 ὲν

239 596 401 651 χρόνου
437 597 556 646 τινὸς
587 595 766 651 μήκεσιν
801 596 1017 649 ἀπλέτοις.
1068 601 1148 641 νῦν
1194 602 1237 641 δὲ
1286 599 1337 650 δὴ
1387 599 1571 654 τετάρτη

243 679 307 711 τις
352 660 455 715 ἡμῖν
502 661 616 713 αὕτη
652 662 798 711 πόλις,
842 668 876 704 εὶ
920 666 964 706 δὲ
1010 664 1248 718 βούλεσθε,
1295 668 1432 714 ἔθνος
1479 663 1571 717 ἥκει

170 736 206 776 Β
242 726 598 782 κατοικιζόμενόν
630 731 673 769 τὲ
708 743 812 769 ποτε
848 732 919 771 καὶ
956 732 1036 772 νῦν
1071 736 1402 784 κατῳκισμένον.
1437 730 1487 781 ἐξ
1511 725 1571 771 ὧν

241 791 452 836 ἁπάντων
486 793 523 836 εἴ
555 809 597 835 τι
623 792 812 844 ξυνεῖναι
847 794 1098 848 δυνάμεθα,
1135 799 1176 838 τί
1213 812 1256 838 τε
1290 797 1430 845 καλῶς
1464 794 1488 848 ἢ
1510 795 1568 849 μὴ

241 862 519 913 κατῳκίσθη,
557 861 628 900 καὶ
665 863 784 900 ποῖοι
817 859 945 911 νόμοι
977 859 1183 912 σώζουσιν
1220 860 1364 902 αὐτῶν
1401 858 1454 902 τὰ
1491 876 1570 903 σω-

243 925 398 980 ζόμενα
434 929 505 967 καὶ
543 932 662 966 ποῖοι
690 928 929 980 φθείρουσι
960 925 1011 968 τα
1044 926 1335 983 φθειρόμενα,
1371 929 1442 968 καὶ
1471 925 1570 968 ἀντὶ

333 1049 417 1092 Cap.
455 1050 489 1081 V.
524 1051 563 1082 P.
594 1051 672 1085 683.
706 1054 778 1082 νῦν
811 1047 887 1082 οὖν
920 1050 968 1093 δὴ
1004 1051 1208 1095 τοσόνδε]
1234 1053 1272 1093 δὴ
1294 1053 1569 1095 ignoratSteph.

248 1105 324 1126 rum
349 1096 386 1126 Ξ.
435 1094 504 1127 Pro
533 1094 673 1127 τοσόνδε
701 1096 797 1128 Voss.
826 1106 875 1137 pr.
903 1100 1081 1130 τοσοῦτον.

334 1143 430 1171 ταῖς
460 1141 761 1172 κατοικίσεσιν
795 1140 872 1182 ἐχ.]
921 1142 978 1174 Sic
1003 1143 1045 1176 A.
1065 1142 1103 1175 B.
1124 1141 1214 1176 Ω.Ξ.
1232 1153 1302 1175 s.c.
1320 1153 1351 1174 ο.
1372 1153 1404 1174 x.

244 1182 491 1226 κατοικήσεσιν.
541 1212 543 1214 .

333 1230 400 1261 καὶ
433 1233 509 1262 νῦν
545 1229 891 1273 κατῳκισμένον]
931 1232 984 1262 καὶ
1015 1229 1080 1273 πρὸ
1111 1232 1176 1264 νῦν
1207 1232 1284 1265 Par.
1318 1234 1362 1264 A.
1398 1233 1498 1266 Voss.
1535 1237 1571 1264 et

1458 1143 1571 1184 Vulgo

256 1317 357 1350 ’καὶ
378 1317 552 1362 Κρήτην
584 1317 635 1355 ὥς
668 1316 876 1361 α’δελφοῖς
939 1319 1120 1363 δόντες]
1148 1320 1272 1359 Rarior
1294 1320 1398 1353 dictio
1423 1330 1484 1362 pro
1508 1332 1570 1352 no·

243 1362 422 1406 ro'poooc}
444 1363 709 1397 constructione
736 1366 873 1405 paullu-
940 1365 1063 1400 λιτείας
1101 1363 1193 1402 τινάς
1234 1364 1471 1399 διεξελθόντες
1507 1366 1571 1408 (τῷ

242 1410 312 1441 lum
336 1409 459 1440 inflexa
485 1414 565 1451 post
589 1411 765 1441 relativum
792 1419 872 1451 pro-

243 1462 366 1486 nomen
390 1454 533 1486 infertur
548 1453 602 1485 καὶ
627 1453 779 1495 Κρήτην,
805 1463 873 1495 quo

239 1498 457 1530 commodius
481 1500 705 1540 subiungatur
716 1496 762 1530 ὥς
776 1495 872 1530 ἀδελ-

239 1547 316 1583 φοῖς
326 1541 458 1584 νόμοις.
475 1543 615 1576 Fallitur
628 1545 716 1576 enim
729 1548 752 1574 A
764 1544 872 1575 stius

239 1588 296 1618 καὶ
333 1586 477 1628 Κρήτην
506 1588 655 1629 pendere
695 1591 791 1620 ratus
831 1597 873 1619 ex

243 1628 403 1672 ἀδελφοῖς
428 1630 564 1674 νόμοις,
580 1632 870 1674 quemadmodum

241 1674 365 1717 δ’μυιος
381 1680 415 1708 et
439 1675 462 1708 o‘
476 1673 585 1713 αιῖτός
609 1686 683 1709 cum
709 1677 766 1707 καὶ
790 1686 869 1708 con-

239 1724 406 1753 nectatur.
457 1720 520 1753 Oui
554 1722 702 1762 opinioni
731 1723 782 1754 vel
808 1721 873 1752 hoc

241 1765 458 1803 adversatur,
491 1766 582 1807 quod
619 1767 651 1797 in
690 1765 751 1798 hac
789 1775 871 1797 con-

241 1811 428 1843 structione
464 1811 519 1842 καὶ
544 1810 714 1842 adiectivo
749 1808 872 1851 ὅμοιος

240 1864 408 1895 nunqnam
451 1855 691 1895 anteponitur,
733 1864 871 1896 semper

241 1901 468 1941 postponitur,
499 1900 623 1941 Itaque
649 1903 727 1941 post
752 1896 791 1939 ἢν
811 1899 871 1931 de-

239 1944 317 1977 inde
343 1945 398 1975 καὶ
413 1943 552 1985 Κρήτην
577 1944 657 1988 addi
673 1945 870 1976 existiman-

239 1988 319 2021 dum
346 1994 399 2021 est
416 1990 577 2029 liberius,
613 1993 649 2021 ut
673 1989 805 2021 Criton.
838 1999 870 2027 ρ.

238 2034 294 2068 45.
323 2033 365 2065 Ει
391 2034 514 2070 οἵτινές
538 2046 573 2066 σε
588 2034 664 2075 οὐχὶ
688 2033 871 2074 ἐσώσαμεν,

237 2075 322 2111 οὐδὲ
345 2077 383 2110 σὺ
412 2076 560 2118 σαυτόν,
593 2075 668 2110 οἶόν
691 2090 728 2110 τε
752 2075 791 2109 ὃν
815 2080 872 2108 καὶ

238 2121 396 2156 δυνατόν.
423 2122 614 2164 Xenopb.
639 2123 767 2164 Cyrop.
787 2123 869 2154 VII.

237 2168 271 2207 2,
295 2167 351 2202 27.
377 2168 527 2203 Anabas.
551 2168 580 2202 1.
605 2168 645 2208 4,
672 2168 715 2202 9.·
747 2164 808 2204 οὓς
836 2169 871 2198 θῖ

237 2211 352 2254 Σύροι
377 2212 486 2248 θεοὺς
501 2212 655 2256 ἰνόμιζον
673 2212 727 2244 καὶ
741 2212 871 2244 ἀδικεῖν

240 2255 302 2288 οὐκ
331 2258 424 2298 εἴων,
459 2254 538 2289 ου’δὲ
568 2257 630 2293 τὰς
658 2255 868 2300 περιστεράς.

241 2301 291 2332 De
315 2310 377 2332 usn
409 2312 483 2334 voc.
513 2300 661 2343 ἀδελφός
690 2312 720 2333 v.
753 2305 868 2333 nostra

239 2344 282 2377 ad
295 2344 423 2380 Phileb.
440 2357 468 2380 e.
477 2346 519 2380 X.
532 2347 707 2380 Phaedon.
722 2356 750 2378 c.
763 2346 866 2378 LVll.

239 2394 276 2422 et
306 2399 395 2431 quae
425 2396 658 2432 exposuerunt
694 2391 868 2423 Bastius

239 2438 275 2466 et
299 2434 521 2467 Schaefer.
553 2436 595 2468 ad
622 2435 768 2477 Gregor.
798 2434 869 2467 Co-

236 2477 334 2510 rinth.
360 2489 391 2521 p.
406 2479 485 2513 569.
515 2481 678 2512 Bakius
702 2480 745 2512 sd
763 2479 869 2513 Cleo·

237 2522 326 2557 med.
358 2535 390 2566 p.
415 2523 496 2558 439.
533 2525 790 2566 Krabinger.
826 2523 867 2555 ad

235 2567 356 2611 Synes.
395 2568 510 2602 Fabul.
541 2570 690 2611 Aegypt.
726 2580 759 2610 p.
789 2568 866 2603 217.

280 2611 346 2644 διὰ
388 2615 613 2646 πολιτειῶν
635 2632 673 2638 -
713 2614 867 2650 διεξελ-

942 1408 1060 1452 λόγῳ).

984 1451 1262 1495 ἐθεασάμεθα
1303 1453 1472 1496 πρώτην
1509 1454 1569 1498 -—]

940 1499 1036 1531 Haec
1052 1499 1258 1540 epexegesin
1282 1500 1458 1531 continent
1474 1505 1569 1532 aute·

937 1553 1153 1584 gressorum:
1192 1543 1364 1575 τοιόνδε
1404 1545 1570 1576 ultore·

939 1590 1130 1628 κτοῦμεν
1159 1591 1201 1632 τῇ
1229 1587 1338 1627 πλάνῃ
1364 1591 1427 1619 τοῦ
1451 1587 1569 1631 λόγου.

984 1629 1195 1671 ἀλλήλων,
1219 1629 1272 1668 ὦς
1297 1630 1508 1673 οἰόμεθα,
1529 1651 1570 1657 -

938 1672 1160 1717 ἅηλέτοις]
1195 1676 1454 1717 primordiis
1479 1679 1570 1710 suis

938 1721 1052 1753 inter
1098 1730 1141 1751 se
1189 1725 1337 1752 mutuo
1386 1722 1570 1760 iunctas,

937 1766 998 1797 ita
1022 1770 1069 1797 ut
1093 1764 1246 1796 ordine
1272 1765 1448 1805 quodam
1475 1777 1569 1808 per—

939 1814 1066 1850 petuo
1108 1810 1320 1842 immenso
1358 1812 1569 1852 temporis

938 1855 1079 1895 spatio
1132 1855 1354 1895 paullatim
1412 1857 1568 1890 extite-

939 1900 1029 1931 rint.
1062 1898 1306 1940 Nan-patrum
1333 1900 1475 1933 familias
1500 1912 1567 1943 gu-

939 1944 1174 1976 bernationem
1206 1945 1342 1985 excepit
1366 1947 1568 1986 optimatum

939 1989 1142 2030 imperium,
1168 1988 1258 2029 quod
1286 1990 1446 2031 deinceps
1472 2000 1568 2023 secu-

940 2038 974 2064 ta
1008 2039 1060 2066 est
1085 2043 1202 2073 regum
1232 2034 1429 2066 dominatio.
1481 2036 1569 2068 Male

940 2078 1044 2119 vulgo
1082 2082 1162 2119 post
1199 2078 1358 2120 ἐχομένας
1397 2084 1568 2113 commate

938 2122 1096 2155 distincta
1120 2123 1232 2154 oratio
1258 2126 1320 2155 est.
1347 2123 1397 2156 De
1412 2123 1569 2162 ἀπλέτοις

939 2177 968 2199 v.
994 2177 1096 2208 supra
1119 2177 1154 2207 p.
1183 2166 1261 2201 676.
1287 2167 1326 2199 C.

981 2212 1049 2243 καὶ
1095 2214 1167 2242 νῦν
1203 2214 1566 2255 κατῳκισμένον]

937 2255 1039 2291 Quod
1065 2254 1190 2288 liabent
1214 2256 1313 2288 codd.
1330 2257 1467 2298 quidam
1482 2258 1568 2290 alio—

936 2301 1015 2342 quin
1053 2301 1354 2342 praestantissimi,
1391 2301 1445 2333 καὶ
1487 2301 1562 2344 πρό

935 2348 996 2377 νῦν
1023 2357 1068 2383 u.,
1099 2346 1132 2377 id
1159 2356 1200 2378 ex
1233 2346 1359 2379 infelici
1383 2347 1564 2379 verborum

933 2390 1215 2431 interpretatione
1240 2395 1353 2423 ortum
1377 2401 1567 2424 censemus.

978 2434 1020 2466 B.
1061 2437 1097 2467 εἴ
1135 2447 1177 2467 τι
1221 2435 1410 2469 ξυνεῖναι
1448 2435 1565 2468 δυνά-

933 2481 1072 2521 μεθα]
1123 2480 1159 2513 si
1197 2479 1296 2522 qnid
1336 2481 1438 2513 inde
1473 2490 1564 2522 per-

935 2524 1113 2566 spicere
1153 2525 1279 2557 etiam
1318 2534 1564 2567 possumus,

934 2578 1013 2610 qua
1046 2569 1085 2601 in
1110 2579 1154 2601 re
1177 2573 1298 2601 recte
1330 2574 1403 2602 aut
1426 2570 1563 2602 minus

935 2617 1051 2646 recte
1075 2614 1239 2646 fuerint
1265 2613 1488 2647 instituta.
1512 2614 1562 2646 De
