1612 2872
185 960 222 999 Ι)

255 116 338 156 430
737 113 1107 156 PLATONIS

257 229 285 271 ἁ
331 245 466 286 φασιν
512 229 643 278 εἶναι,
687 227 831 281 μα’την
867 229 1092 282 εἰρῆσθαι.
1144 231 1309 281 λέγεται
1361 232 1405 272 δὲ
1454 227 1586 272 ’τοῦδ’

258 300 379 338 ἕνεκα
417 293 559 336 ταῦθ’
601 292 716 348 ἡμῖν,
752 292 810 343 ὠς
844 291 965 347 ἡμεῖς
1001 296 1052 354 τῇ
1087 295 1138 353 σῇ
1163 293 1286 337 πόλει
1307 294 1449 351 ἀρχὰς
1485 293 1584 338 οὔθ’

259 359 330 403 ὅτι
365 358 574 408 πλούσιός
609 362 673 407 ὲςί
707 375 771 408 τις
808 357 1020 414 δώσομεν,
1058 356 1168 402 οὔθ’
1211 357 1281 402 ὅτι
1317 363 1403 403 τῶν
1438 361 1590 404 τοιού-

262 441 347 467 των
389 422 497 467 ἄλλο
548 422 676 467 οὐδὲν
711 431 987 478 κεκτημένος,
1034 423 1156 480 ἰσχὺν
1186 422 1213 477 ἢ
1257 430 1451 480 μέγεθος
1488 424 1513 478 ἦ
1553 443 1593 468 τι

258 495 399 542 γένος’
435 489 485 540 ὃς
520 488 558 532 δ’
599 487 658 531 ἂν
691 499 784 540 τοῖς
814 493 982 533 τεθεῖσι
1017 491 1167 545 νόμοις
1202 490 1515 542 εὐπειθέςατός
1550 508 1592 534 τε

259 551 283 615 ᾗ
322 558 395 598 καὶ
432 557 533 610 νικᾷ
582 555 748 607 ταύτην
798 554 878 607 τὴν
922 560 1044 607 νίκην
1089 562 1135 598 ὲν
1171 558 1221 616 τῇ
1258 556 1404 607 πόλει,
1452 556 1593 611 τούτῳ

260 623 408 678 φαμὲν
453 623 527 663 καὶ
572 619 652 672 τὴν
705 623 792 663 τῶν
840 624 963 664 θεῶν
1005 621 1245 676 ὑπηρεσίαν
1289 625 1439 667 δοτέον
1484 624 1593 666 εἶναι

259 686 341 739 τὴν
374 690 553 742 μεγίςην
588 688 646 741 τῷ
682 685 853 742 πρώτῳ,
889 690 961 730 καὶ
998 691 1202 743 δευτέραν
1240 690 1298 742 τῷ
1335 687 1389 731 τὰ
1412 689 1592 745 δεύτερα

259 755 518 808 κρατοῦντι,
574 754 646 794 καὶ
705 751 817 795 κατὰ
865 753 998 806 λόγον
1043 751 1156 796 οὕτω
1204 763 1295 804 τοῖς
1341 755 1493 812 ἐφεξῆς
1538 754 1591 796 τὰ

257 817 366 873 μετὰ
411 817 554 861 ταῦθ’
603 822 736 866 ἕκαςα
773 817 1019 862 ἀποδοτέον
1054 818 1176 861 εἶναι.
1213 818 1315 869 τούς
1349 820 1391 862 δ’
1433 819 1591 876 ἄρχον-

260 901 339 934 τας
375 886 632 938 λεγομένους
665 886 748 926 νῦν
764 882 982 939 ὑπηρέτας
1010 892 1102 934 τοῖς
1132 885 1288 939 νόμοις
1321 883 1502 928 ἐκάλεσα
1541 885 1592 928 οὔ

261 967 301 993 τι
338 953 625 1005 καινοτομίας
659 948 893 1004 ὀνομάτων
930 954 1077 1000 ἕνεκα,
1113 949 1214 992 ἀλλ’
1256 950 1446 1005 ἡγοῦμαι
1483 968 1591 993 παν-

259 1014 336 1066 τὸς
369 1018 540 1070 μᾶλλον
575 1014 686 1058 εἶναι
722 1014 841 1071 παρὰ
879 1017 1014 1059 τοῦτο
1051 1019 1269 1071 σωτηρίαν
1306 1032 1352 1059 τε
1380 1015 1501 1060 πόλει
1522 1022 1594 1059 καὶ

260 1081 535 1125 τούναντίον.
580 1086 625 1123 ὲν
660 1074 685 1140 ᾗ
720 1084 800 1134 μὲν
833 1079 918 1136 γὰρ
953 1079 1010 1124 ἂν
1044 1079 1286 1136 ἀρχόμενος
1318 1075 1344 1141 ᾖ
1382 1084 1454 1125 καὶ
1490 1081 1592 1125 ἄκυ-

260 1165 337 1205 ρος
373 1146 531 1202 νόμος,
566 1146 759 1205 φθοράν
794 1145 882 1202 ὁρῶ
919 1149 970 1207 τῇ
1007 1146 1188 1207 τοιαύτῃ
1220 1151 1396 1202 ἑτοίμην
1432 1142 1592 1191 οὖσαν·

351 1276 391 1309 Ε.
441 1273 459 1307 ὁ
489 1275 563 1315 μὲν
595 1273 645 1316 δὴ
675 1273 807 1313 θεὸς]
850 1273 886 1306 δὲ
916 1275 1054 1316 Origen.
1094 1274 1296 1308 Plutarchus
1331 1287 1410 1309 vero
1443 1276 1484 1319 δὴ
1515 1284 1594 1319 post

259 1319 347 1353 θεὸς
377 1322 534 1353 collocat.
586 1321 668 1353 Dein
703 1331 766 1363 pro
800 1318 910 1363 ὥςπερ
941 1321 1070 1353 Euseb.
1098 1317 1232 1352 Theod.
1259 1322 1375 1362 Cyriii.
1403 1321 1459 1354 ὡς.
1511 1324 1595 1355 Post

260 1363 364 1408 ἀρχήν
389 1367 520 1398 omittit
554 1377 587 1397 τε
611 1366 737 1398 Eu'eeb.
763 1366 882 1409 Cyriii.
907 1367 1028 1398 Iustin.
1058 1366 1101 1399 Μ.
1118 1365 1328 1399 Theodoret.
1380 1368 1488 1400 Etiam
1518 1379 1593 1410 par-

968 1485 1043 1508 rere
1078 1475 1268 1508 didicisset.
1298 1477 1386 1509 cons.
1414 1478 1506 1510 Libr.
1533 1479 1592 1510 vl.

967 1531 999 1562 p.
1030 1521 1106 1554 762.
1134 1521 1172 1553 Ε.
1205 1522 1396 1555 Ariston
1430 1523 1504 1555 Pol.
1530 1524 1591 1555 IV.

261 1476 423 1517 πενήτων,
436 1476 452 1517 ἡ
473 1477 508 1508 δὲ
523 1474 849 1508 πλουσίων.του’των
864 1476 900 1507 δὲ

261 1524 294 1553 ἐν
311 1523 455 1564 ἑκατέρᾳ
480 1520 569 1553 πάνυ
595 1522 729 1560 πολλαί,
754 1533 783 1554 κ.
810 1533 841 1552 τ.
869 1522 898 1556 λ.

262 1567 317 1599 Ad
351 1567 496 1599 civitatis
534 1567 677 1599 salntem
711 1569 825 1598 autem
859 1575 898 1598 ac

263 1617 465 1654 perpetuam
493 1611 690 1644 felicitatem
712 1612 811 1652 plane
836 1621 894 1642 ne-

262 1659 408 1689 cessaria
426 1661 479 1689 est
489 1656 672 1688 concordia
687 1661 722 1689 et
736 1656 896 1687 conveni-

260 1703 353 1734 entia
383 1702 530 1734 omnium
566 1701 709 1741 partium
745 1710 893 1732 suni-um.

260 1757 291 1777 v.
320 1747 430 1788 Legg.
459 1747 482 1778 Ι.
512 1756 544 1786 p.
575 1746 655 1780 627.
683 1746 721 1778 C.
745 1763 789 1770 —-
815 1745 894 1780 628.

262 1792 300 1823 D.
334 1792 402 1823 ΙΙΙ.
436 1802 468 1831 ρ.
499 1790 578 1824 692.
613 1790 653 1823 Ο.
679 1810 722 1815 -
748 1791 826 1825 693.
853 1791 893 1822 C.

261 1835 320 1870 IX.
347 1847 378 1878 p.
402 1835 480 1870 875.
510 1840 548 1867 A.
575 1835 668 1868 Vm.
694 1845 725 1877 p.
748 1835 826 1869 828.
851 1835 896 1866 D.

259 1881 359 1923 Reip.
392 1881 456 1913 IV.
490 1891 521 1921 p.
556 1879 634 1914 419.
670 1899 713 1904 -
742 1880 821 1914 422.
857 1880 894 1912 V.

259 1925 337 1960 46].
366 1925 555 1960 Ε.-46·5.
583 1925 621 1957 C.
672 1925 723 1957 Ad
750 1925 896 1961 τούτους

260 1972 319 2003 int.
351 1970 489 2013 νόμους.
545 1972 621 2007 Quo
652 1971 809 2011 neglecto
842 1972 895 2002 lo-

260 2026 321 2049 cus
345 2020 477 2049 temere
507 2016 646 2048 vitiatus
672 2020 735 2048 est.

303 2082 411 2117 οὔθ’
445 2082 519 2116 δ’τι
557 2081 768 2118 πλούσιός
804 2082 895 2114 ἐστί

261 2142 326 2166 τις
350 2129 413 2170 -]
446 2129 564 2170 Neque
594 2128 683 2160 enim
710 2128 743 2160 in
769 2127 893 2169 opibus

260 2184 300 2206 ac
332 2174 463 2206 divitiis
488 2173 601 2206 autin
631 2173 782 2214 potentia
811 2172 892 2204 civi-

260 2219 341 2250 tatis
364 2220 440 2252 finis
472 2219 640 2257 cernitur3
672 2228 703 2250 v·
731 2227 832 2257 supra
857 2227 890 2257 p.

259 2263 335 2297 705.
368 2265 408 2296 E.
442 2275 474 2306 p.
502 2263 578 2298 706.
607 2265 646 2294 A.
684 2273 715 2304 p.
742 2262 819 2296 707.
845 2261 890 2293 D.

259 2308 363 2350 Reip.
397 2309 457 2341 IV.
492 2319 525 2351 p.
558 2307 638 2342 421.
694 2307 776 2339 Dein
807 2305 891 2337 ἄλλο

259 2351 360 2385 οὐδέν
394 2354 414 2384 ἱ.
447 2363 479 2394 q.
511 2352 595 2384 ἄλλο
628 2364 673 2384 τι.
722 2352 813 2384 Usus
838 2352 891 2383 lo-

258 2397 381 2438 quendi
406 2398 436 2429 in
464 2399 584 2440 vulgus
609 2402 722 2429 notus.

306 2464 344 2496 C.
366 2471 369 2474 “
394 2463 439 2500 ὅς
464 2463 496 2495 δ’
523 2463 572 2495 ὃν
596 2467 693 2500 τοῖς
717 2466 891 2497 τεθεῖσι

259 2507 412 2550 νόμοις
434 2509 494 2550 -]
521 2508 800 2542 Ceiebratissima
827 2509 892 2540 fuit

258 2554 472 2596 antiquitatis
497 2555 684 2593 sententia,
712 2554 802 2586 iilum
830 2553 890 2585 de-

259 2609 350 2632 mum
381 2599 513 2632 civitati
548 2599 676 2640 optime
713 2599 891 2639 praefutu-

259 2653 330 2677 rum
369 2654 464 2683 enae,
496 2643 553 2684 qui
586 2643 677 2683 prius
713 2647 806 2676 recte
831 2653 890 2684 pa-

966 1565 1021 1599 15.
1052 1565 1276 1598 Plutarch.
1307 1568 1485 1610 praecept.
1511 1569 1592 1601 Ger.

964 1610 1059 1651 Reip.
1090 1621 1121 1651 p.
1147 1611 1224 1645 806.
1254 1611 1294 1642 F.

1006 1654 1084 1694 τὴν
1109 1658 1187 1686 τῶν
1203 1659 1315 1687 θεῶν
1335 1656 1591 1699 ὑπηρεσίαν]

963 1698 1021 1731 Sic
1047 1700 1121 1731 iibri
1135 1710 1266 1732 omnes.
1295 1701 1364 1733 Sed
1391 1702 1592 1735 sententiam

963 1744 1072 1786 ipsam
1099 1747 1277 1786 requirere
1300 1750 1365 1778 τῶν
1393 1745 1506 1788 νόμων
1532 1757 1593 1789 pro

963 1792 1029 1821 τῶν
1060 1792 1170 1829 θεῶν,
1198 1790 1387 1824 *verissime
1418 1794 1595 1833 perspexit

965 1833 1308 1867 Schulthessiuo.
1389 1831 1592 1870 Restituen·

963 1879 1043 1912 dum
1091 1883 1206 1912 autem
1256 1880 1387 1913 videtur
1422 1882 1512 1922 quod
1562 1884 1592 1915 in

963 1928 1113 1957 mentem
1163 1925 1252 1957 veuit
1288 1926 1480 1967 ΟτεΙΙίο,
1530 1930 1594 1959 τῶν

962 1972 1112 2011 θεσμῶν.
1170 1970 1318 2010 Liquido
1357 1980 1413 2005 res
1450 1977 1593 2014 apparet

963 2014 1104 2055 exinde,
1137 2015 1229 2056 quod
1262 2015 1374 2048 statim
1409 2021 1487 2058 post
1511 2017 1591 2049 sub-

962 2060 1124 2101 iungitur:
1163 2057 1246 2097 τοῦς
1276 2059 1306 2092 δ’
1340 2061 1510 2104 ἄρχοντας
1540 2062 1612 2099 lb.

960 2107 1124 2146 γομένους
1153 2108 1214 2137 νῦν
1254 2104 1467 2147 ὑπηρέτας
1501 2110 1592 2144 τοῖς

960 2149 1130 2191 νόμοις,
1162 2160 1251 2190 quae
1281 2152 1384 2183 verba
1412 2152 1590 2184 manifesto

960 2194 1002 2226 ad
1028 2193 1110 2227 haec
1141 2194 1343 2227 referuntur.
1393 2196 1477 2228 Mox
1502 2196 1591 2229 α’πο-

960 2239 1080 2271 &otim
1117 2235 1204 2271 εἶναι
1242 2245 1320 2280 post
1350 2241 1466 2274 δοτέον
1504 2241 1591 2273 εἶναι

960 2284 1187 2325 negligentius
1223 2283 1383 2318 iteratum
1421 2286 1489 2318 noli
1527 2296 1590 2328 pro

960 2334 1120 2369 suspecto
1146 2328 1285 2373 habere3
1317 2332 1396 2363 talis
1422 2331 1508 2363 enim
1534 2341 1588 2362 re-

960 2374 1132 2415 petitionis
1173 2377 1326 2417 exempia
1375 2377 1591 2418 reperiuntur

957 2418 1058 2450 etiam
1084 2420 1190 2464 alibi.⁹
1505 2431 1509 2435 ¹

1003 2464 1042 2496 D.
1098 2463 1139 2495 ἐν
1167 2466 1187 2504 ᾖ
1222 2463 1266 2495 δὲ
1297 2463 1344 2495 ἄν
1373 2463 1588 2507 δεσπότης

957 2511 1035 2540 τῶν
1079 2507 1305 2551 ἀρχόντων
1341 2509 1405 2551 —-]
1452 2510 1586 2543 Nullam

956 2556 1073 2586 censet
1097 2554 1245 2586 civitatis
1263 2553 1464 2588 felicitatem
1486 2565 1590 2597 ponne

958 2598 1166 2638 consistere,
1198 2600 1264 2631 nisi
1298 2601 1350 2632 lex
1383 2610 1445 2642 per
1469 2610 1588 2632 omnes

959 2642 1047 2675 vitae
1072 2644 1264 2676 communis
1295 2648 1410 2686 partes
1435 2644 1586 2677 domine-
