1612 2872
221 130 274 171 84
680 128 1070 172 PLATONIS.

222 243 399 302 φοράν,
434 242 589 286 ὅντινα
635 243 805 298 τρόπον
846 246 917 286 καὶ
952 243 1104 294 οἶςτισι
1137 247 1209 287 καὶ
1244 243 1344 300 μεθ’
1385 239 1447 289 ὧν
1482 248 1554 289 καὶ

223 308 341 359 ὅπως
395 313 546 364 ἔχοντα
593 311 666 351 καὶ
707 307 826 359 ὅπως
867 315 1125 368 προςφέρειν
1166 314 1320 365 ἔχουσι.
1373 314 1454 354 νῦν
1500 309 1553 363 δὴ

149 376 192 417 D
222 373 387 418 ταύτόν
432 391 507 427 μοι
552 375 766 429 δοκοῦμεν
810 373 933 428 ἡμεῖς
975 381 1020 417 ἐν
1063 383 1155 425 τοῖς
1200 374 1346 430 λόγοις
1392 386 1554 420 ποιεῖν·

221 443 317 495 περὶ
361 440 505 492 μέθης
551 439 636 496 γὰρ
680 439 949 491 ἀκούσαντες
994 443 1205 484 τοσοῦτον
1239 442 1379 496 μόνον
1414 441 1555 493 εὐθὺς

222 509 264 548 οἱ
297 508 377 559 μὲν
412 510 561 564 ψέγειν
595 504 719 555 αὐτό,
739 509 781 549 οἱ
814 505 855 549 δ’
881 511 1086 556 ἐπαινεῖν,
1106 509 1177 550 καὶ
1199 507 1318 562 μάλα
1353 506 1552 558 ἀτόπως·

218 569 410 625 μάρτυσι
461 568 547 624 γὰρ
602 574 673 614 καὶ
730 577 974 622 ἐπαινέταις
1027 573 1244 628 χρώμενοι
1292 576 1555 629 ἐπαινοῦμεν

218 634 435 691 ἑκάτεροι,
471 638 542 678 καὶ
583 641 626 680 οἱ
657 641 755 692 μέν,
790 636 856 681 ὅτι
893 637 1082 688 πολλοὺς
1116 638 1426 694 παρεχόμεθα,
1462 639 1553 691 ἀξι-

219 704 352 756 οῦμέν
399 718 439 743 τι
488 704 623 754 λέγειν
666 703 839 758 κύριον,
874 707 915 747 οἱ
949 707 1012 756 δέ,
1047 702 1117 747 ὅτι
1165 702 1270 754 τοὺς
1300 704 1359 760 μὴ
1391 710 1555 760 χρωμέ-

218 783 321 816 νους
365 765 486 820 αὐτῷ
530 766 701 823 ὁρῶμεν
749 771 962 820 νικῶντας
1003 774 1299 825 μαχομένους·
1334 770 1553 829 ἀμιμςβη-

217 841 353 876 τεῖται
402 833 440 875 δ’
494 826 552 875 αὖ
601 836 671 876 καὶ
722 837 855 878 τοῦτο
901 834 1018 891 ἡμῖν.
1063 841 1099 878 εὶ
1144 838 1224 891 μὲν
1259 834 1311 888 ὀὴ
1348 854 1418 878 και
1455 853 1552 913 περι

216 898 410 942 ἑκάστων
444 897 558 940 οὕτω
596 917 666 942 και
706 902 791 942 τῶν
824 900 969 944 ἄλλων
1004 904 1198 957 νομίμων
1234 901 1410 957 διέξιμεν
1423 935 1432 952 ,
1472 902 1551 944 οὐκ

153 969 192 1012 Ε
223 961 281 1007 ἂν
315 968 458 1020 ἔμοιγε
490 963 602 1007 κατὰ
637 968 746 1008 νοῦν
780 967 859 1018 εἴη.
894 966 1062 1022 τρόπον
1095 969 1139 1010 δὲ
1172 963 1336 1023 ἄλλον,
1369 965 1422 1010 ὃν
1454 970 1551 1023 ἐμοὶ

309 1103 375 1135 καὶ
409 1100 524 1135 ὅπως
553 1103 821 1146 προςφέρειν
851 1104 1013 1147 ἔχουσι]
1051 1105 1187 1146 Vulgo:
1219 1107 1271 1138 καὶ
1311 1104 1406 1138 ὅπως
1436 1107 1551 1147 ἔχουσι

218 1149 424 1190 προςφέρειν
449 1147 509 1181 δεῖ.
548 1150 733 1203 Receptam
751 1151 955 1191 scripturam
971 1151 1109 1183 firmant
1133 1152 1232 1184 codd.
1259 1162 1377 1184 omnes
1405 1158 1549 1193 excepto

215 1204 287 1226 uno
317 1195 395 1226 Par.
423 1194 463 1226 Β.
491 1199 525 1226 et
549 1195 600 1234 F.‚
626 1196 683 1236 qui
710 1197 873 1236 scriptum
898 1197 1077 1228 exhibent:
1105 1196 1310 1239 προςφέρειν
1342 1197 1456 1238 ἔχουσι
1491 1197 1549 1229 δεῖ.

305 1235 466 1271 ταυτόν
497 1251 567 1278 μοι
593 1239 823 1283 δοκοῦμεν]
854 1252 910 1280 μοι
934 1242 1040 1282 vulgo
1065 1242 1180 1282 abest,
1204 1243 1323 1274 invitis
1349 1243 1451 1274 codd.
1477 1253 1548 1275 om-

213 1283 326 1316 nibus.

303 1330 349 1361 D.
399 1327 650 1361 ἐπαινέταις
687 1329 917 1372 χρώμενοι]
958 1329 1123 1372 χρώμενοι
1154 1341 1220 1362 om.
1254 1331 1337 1363 Par.
1371 1333 1417 1364 A.
1465 1333 1549 1365 Mox

214 1375 347 1417 καίριον
371 1375 493 1416 Steph.
519 1376 639 1408 invitis
663 1377 765 1408 codd.
792 1377 963 1417 omnibus,
989 1378 1048 1418 qui
1073 1374 1194 1418 κύριον
1218 1381 1369 1408 tuentur.

915 1497 1023 1529 hius.
1081 1497 1178 1535 Quae
1209 1507 1278 1539 quo
1311 1498 1424 1529 minus
1456 1507 1547 1530 com-

914 1543 1111 1584 probemus,
1131 1553 1234 1584 quum
1258 1543 1327 1575 alia
1350 1543 1548 1584 prohibent.

915 1592 985 1619 tum
1001 1589 1088 1619 illud
1101 1589 1269 1629 imprimis
1285 1589 1440 1629 impedit,
1453 1589 1547 1630 quod

213 1494 273 1537 τὴν
297 1493 403 1537 αὐτῆς
427 1497 485 1539 τῆς
510 1495 638 1540 ἡδονῆς
663 1499 722 1540 τῆς
739 1508 847 1540 παρα·

211 1542 320 1583 χρῆμα
357 1541 519 1584 ἐργασίαν
549 1542 636 1576 κακά
671 1543 772 1576 ἐστιν.
804 1561 847 1567 —

212 1585 332 1618 ὅπως
355 1587 516 1628 ἔχοντα.
541 1590 605 1621 int.
641 1587 756 1630 πυρόν
788 1594 849 1621 aut

211 1630 325 1674 τυρόν.
359 1651 400 1656 --
433 1632 582 1675 ψέγειν
627 1631 745 1672 αὐτό,
782 1635 847 1666 int.

210 1675 272 1719 τὴν
295 1677 428 1719 μέθην,·
450 1682 488 1708 ut
514 1678 543 1710 Ι.
570 1690 603 1720 p.
619 1678 697 1713 645.
723 1680 767 1712 D.
795 1679 845 1710 II.

209 1733 242 1763 p.
276 1723 355 1756 653.
390 1724 434 1755 Α.
460 1723 538 1756 672.
569 1725 612 1756 Ε.
638 1725 680 1756 V.
706 1735 740 1765 p.
766 1724 845 1758 729.

208 1767 250 1799 Β.
276 1768 341 1799 XI.
366 1768 493 1809 p.931.
515 1769 558 1799 E.
583 1780 614 1801 v.
640 1770 684 1802 ad
713 1770 845 1802 Phileb.

254 1858 298 1889 D.
343 1856 609 1898 ἐπαινοῦμεν
632 1856 844 1900 ἑκάτεροι]

208 1904 266 1934 Ad
290 1903 376 1935 haee
405 1904 667 1935 lsoeckhius:
693 1904 844 1944 „Ebrie-

207 1953 314 1980 tatem
338 1949 517 1981 damnavit
540 1950 724 1990 Megillus‚
749 1949 844 1981 Atti-

207 2003 267 2025 cus
293 2003 363 2025 non
388 1994 620 2035 improbavit:
646 1995 706 2026 ille
729 1995 842 2026 crimi-

205 2040 278 2078 nis,
316 2039 374 2072 hic
419 2040 630 2071 laudationis
676 2040 844 2080 produxit

205 2088 376 2117 auctores.
435 2084 584 2123 Quinam
626 2086 735 2125 igitur
773 2086 841 2116 dici

206 2134 364 2170 poterat:
396 2128 540 2183 μάρτυσι
570 2127 635 2171 γὰρ
669 2130 724 2161 καὶ
748 2128 842 2162 ἐπαι-

206 2174 318 2206 νέταις
340 2172 505 2217 χρώμενοι
535 2172 740 2214 ἐπαινοῦμεν
763 2172 840 2207 ἑκά-

205 2229 310 2260 τεροι,
350 2221 556 2262 praesertim
596 2231 701 2263 quum
735 2221 840 2253 modo

204 2264 333 2296 dictum
371 2271 476 2298 esset.
515 2266 590 2307 περὶ
629 2265 740 2307 μέθης
777 2263 841 2321 γὰρ

205 2305 415 2342 ἀκούσαντες
438 2311 607 2343 τοσοῦτον
630 2310 756 2350 μόνον,
781 2322 839 2343 ευ-

202 2352 276 2386 θῦε
299 2354 432 2394 οἱμὲν
455 2356 601 2398 ψέγειν
624 2352 722 2394 αυτό,
747 2355 789 2388 οἱ
810 2353 838 2387 δ’

201 2398 425 2432 ἐπαινεῐνῗ
457 2402 523 2433 Vel
548 2402 645 2434 furca
661 2402 837 2443 expelle-n-

201 2445 282 2477 dum
305 2446 400 2477 istud
413 2445 629 2486 ἐπαινοῦμεν,
644 2447 736 2488 quod
757 2447 839 2479 mali

201 2494 254 2522 est
278 2491 499 2531 glossatoris.
540 2493 592 2525 Ad
607 2490 750 2534 μάρτυσι
773 2489 837 2534 γὰρ

200 2535 255 2566 καὶ
278 2535 331 2567 ἐπ.
356 2534 522 2578 χρώμενοι
550 2535 703 2579 ἑκάτεροι
720 2538 771 2569 ita
793 2547 837 2569 ex

197 2581 485 2614 antecedentibus
516 2583 779 2624 intelligendum
803 2581 836 2614 ἐ-

196 2629 328 2658 παινεῖν
352 2637 387 2658 τε
410 2627 464 2658 καὶ
488 2627 624 2669 ψέγειν,
652 2628 837 2660 notissima

194 2671 346 2713 ellipsi.“
403 2672 499 2705 Haec
530 2673 638 2714 igitur
669 2672 835 2705 Boeck-

914 1631 1119 1671 ἐπαινοῦμεν
1141 1635 1225 1665 satis
1255 1634 1418 1665 idoneam
1442 1634 1548 1666 habet

914 1678 1192 1718 explicationem.
1228 1678 1352 1719 Neque
1377 1680 1468 1710 enim
1491 1680 1545 1711 in·
1576 1694 1579 1696 ·

911 1723 1139 1763 telligendum
1168 1727 1221 1755 est
1245 1720 1305 1764 τὴν
1331 1723 1459 1764 μέθην,
1484 1725 1546 1756 sed

912 1769 1135 1808 cogitandum
1166 1769 1208 1800 de
1244 1778 1305 1808 eo,
1331 1769 1422 1809 quod
1451 1770 1544 1809 quis-

912 1823 977 1854 que
1007 1823 1070 1854 pro
1107 1823 1143 1845 se
1179 1814 1342 1854 probavit
1379 1818 1545 1855 tanquam

911 1868 1031 1890 verum
1057 1863 1091 1890 et
1109 1863 1251 1901 rectum,
1266 1859 1367 1890 sicuti
1385 1860 1545 1899 proxima

913 1904 1020 1935 verba
1043 1904 1178 1936 docent.
1226 1904 1327 1936 Hanc
1358 1913 1443 1936 vero
1468 1915 1544 1936 sen—

912 1950 1055 1980 tentiam
1074 1950 1177 1981 etiam
1191 1949 1343 1981 Astius
1364 1950 1543 1990 amplexus

912 1999 964 2026 est
990 1995 1050 2035 qui
1073 1999 1268 2035 opportune
1291 1999 1426 2036 monet,
1451 1993 1542 2025 ἐπαι-

912 2038 1006 2080 νέτης
1023 2045 1056 2071 et
1080 2038 1228 2071 ἐπαινεῖν
1253 2040 1321 2071 dici
1345 2039 1388 2070 de
1412 2040 1468 2077 iis,
1483 2041 1541 2080 qui

910 2085 1057 2117 alicuius
1081 2085 1287 2117 sententiam
1314 2087 1348 2115 et
1370 2086 1541 2116 rationem

910 2131 1154 2171 comprobant;
1195 2140 1228 2160 v.
1267 2129 1366 2169 Reip.
1402 2130 1467 2161 IV.
1507 2140 1541 2170 p.

907 2174 986 2209 426.
1013 2174 1054 2206 Β.
1079 2175 1228 2206 Phaedr.
1253 2185 1287 2215 p.
1305 2175 1383 2208 257.
1404 2175 1445 2207 Ε.
1460 2175 1538 2208 258.

907 2221 953 2252 A.
986 2220 1063 2252 Ion.
1095 2230 1130 2261 p.
1163 2219 1242 2253 536.
1280 2220 1318 2251 Ι).
1350 2219 1544 2261 Ρτοῐεςοτ.

906 2276 940 2307 p.
961 2264 1040 2299 309.
1068 2270 1106 2296 Α.
1130 2265 1357 2306 Aristoph.
1382 2266 1474 2297 Avv.
1506 2276 1538 2296 v.

907 2310 1008 2345 1603.
1056 2309 1159 2341 Dixit
1205 2320 1288 2341 vero
1334 2308 1538 2349 ἐπαινοῦμεν

906 2365 968 2398 per
999 2355 1146 2387 facetam
1175 2356 1424 2395 urbanitatem,
1456 2365 1536 2396 pro-

905 2406 1024 2455 pterea
1056 2401 1150 2441 quod
1183 2401 1337 2452 respexit
1358 2405 1537 2442 antegres-

906 2456 982 2479 sum
1005 2443 1191 2477 ἐπαινέταις
1213 2443 1388 2486 χρώμένοι.

951 2502 986 2522 τι
1028 2490 1168 2532 λέγειν
1212 2488 1385 2531 κύριον]
1421 2491 1466 2522 Η.
1503 2500 1536 2522 e.

904 2536 1086 2577 aliquid
1110 2536 1222 2577 quod
1246 2540 1448 2576 tanquam
1471 2545 1533 2567 ra-

904 2586 990 2613 tum
1019 2581 1094 2622 sit,
1123 2581 1156 2612 h.
1192 2591 1222 2613 e.
1255 2585 1401 2620 certum,
1432 2580 1532 2618 indu-

897 2627 1007 2658 bium.

947 2666 1110 2711 ὁρῶμεν
1155 2670 1364 2702 νικῶνται
1412 2679 1530 2710 μαχο-
