1612 2872
161 75 245 119 DE
277 71 553 118 LEfflBUs
585 71 704 114 ΜΒ.
738 54 825 113 ιη’
851 68 900 110 Ρ.
933 68 1028 110 (388.
1060 68 1155 110 689.
1188 65 1251 109 st.
1312 67 1395 107 303

1286 182 1395 226 ὁδὸν

89 225 92 227 -
147 192 261 253 Cap.
294 190 379 236 IX.
450 193 550 235 Ab).
624 192 780 244 Φαμὲν
841 189 895 240 δη
949 189 1052 234 νῦν,
1104 183 1217 227 καθ

45 262 186 312 ἐόντες
220 260 303 313 τὴν
334 257 496 312 λοιπὴν
530 260 612 302 τοῦ
645 258 793 312 λόγου,
824 254 908 308 τὴν
940 261 1146 309 μεὶὶστην
1182 251 1396 327 ἀμαθίαν

51 328 147 374 τότε
188 334 354 381 ἐκείνην
403 344 484 380 την
528 325 713 380 δύναμιν
755 323 970 367 ἀπολέσαι
1005 339 1078 364 και
1113 322 1196 363 νῦν
1232 317 1396 361 ταύτὸν

46 399 179 440 τοῦτο
216 403 455 453 πεφυκέναι.
491 402 652 442 ποιεῖν,
689 391 794 442 dign
841 391 919 433 τόν
963 406 1008 443 γε
1044 391 1326 443 νομοθετην,
1361 391 1396 429 εὶ

47 464 184 508 τοῦθ’
239 462 377 513 οὕτως
424 466 530 517 ἔχει,
575 465 804 515 πειρατέον
850 466 948 508 ταῖς
994 455 1146 499 πόλεσι
1178 453 1397 512 φρόνησιν

46 535 126 587 μὲν
161 530 272 584 ὅσην
306 533 501 574 δυνατόν
537 534 744 582 ἐμποιεῖν,
781 526 863 578 τὴν
899 525 942 568 δ’
979 524 1141 568 ἄνοιαν
1177 522 1200 566 ὅ
1237 539 1278 564 τι
1311 524 1397 577 μα-

47 603 172 642 λιστα
209 600 406 653 ἐξαιρεῖν.

148 690 247 732 ΚΛ.
320 688 478 739 Δῆλον.

152 781 249 824 ΑΘ,
324 777 405 828 Τίς
439 769 520 820 οὖν
557 773 779 830 ἡμεγίστη
801 775 976 823 δικαίως
998 769 1057 815 ἂν
1077 773 1247 824 λέγοιτο
1280 767 1397 825 ἀμα-

51 849 164 895 flia:

49 920 129 968 μὲν
162 916 215 965 δι’)
254 913 335 966 τὴν
369 910 545 955 τοιάνδε
582 911 781 966 τίθεμαι.

157 984 258 1024 ΚΛ.
330 983 500 1033 Ποίανς

142 1157 229 1199 Cap.
254 1157 320 1190 IX.
370 1157 412 1189 Ε.
461 1154 565 1188 ὢςιε
590 1153 666 1187 τόν
696 1166 741 1197 γε
769 1152 945 1195 unicust]
979 1164 1013 1185 τε
1041 1163 1105 1195 pro
1137 1164 1175 1196 γε
1205 1154 1251 1185 A.
1293 1150 1332 1184 Ω.

53 1215 85 1235 v.
111 1203 135 1235 f.
160 1204 194 1235 h.
220 1213 246 1235 r.
296 1204 388 1236 Dein
412 1198 486 1235 εἶθ’
517 1200 630 1235 οὕτως
654 1201 737 1235 Par.
764 1201 808 1234 A.
835 1205 870 1234 et
891 1211 944 1244 pr.
971 1201 1051 1233 Vat.
1084 1196 1113 1231 Ω

53 1352 148 1392 quod
173 1351 327 1383 Astins
362 1355 462 1392 putat
493 1351 691 1391 proximum

51 1395 142 1439 Λέγε
172 1395 283 1436 μόνον
317 1397 515 1434 adversari,
539 1406 608 1429 non
639 1397 691 1428 in-

52 1443 188 1475 tellexit
242 1444 296 1475 vir
355 1444 690 1485 praestantissimus.

55 1488 206 1522 Cliniam
230 1491 380 1532 primum
410 1490 623 1531 respondere
646 1489 692 1521 ad

55 1546 96 1567 ea
126 1546 214 1578 quae
244 1546 265 1568 a
294 1535 441 1576 Megillo
477 1536 570 1568 dicta
599 1541 691 1575 sunt,

52 1592 94 1614 ae
131 1582 260 1614 deinde
300 1582 415 1613 verbis
455 1581 547 1623 Λέγε
582 1579 692 1622 μόνον

51 1629 261 1669 compellare
285 1627 546 1660 Atheniensem.

99 1671 185 1716 Cap.
214 1674 282 1708 IX.
341 1672 480 1714 Φαμὲν
521 1671 567 1715 δὴ
614 1676 691 1706 νῦν

54 1717 157 1751 καθ’
178 1716 286 1752 ὁδὸν
313 1717 532 1764 ἰόντες-]
550 1721 691 1753 Laudat

54 1767 170 1798 locum
194 1766 414 1799 stobaeus
439 1765 549 1800 Serm.
570 1766 689 1799 XLII.

55 1822 88 1852 p
111 1812 192 1846 295
219 1821 263 1843 =
288 1812 455 1853 Florileg.
483 1813 559 1844 Vol.
584 1813 632 1844 11.
657 1823 690 1853 p.

55 1857 134 1911 139.
159 1858 213 1890 ed.
238 1855 352 1890 Gaisf.
377 1859 474 1900 Lips
505 1868 618 1900 usque
648 1859 693 1890 ad

55 1900 215 1936 ἑκάστοτε
238 1905 394 1943 φαίνεται
417 1915 451 1946 p.
469 1903 550 1939 689.
571 1906 616 1938 A.
636 1905 694 1936 ubi

57 1959 122 2005 pro
147 1945 271 1982 ταιῖιόν
295 1950 397 1982 τοῦτο
392 1951 578 2005 scriptum
599 1956 695 1983 extat

59 1991 161 2028 mihi>
179 2000 213 2028 et
230 1994 353 2028 οἰκίαιε
376 1993 536 2029 ωςαύιως
554 1997 693 2039 legitur.

104 2039 176 2074 τόν
202 2053 247 2084 γε
271 2042 514 2085 νομοθέτην
537 2062 578 2068 -
609 2054 693 2075 πει-

58 2087 229 2131 ρατέον]
256 2088 311 2121 De
334 2091 535 2122 accusativo
561 2090 695 2125 verbali

59 2135 235 2177 πειρατέον
258 2135 377 2168 iuncto
405 2148 436 2170 v.
452 2146 534 2168 ann.
559 2137 604 2169 ad
618 2136 695 2168 Cri-

58 2187 130 2213 ton.
148 2191 194 2224 Vp.
214 2180 280 2216 49.
313 2187 360 2215 A.
391 2187 426 2215 et
457 2193 547 2224 quae
571 2193 614 2215 ex
639 2183 694 2215 his

59 2226 157 2259 libris
180 2226 227 2259 ad
248 2227 331 2261 VII.
356 2239 388 2270 p.
420 2229 498 2264 793.
525 2228 564 2261 C.
589 2230 695 2262 colle·

58 2283 182 2327 gimus.

107 2317 179 2361 τὴν
212 2315 247 2350 δ’
279 2315 432 2352 ἄνοιαν
464 2319 486 2353 ὅ
517 2333 551 2354 τι
581 2320 693 2362 μάλι-

61 2367 157 2404 σταΙ
188 2365 288 2420 Libri
320 2376 457 2411 omnes,
481 2369 586 2400 etiam
610 2367 692 2401 Sto-

60 2409 354 2451 baeus,av01av.
398 2414 450 2445 At
483 2416 575 2448 enim
610 2425 692 2446 vero

59 2454 161 2489 ἄνοια
173 2467 278 2499 quum
294 2468 366 2490 non
386 2461 508 2493 eadem
532 2461 578 2493 sit
605 2471 694 2503 quae

0 2535 4 2541 ‚
44 2493 204 2543 ἇμαθιᾌα
228 2505 290 2536 sed
313 2505 431 2546 potius
455 2507 692 2548 dementia,

60 2550 71 2582 i
81 2559 103 2582 n
113 2560 128 2582 s
136 2559 158 2582 a
166 2560 189 2582 n
196 2550 208 2581 i
216 2560 256 2591 a,
286 2560 502 2594 consequens
533 2554 695 2586 videatur

33 2626 37 2629 ,
59 2606 146 2634 esse,
169 2600 208 2628 ut
231 2597 493 2631 rescribendum
515 2601 561 2632 sit
578 2597 640 2643 ἇγν
644 2611 693 2631 οι-

60 2651 119 2681 αν,
143 2647 179 2699 e't
201 2642 259 2676 hic
287 2648 321 2676 et
346 2644 382 2676 in
408 2646 588 2686 proximis
636 2649 694 2678 Αε-

62 2690 126 2730 que
150 2686 293 2731 ἆγιηοιαι
317 2690 563 2726 desiderarunt
590 2693 695 2726 etiam

762 1347 1020 1382 Boeckhius,
1053 1353 1089 1380 et
1125 1348 1303 1386 Anius,
1338 1347 1398 1390 qui

760 1400 841 1438 apte
870 1399 1076 1436 comparant
1098 1394 1222 1436 Lysid.
1247 1392 1328 1429 218.
1355 1396 1401 1427 A.

761 1441 975 1484 &pn-229.
1000 1439 1040 1473 C.
1073 1440 1220 1474 Theaet.
1253 1440 1331 1476 176.
1359 1440 1400 1474 C.

761 1488 863 1522 Prot.
895 1487 975 1522 360.
1006 1486 1049 1519 Β.
1082 1487 1201 1520 Aleib.
1235 1498 1289 1529 pr.
1322 1487 1400 1522 118.

761 1537 806 1567 A.
839 1534 967 1576 quibus
997 1534 1086 1566 locis
1125 1534 1285 1567 omnibus
1315 1529 1399 1573 ἅμα·

759 1581 825 1623 θίᾳ
853 1582 1044 1613 coniuncta
1074 1585 1127 1612 est
1156 1577 1300 1623 ἄγνοια,
1329 1590 1402 1613 non

759 1629 843 1660 item
867 1624 980 1659 ἄνοια.
1026 1625 1102 1659 Nee
1135 1637 1221 1660 vero
1255 1637 1298 1660 ea
1324 1638 1399 1660 mu-

760 1674 848 1707 tatio
879 1675 972 1706 iusto
1007 1673 1184 1706 videbitur
1217 1674 1398 1716 audacior,

760 1722 820 1754 nbi
834 1720 1032 1753 memineris
1045 1720 1255 1753 creberrime
1269 1725 1402 1753 utrum-

761 1778 828 1809 que
861 1767 1069 1799 vocabulum
1107 1768 1146 1799 in
1184 1767 1285 1799 libris
1325 1777 1403 1801 esse

761 1818 1006 1855 permutatum.
1050 1810 1160 1845 Cuius
1174 1813 1227 1846 rei
1244 1815 1405 1856 exempla

762 1859 963 1892 notavimus
986 1859 1032 1891 ad
1059 1859 1196 1891 Phileb.
1219 1870 1255 1902 p.
1279 1859 1339 1894 38.
1361 1859 1404 1892 B.

763 1910 796 1937 et
819 1904 875 1939 48.
901 1903 941 1938 C.
979 1905 1171 1937 Praeterea
1194 1905 1288 1937 conf.
1315 1916 1405 1948 quae

762 1952 922 1983 Astius
952 1951 996 1983 ad
1030 1950 1065 1982 h.
1095 1952 1116 1982 l.
1146 1951 1404 1985 Valckenar.

762 1998 808 2029 ad
832 1998 1025 2039 Herod..p.
1041 1996 1121 2032 469.
1146 1997 1332 2039 Lennep.
1358 1998 1405 2032 ad

764 2043 906 2076 Phalar.
945 2044 1057 2085 Epist.
1097 2055 1131 2086 p.
1170 2044 1239 2079 215
1272 2055 1326 2087 sq.
1360 2055 1405 2077 ε..-

763 2089 843 2124 236.
870 2091 923 2123 ed.
954 2090 1053 2132 Lips.
1079 2090 1145 2124 hac
1170 2091 1215 2123 de
1235 2101 1273 2123 re
1299 2095 1403 2124 nota-

763 2142 856 2169 runt.
912 2136 1163 2168 Verumtamen
1203 2138 1404 2180 scrupulum

761 2183 875 2215 iniieit
897 2183 997 2223 illud,
1015 2183 1109 2225 quod
1123 2184 1191 2215 hoc
1212 2184 1292 2216 loeo
1321 2193 1405 2217 oon-

761 2234 896 2262 stanter
918 2226 1020 2261 ἄνοια
1043 2234 1220 2264 servatum
1242 2231 1279 2263 in
1302 2231 1404 2263 libris

763 2281 834 2315 est,
880 2277 988 2318 idque
1041 2278 1198 2318 repetitis
1254 2278 1403 2310 vicibus.

763 2321 1000 2361 Quamobrem
1035 2319 1135 2354 ἄνοια
1166 2319 1321 2357 fortasse
1345 2324 1401 2356 *ab

761 2369 841 2411 ipso
865 2369 1035 2410 scriptore
1057 2370 1276 2411 positum,ut
1298 2371 1402 2402 simul

763 2416 1009 2457 designaretur
1032 2415 1208 2449 dementia¹
1232 2418 1322 2457 eius,
1341 2417 1401 2458 qui

762 2463 902 2495 inscitia
935 2462 1123 2495 laboraret.
1175 2463 1268 2496 Na'in
1300 2460 1402 2495 ἄνοια

762 2509 952 2551 respondet
973 2508 1048 2542 fere
1066 2514 1209 2542 nostro:
1235 2509 1402 2542 Unver-

763 2555 901 2588 stand.
927 2555 1015 2588 Utut
1038 2561 1102 2597 est,
1118 2562 1212 2588 certe
1226 2556 1400 2598 piaculum

763 2602 943 2643 duximus,
966 2602 1004 2634 in
1040 2606 1139 2635 tanta
1167 2604 1336 2635 librorum
1367 2607 1401 2632 et

765 2648 924 2682 Platonis
948 2654 983 2681 et
996 2648 1142 2683 Stobaei
1167 2649 1401 2683 consensione

757 2696 964 2739 scripturam
989 2700 1168 2741 vulgatam
1194 2704 1340 2732 mutare.

1429 775 1510 815 (389

205 853 426 895 σκοπεῖτε,
461 848 497 888 εὶ
531 841 728 895 συνδόξει
762 842 836 885 καὶ
871 842 997 900 σᾳῷν
1026 839 1286 894 λεγόμενον·
1320 834 1429 892 ἐγώ,
