1612 2872
211 77 291 117 462
690 73 1059 118 PLATONIS

211 184 265 242 ἦν
295 189 446 232 πάντα
482 188 585 243 ἡμῖν
621 192 830 244 προοίμια
865 188 1026 244 νόμων.
1061 193 1102 232 τί
1133 191 1176 232 δὲ
1208 190 1325 233 ταῦτ’
1366 190 1537 247 εἴρηκας

209 255 308 299 τόδε
345 261 477 298 εἰπεῖν
509 256 775 309 βουληθείς,
818 254 888 298 ὅτι
922 254 1063 310 λόγων
1107 255 1286 299 πάντων
1319 259 1391 300 καὶ
1423 255 1538 300 ὅσων

210 319 333 380 φωνὴ
369 320 649 372 κεκοινώνηκε
684 320 892 376 προοίμιά
928 320 971 363 τ’
1023 326 1110 366 ἔστι
1143 323 1215 364 καὶ
1256 321 1407 377 σχεδὸν
1442 322 1537 366 οἷόν

210 404 320 436 τινες
353 384 649 437 ἀνακινήσεις,
691 390 866 442 ἔχουσαί
907 403 1007 430 τινα
1051 391 1246 443 ἔντεχνον
1282 392 1537 444 ἐπιχείρησιν

204 452 415 509 χρήσιμον
459 452 569 508 πρὸς
615 450 663 495 τὸ
706 456 861 507 μέλλον
895 456 1197 507 περαίνεσθαι.
1244 458 1315 497 καὶ
1354 453 1406 506 δή
1451 471 1535 498 που

208 520 510 573 κιθαρῳδικῆς
544 518 659 573 ᾠδῆς
693 521 931 574 λεγομένων
953 520 1098 574 νόμων
1125 522 1196 562 καὶ
1232 521 1373 572 πάσης
1409 519 1536 563 Μού-

210 599 287 637 σης
339 587 549 640 προοίμια
594 587 866 639 θαυμαστῶς
918 589 1243 639 ἐσπουδασμένα
1299 586 1534 640 πρόκειται.

100 662 103 665 ’
137 649 174 689 Ε
213 653 299 695 τῶν
334 653 378 693 δὲ
413 648 548 700 ὅντως
582 650 727 706 νόμων
763 650 916 702 ὄντων,
949 649 1025 702 οὓς
1059 653 1111 703 δὴ
1146 651 1394 702 πολιτικοὺς
1428 652 1538 695 εἶναι’

210 733 376 777 φαμεν,
421 716 560 766 οὐδεὶς
607 715 777 760 πώποτε
814 715 908 761 οὔτ’
944 717 1032 761 εἶπέ
1081 734 1121 759 τι
1169 722 1402 773 προοίμιον
1435 716 1535 762 οὔτε

211 783 427 836 ξυνθὲτης
469 782 698 837 γενόμενος
740 783 959 838 ἐξήνεγκεν
1000 788 1058 832 εἷς
1084 781 1149 832 [τὸ
1193 786 1306 842 φῶς,
1358 783 1415 833 ὡς
1458 783 1537 827 οὐκ

212 851 342 899 ὄντος
383 847 524 907 φύσει.
566 848 669 902 ἡμῖν
717 851 761 892 δὲ
808 849 833 901 ἡ
869 851 951 892 νῦν
985 848 1185 905 διατριβὴ
1222 858 1444 903 γεγονυῖα,
1481 848 1537 900 ὡς

212 919 308 972 ἐμοὶ
344 919 472 970 δοκεῖ,
506 919 705 971 σημαίνει
738 913 794 965 ὡς
832 911 984 970 ὄντος,
1028 919 1074 959 οἵ
1115 913 1159 958 τὲ
1202 932 1248 971 γε
1296 915 1347 967 δὴ
1394 918 1539 959 διπλοῖ

211 982 365 1034 ἔδοξαν
385 984 465 1024 νῦν
500 981 551 1033 δή
572 999 649 1034 μοι
682 980 913 1037 λεχθέντες
947 979 1097 1036 νόμοι,
1132 980 1211 1024 οὐκ
1245 981 1353 1024 εἶναι
1390 980 1539 1041 ἁπλῶς

215 1048 328 1093 οὕτω
359 1050 449 1098 πῶς
485 1050 652 1097 διπλοῖ,
687 1046 800 1090 ἀλλὰ
837 1046 926 1090 δύο
946 1046 1025 1102 μέν
1059 1063 1167 1097 τινε,
1201 1047 1337 1102 νόμος
1378 1065 1422 1091 τε
1467 1051 1539 1091 καὶ

216 1118 446 1172 προοίμιον
475 1115 553 1156 τοῦ
574 1113 732 1169 νόμον
763 1112 785 1157 ὃ
821 1112 872 1166 δὴ
896 1114 1155 1170 τυραννικὸν
1175 1117 1388 1168 ἐπίταγμα
1414 1114 1538 1157 ἀπει-

106 1188 185 1230 723
216 1183 387 1225 κασθὲν
410 1179 586 1238 ἐρρήθη
604 1187 697 1230 τοῖς
727 1172 988 1235 ἐπιτάγμασι
1007 1189 1098 1230 τοῖς
1133 1183 1220 1223 τῶν
1253 1183 1428 1237 ἰατρῶν,
1463 1179 1539 1231 οὓς

308 1335 347 1367 E.
374 1328 427 1365 ὥς
451 1333 541 1389 ,ἐμοὶ
566 1331 704 1375 δοκεῖ]
733 1336 803 1366 Par.
827 1339 862 1366 Α.
889 1334 1011 1375 ἔμοιγε,
1037 1338 1127 1366 teste
1154 1334 1282 1366 antio.
1317 1334 1435 1366 Panno
1459 1338 1538 1365 unte

216 1382 320 1421 Voss.
347 1379 391 1412 ὡς
417 1376 481 1411 οὐκ
507 1375 547 1410 ὂν
573 1376 686 1419 φύσει.

912 1492 975 1523 dos
999 1494 1101 1531 utque
1131 1489 1308 1532 erigendos
1344 1493 1538 1530 comparata

912 1541 1017 1573 erant,
1046 1536 1090 1567 el
1082 1540 1217 1590 oganter
1249 1534 1299 1566 hic
1328 1535 1539 1587 subiungitur

218 1493 330 1525 mnia
373 1494 517 1524 essent
569 1492 704 1530 legum
754 1500 844 1531 pro-

219 1538 367 1570 oemia.
394 1548 422 1569 v.
447 1536 489 1569 ad
518 1536 647 1568 Phileb.
677 1546 707 1577 p.
731 1535 786 1570 37.
807 1536 842 1567 B.

263 1607 301 1636 τί
331 1603 378 1636 δὲ
411 1605 539 1636 ταῦτα
571 1605 762 1647 εἴρηκα;]
789 1604 844 1636 De

216 1651 483 1691 interrogatione
503 1659 531 1683 v.
546 1650 587 1681 ad
613 1660 688 1691 pag.
706 1649 781 1689 718.
803 1650 841 1680 C.

260 1714 323 1749 ὅτι
348 1714 487 1758 λόγων
512 1735 554 1740 -
579 1716 789 1759 προοίμιά
808 1713 842 1748 ’τ’

214 1763 323 1806 ἔστι]
337 1762 535 1803 Respicitur
548 1763 590 1795 ad
607 1765 761 1796 latiorem
783 1773 840 1794 vo-

215 1809 325 1841 cabuli
351 1808 533 1848 προοίμιον
551 1809 845 1850 significationem.

216 1854 280 1887 Est
296 1854 383 1886 enim
403 1855 583 1894 προοίμιον
598 1855 732 1896 proprie
747 1864 845 1894 prae-

216 1900 351 1938 centio,
380 1909 445 1940 qua
480 1909 565 1931 voce
590 1900 697 1932 utitur
721 1898 844 1931 Cicero

216 1949 251 1979 et
269 1944 403 1977 Gellius
425 1944 466 1976 ab
485 1945 581 1985 οἴμη,
609 1949 774 1984 cantus,
795 1944 846 1975 di-

215 1994 318 2024 ctum.
358 1990 480 2030 Itaque
506 1995 540 2022 et
564 1990 605 2022 de
629 1994 728 2022 cantu
752 1999 772 2021 a
797 1990 848 2021 ci·

217 2034 388 2068 tharoedis
414 2035 586 2068 emerendi
618 2035 744 2075 favoris
770 2045 846 2077 gra·

216 2082 265 2114 tia
299 2081 505 2124 praemisso,
547 2085 581 2113 et
618 2081 662 2113 de
698 2081 849 2113 exordiis

219 2127 406 2159 carminum
444 2137 462 2158 a
505 2124 685 2168 rhapsodis
729 2130 846 2158 canta-

217 2176 350 2211 torum,
381 2175 416 2204 et
452 2171 496 2204 de
526 2171 695 2214 prinqipiis
719 2171 845 2204 oratio-‘-

217 2226 295 2249 num
321 2221 522 2259 usurpatum
550 2222 620 2257 est3
646 2217 715 2249 imo
743 2217 844 2250 etiam

218 2263 287 2304 ipsi
325 2261 433 2303 hymni
471 2263 504 2294 in
533 2261 618 2295 deos
650 2262 700 2294 ita
734 2262 847 2295 vocari

219 2311 481 2341 consueverunt.
500 2317 530 2339 v·
551 2307 656 2350 intpp.
675 2306 716 2340 ad
732 2308 845 2339 Phae-

220 2352 298 2385 don.
328 2362 357 2384 c.
383 2352 415 2386 4.
448 2353 502 2384 ubi
530 2356 738 2386 memoratur
764 2363 845 2395 προ·

222 2398 333 2438 σι’μιον
349 2396 395 2434 εἰς
409 2395 468 2429 τὸν
478 2396 640 2431 Ἀπόλλω.
660 2399 692 2430 Α
703 2399 759 2431 rin
770 2403 813 2431 to
825 2402 848 2430 t.

219 2443 324 2478 Rhet.
356 2443 412 2476 ΙΙΙ.
441 2442 495 2476 14.
527 2443 704 2477 Quintil.
735 2444 848 2477 Instit.

221 2489 281 2522 Or.
302 2487 359 2521 lv.
377 2487 408 2522 1.
423 2489 487 2520 VI.
512 2489 543 2522 1.
563 2488 698 2521 Cicer.
726 2490 776 2522 De
794 2490 846 2521 ln-

221 2537 315 2569 vent.
330 2534 359 2568 Ι.
376 2533 430 2568 17.
446 2533 553 2576 Legg.
566 2534 615 2567 ΙΙ.
631 2534 666 2574 ’7,
679 2535 734 2568 16.
750 2535 848 2567 Eius-

222 2579 314 2612 modi
349 2583 459 2612 autem
490 2580 667 2621 prooemia
690 2580 847 2621 quoniam

221 2624 263 2657 ad
294 2625 424 2663 animos
453 2624 659 2658 audientium
700 2625 848 2658 excitan-

910 1593 962 1613 και
992 1578 1132 1621 σχεδὸν
1153 1576 1229 1611 οἶόν
1261 1588 1345 1610 τινες
1378 1575 1536 1619 ἀνακινή-

912 1635 980 1657 σειε
1009 1626 1073 1656 κτλ.
1101 1629 1210 1666 Atque
1227 1624 1334 1657 haec·
1325 1634 1399 1665 ipsa
1416 1634 1536 1655 caussa

910 1671 983 1710 fuit,
1007 1670 1226 1712 quamobrem
1255 1670 1354 1701 etiam
1379 1670 1539 1709 προοίμια

910 1721 1030 1749 vocata
1046 1719 1125 1747 sunt
1141 1725 1180 1747 ea
1197 1715 1320 1754 omnia,
1337 1724 1424 1755 quae
1442 1724 1539 1755 spem

911 1761 1079 1794 hominum
1108 1761 1296 1797 excitarent
1318 1764 1419 1800 atque
1444 1769 1538 1792 com-

912 1810 1106 1844 moverent,
1138 1805 1289 1847 quamvis
1315 1815 1397 1836 vana
1424 1805 1481 1837 illa
1506 1809 1540 1837 et

912 1852 1030 1884 inania.
1068 1850 1261 1892 Xenoph.
1287 1850 1389 1882 Mem.
1414 1850 1463 1882 11.
1507 1850 1538 1887 1,

913 1898 975 1936 27:
1000 1893 1066 1928 οὐκ
1079 1893 1276 1938 ἐξαπατήσω
1291 1905 1327 1926 σε
1348 1896 1541 1937 προοιμίοις

914 1939 1048 1985 ἡδονῆς.
1067 1954 1096 1975 v.
1116 1942 1290 1975 Dor-vill.
1306 1941 1347 1973 ad
1366 1941 1538 1974 Chariton.

913 1999 946 2030 p.
972 1987 1050 2022 443.
1080 1997 1123 2019 =
1147 1998 1178 2029 p.
1204 1987 1270 2022 469
1297 1997 1345 2028 sq.
1372 1986 1425 2021 ed,
1442 1987 1537 2028 Lips.

914 2034 1076 2067 Ceterum
1110 2032 1152 2065 de
1177 2033 1326 2066 Platonis
1355 2033 1540 2073 prooemiis

913 2079 1037 2112 dictum
1067 2084 1120 2110 est
1143 2089 1246 2120 supra
1279 2077 1321 2110 ad
1347 2077 1431 2120 Cap.
1460 2078 1537 2112 vn.

912 2135 946 2167 p
973 2123 1050 2159 715
1074 2124 1116 2177 Ε.
1134 2134 1215 2166 sqq

957 2170 1022 2201 καὶ
1047 2166 1180 2210 πάσης
1206 2166 1402 2210 Μούσης]
1434 2168 1478 2200 H.
1508 2179 1538 2202 e.

911 2215 1087 2257 μουσικῆς.
1113 2225 1144 2246 v,
1168 2214 1262 2246 Libr.
1279 2214 1326 2246 II.
1352 2214 1479 2256 p.655.
1498 2214 1539 2245 D.

912 2260 990 2296 658.
1007 2261 1047 2294 E.
1070 2259 1147 2294 666.
1173 2261 1211 2291 D.
1233 2260 1310 2294 667.
1334 2261 1379 2292 A.
1399 2260 1477 2294 668.
1496 2258 1538 2291 B.

910 2308 954 2339 al.
981 2307 1083 2340 Plura
1114 2315 1155 2338 ex
1178 2306 1254 2338 aliis
1280 2305 1430 2346 Pia-tonis
1455 2305 1540 2345 scri-

912 2352 979 2394 ptis
1013 2351 1246 2392 congessimus
1275 2350 1317 2383 ad
1341 2351 1475 2384 Politic.
1505 2361 1538 2392 p.

913 2397 991 2432 309.
1017 2397 1056 2428 Ι).
1090 2395 1199 2428 Etiam
1227 2396 1440 2429 Horatius
1465 2396 1538 2429 Sat.

913 2443 963 2475 ΙΙ.
998 2442 1032 2482 3,
1062 2441 1139 2476 105.
1187 2441 1272 2474 Nec
1306 2441 1453 2475 studio
1484 2441 1539 2474 ci-

915 2488 1066 2521 tharae
1089 2497 1165 2520 nec
1189 2486 1334 2519 Musae
1359 2487 1538 2520 deditus

914 2533 1003 2566 ulli.
1055 2533 1110 2565 De
1144 2532 1394 2574 comparatione
1426 2533 1537 2574 legum

915 2577 1067 2631 (νόμων)
1080 2587 1156 2610 cum
1181 2577 1292 2610 modis
1308 2578 1458 2618 musicis,
1481 2577 1536 2619 qui

915 2625 995 2658 item
1026 2621 1124 2662 νόμοι
1154 2626 1335 2663 vocantur,
1372 2634 1402 2656 v.
1438 2623 1536 2656 etiam
