1612 2872
0 110 5 204 ξ

0 207 3 262 ἔ

0 266 11 298 s,

467 102 551 146 DE
584 82 863 148 memus
895 73 976 145 «ἐκ.
1220 101 1401 146 cxxv

23 216 106 258 rita
131 216 260 259 etiam
305 215 352 257 in
391 214 588 272 Legibus
628 214 773 258 omnia
813 212 965 256 eodem
995 212 1266 269 referantur,
1300 220 1397 256 tan-

0 315 1 329 ,
43 286 224 328 tumque
261 271 410 326 abest,
458 278 508 314 ut
546 272 674 314 Plato
714 271 798 314 hac
851 271 896 313 in
934 275 1059 326 parte
1105 284 1255 313 secum
1302 270 1398 326 ipse

0 367 1 370 ,
43 329 301 382 dissentiat,
343 335 392 371 ut
421 328 466 371 in
496 335 685 384 utroque
716 341 871 384 opere,
904 327 1035 371 sicuti
1065 328 1195 370 etiam
1224 327 1269 368 in
1300 327 1398 370 aliis

42 385 165 429 libris
204 386 332 441 fecit,
385 385 566 428 eandem
617 384 829 427 rationem
891 391 1148 427 constanter
1203 389 1396 426 tueatur.

42 443 194 498 Atque
236 458 290 485 ex
332 444 414 485 hac
454 457 541 484 una
583 442 768 484 maxime
796 455 844 483 re
873 441 959 483 iam
989 440 1099 483 illud
1127 456 1302 496 quoque
1330 441 1397 483 iu·

43 498 179 542 dicari
216 499 402 556 poterit,
443 499 602 554 quibus
642 498 811 540 caussis
853 505 1076 553 permotus
1107 497 1397 554 philosophus

39 555 80 598 le
114 557 211 599 ibus
254 556 344 599 suis
385 570 519 610 quum
558 554 772 597 universis
812 560 905 596 tum
943 554 1128 611 singulis
1175 556 1399 611 prooemia

42 572 284 664 afdiderin
316 611 371 654 de
402 627 491 666 qua
518 627 565 654 re
596 626 726 667 quam
745 611 864 653 varie
885 610 945 653 sit
973 611 1228 665 iudicatum,
1250 619 1398 655 osten·-

40 669 182 712 dimus
221 669 267 710 in
305 679 453 712 annot.
497 667 555 711 ad
593 668 715 710 Libr.
756 667 838 710 lV.
880 683 923 723 p.
956 669 1052 710 716.
1084 669 1181 710 722.
1212 669 1264 711 B.
1297 669 1397 711 coll.

38 725 126 768 IX.
169 742 212 783 p.
244 727 341 768 850.
381 727 435 768 A.
493 725 711 768 Moralem
740 724 854 766 enim
884 724 1026 767 voluit
1055 739 1154 767 esse
1183 724 1397 782 legumla-

38 783 204 825 tionem
248 797 396 836 suam,
443 782 615 837 qualem
657 781 842 824 maxime
887 780 1102 823 iudicavit
1145 781 1184 823 ei
1226 782 1397 824 civitati

17 839 289 895 ·convenire‚
315 840 384 881 cui
405 839 545 881 virtus
577 844 694 882 esset
713 838 953 895 proposita.
1014 838 1172 894 Itaque
1192 854 1280 881 non
1299 849 1396 881 tan-

39 903 133 939 tum
171 897 259 939 vim
299 896 446 953 legum
477 895 701 949 adhibuit,
742 910 924 951 quarum
954 894 1139 951 imperio
1168 895 1287 939 cives
1317 911 1397 953 pa-

38 969 134 996 rere
163 961 449 1011 cogerentur,
490 952 569 996 sed
597 967 707 995 usus
738 952 866 995 etiam
899 958 967 995 est
994 952 1292 1009 persuasionis
1319 954 1396 996 Be·-

38 1009 287 1053 nevolentia
326 1015 458 1066 atque
500 1010 781 1052 consiliorum
820 1009 1026 1063 lenitate,
1061 1025 1148 1065 quo
1177 1024 1266 1052 una
1296 1025 1396 1053 cum

39 1066 222 1126 parendi
253 1067 515 1109 necessitate
545 1067 675 1109 etiam
696 1067 863 1109 arbitrii
881 1066 1060 1109 libertas
1081 1075 1125 1109 et
1142 1066 1269 1109 bonis
1292 1082 1396 1110 con-

18 1122 150 1167 'siliis
173 1123 446 1178 obsequendi
465 1123 667 1166 voluntas
696 1124 920 1178 existeret,
952 1123 1068 1166 unde
1092 1124 1267 1167 virtutis
1297 1123 1395 1167 laus

40 1187 171 1236 atque
202 1180 396 1237 dignitas
425 1195 551 1223 suum
581 1181 666 1223 sibi
694 1180 839 1223 locum
880 1186 1090 1222 tueretur.
1159 1179 1261 1234 Quo
1297 1181 1395 1238 ipso

40 1237 199 1291 effecit,
231 1244 280 1279 ut
310 1237 528 1279 civitatem
555 1237 809 1290 humanam,
846 1252 975 1292 quam
995 1244 1220 1292 tamquam
1242 1253 1392 1280 exem-

39 1295 136 1352 plar
158 1293 377 1350 quoddam
399 1294 653 1336 mortalibus
674 1294 920 1350 proposuit,
950 1294 1133 1350 propius
1161 1294 1396 1338 adduxerit

41 1351 97 1395 ad
132 1350 307 1394 laudem
357 1356 400 1393 et
448 1352 756 1407 praestantiam
794 1352 985 1407 optimae
1026 1351 1143 1394 illius
1183 1352 1392 1408 civitatis,

42 1423 153 1464 quae
191 1409 245 1451 ab
283 1408 498 1451 humanae
540 1410 656 1451 vitae
685 1407 1012 1451 conditionibus
1044 1408 1268 1463 aliquanto
1298 1410 1394 1452 lon-

42 1465 138 1523 gius
178 1464 329 1519 distat,
362 1464 562 1520 adeoque
611 1464 658 1507 id
688 1471 755 1508 est
796 1472 1085 1519 consecutus,
1124 1472 1175 1508 ut
1206 1481 1320 1521 quae
1349 1467 1395 1509 in

42 1522 204 1579 optima
241 1521 420 1564 civitate
459 1522 587 1564 unice
628 1522 916 1579 probaverat,
958 1538 1008 1565 ea
1037 1537 1092 1564 ne
1122 1522 1169 1564 in
1200 1523 1395 1579 secunda

71 1578 216 1621 uidem
250 1578 500 1634 republica,
545 1594 675 1634 quam
706 1580 958 1634 constituit,
999 1586 1048 1621 ut
1077 1576 1196 1622 mera
1226 1581 1396 1623 somnia

42 1594 312 1678 damnavisse
342 1641 418 1678 aut
446 1636 762 1692 improbavisse
791 1636 975 1679 iudicari
1005 1637 1160 1693 possit.

154 1692 514 1735 Demonstratum
554 1699 623 1735 est
658 1693 795 1750 igitur
824 1693 1057 1748 hactenus,
1089 1693 1319 1737 Platonem
1347 1695 1393 1738 in

42 1748 271 1792 condenda
309 1750 472 1806 optima
499 1750 704 1804 civitate,
745 1751 915 1805 qualem
945 1766 1100 1794 revera
1130 1751 1233 1794 oriri
1261 1766 1394 1808 posse

42 1805 276 1860 iudicavit,
313 1806 446 1849 finem
476 1806 676 1849 ultimum
706 1813 838 1861 atque
868 1823 1108 1862 summum,
1150 1808 1234 1863 qui,
1265 1809 1306 1851 ei
1334 1809 1395 1852 sit

41 1862 317 1920 propositus,
356 1864 522 1918 pariter
552 1870 683 1919 atque
715 1864 820 1906 fecit
849 1865 895 1906 in
924 1864 1191 1922 Republica,
1230 1865 1277 1907 in
1305 1866 1395 1908 vir-

42 1925 140 1962 tute
178 1919 369 1974 positum
410 1920 658 1974 censuisse,
698 1920 890 1976 ideoque
927 1923 1059 1964 etiam
1098 1922 1271 1978 legibus
1301 1923 1394 1966 suis

43 1974 268 2018 addidisse
298 1977 473 2019 virtutis
500 1982 544 2018 et
565 1976 811 2019 honestatis
830 1977 1119 2020 hortamenta.
1179 1978 1395 2033 Sequitur

42 2032 143 2086 iam,
174 2039 222 2074 ut
251 2032 547 2087 quaerendum
567 2034 627 2076 sit
656 2033 711 2076 de
736 2034 954 2076 variarum
974 2035 1184 2076 virtutum
1212 2036 1394 2078 rationi-

43 2088 126 2132 bus
162 2089 207 2131 in
248 2089 381 2132 variis
423 2089 689 2147 reipublicae
727 2090 928 2146 partibus
958 2106 1010 2134 ac
1040 2091 1198 2134 civium
1228 2092 1394 2135 ordini-

7 2182 15 2188 .
44 2145 126 2188 bus
161 2145 418 2189 illustribus.
491 2147 554 2190 Et
597 2146 670 2189 hic
709 2147 886 2203 quidem
926 2149 1074 2190 statim
1113 2163 1140 2190 a
1177 2149 1393 2207 principio

42 2201 401 2249 animadvertisse
429 2203 598 2247 iuvabit
636 2203 751 2246 idem
781 2219 963 2261 prorsus
992 2206 1215 2249 observari
1245 2206 1391 2263 licere,

46 2258 164 2357 quod
219 2259 266 2301 in
325 2260 455 2302 simili
512 2276 670 2304 caussa
726 2262 813 2303 iam
861 2277 995 2318 supra
1038 2262 1391 2307 observavimus.

86 2315 324 2371 emperavit
359 2317 474 2358 enim
512 2317 800 2375 philosophus
852 2318 897 2360 in
937 2318 1020 2362 hac
1058 2334 1232 2376 quoque
1265 2327 1392 2377 parte

49 2369 271 2414 doctrinae
312 2387 416 2416 suae
447 2373 690 2418 admirabili
720 2375 887 2432 ingenii
916 2377 1107 2419 sollertia
1136 2391 1248 2432 quae
1278 2378 1392 2435 opti-

49 2442 141 2471 mae
161 2429 327 2472 civitati
343 2430 522 2486 propria
538 2431 772 2488 adscripsit
789 2432 1003 2489 eomodo,
1024 2439 1074 2475 ut
1091 2448 1157 2488 ea,
1179 2441 1392 2489 quantum

49 2499 126 2540 per
143 2500 235 2528 rem
260 2486 399 2542 ipsam
427 2487 521 2530 fieri
539 2490 700 2544 potuit,
733 2488 788 2530 ad
807 2488 986 2533 alteram
1006 2491 1228 2533 civitatem
1248 2498 1392 2534 trans-

49 2541 197 2584 tulerit
233 2557 315 2587 nec
354 2559 460 2586 vero
501 2551 664 2588 temere
713 2544 965 2590 deseruerit.
1038 2546 1172 2601 Quod
1212 2548 1391 2603 quidem

50 2598 200 2640 utita
235 2599 427 2655 faceret,
477 2601 522 2643 in
561 2602 734 2645 virtutis
782 2602 1015 2660 disciplina
1051 2605 1123 2647 vel
1166 2604 1268 2647 ideo
1307 2605 1392 2647 fuit

50 2655 355 2710 necessarium,
386 2658 488 2712 quia
515 2673 568 2700 ex
599 2658 790 2702 secunda
819 2660 995 2704 civitate
1025 2661 1221 2704 ordinem
1250 2668 1391 2704 recto-
