1612 2872
180 83 265 125 DE
297 81 575 126 LEGIBUS
608 80 727 125 11113.
759 81 794 124 1.
826 80 876 124 P.

113 205 156 244 A
162 201 214 245 Θ.

19 268 125 312 τάδε
138 282 149 293 ·

909 81 1006 123 648.
1039 81 1136 124 649.
1169 78 1235 123 St.
1297 80 1376 121 1‘27

298 200 451 244 Πάλιν
495 198 550 254 δὴ
592 198 707 258 πρὸς
753 197 835 244 τὸν
881 200 1142 255 νομοθέτην
1191 199 1382 253 λέγωμεν

191 267 318 319 Εἶεν,
351 261 384 310 ὦ
423 270 680 324 νομοθέτα,
719 269 797 311 τοῦ
835 269 916 323 μὲν
951 263 1006 320 δὴ
1041 265 1188 325 φόβου
1224 262 1381 321 σχεδὸν
1412 268 1523 329 649‘

17 334 120 380 οὔτε
175 333 290 386 θεὸς
343 337 500 379 ἔὺωκεν
552 333 825 390 ἀνθρώποις
878 335 1088 378 τοιοῦτον
1141 330 1383 392 φάρμακον

19 402 121 448 οὔτε
168 402 298 446 αὐτοὶ
344 402 719 459 μεμηχανημεθα.
761 400 865 452 τοὺς
898 400 985 458 ,ὰρ
1020 400 1189 456 γόητας
1222 399 1304 444 οὐκ
1336 405 1384 444 ἐν

20 473 132 515 stoli·
138 488 162 531 η
197 472 269 524 λέ)
271 484 327 512 ω·

375 473 454 522 τῆς
504 473 548 513 δὲ
583 470 784 530 ἀφοβίας
818 487 891 512 και
928 470 1011 512 τοῦ
1046 471 1149 512 λίαν
1184 465 1384 527 θαρῥεῖν

18 557 91 582 και
127 538 322 594 ἀκαίρως
355 536 385 581 ἃ
419 536 481 594 μὴ
513 537 620 595 χρή,
673 536 863 592 πότερον
910 539 972 585 ἔςι
1012 537 1171 592 πῶμα,
1223 534 1247 590 ἢ
1291 537 1385 587 πῶς

19 608 222 661 λέγομενς

123 673 224 716 ΚΛ.
282 668 391 722 ”Εςι,
422 668 550 730 φήσει
590 687 691 722 που,
728 669 807 713 τὸν
844 668 970 713 οἶνον
1006 667 1204 726 φράζων.

118 740 220 782 ΛΘ.
275 731 344 781 'H
389 741 461 781 καὶ
509 737 778 782 τούναντίον
820 741 904 794 ἔχει
940 738 1076 780 τοῦτο
1111 738 1174 791 τῷ
1209 739 1293 780 νῦν
1329 735 1416 790 δὴ·

19 809 260 863 λεγομένῳς
305 805 468 849 πιόντα
504 804 586 850 τὸν
619 805 877 863 ἄνθρωπον
914 802 1055 848 αὐτὸν
1090 801 1236 848 αὑτοῦ
1271 812 1389 849 ποιεῖ

23 970 78 996 τος
101 967 164 1001 pro
190 954 364 1000 πόματος,
387 962 424 991 ut
448 959 565 991 soient
591 958 753 991 Bekkero
777 963 882 998 teste,
907 967 926 990 a
955 966 1007 1000 pr.
1034 967 1078 990 m.
1106 960 1147 990 A.
1178 955 1218 990 Ω.

114 1007 336 1046 σωφρονοῖ
363 1004 464 1049 γάρ,
474 1006 489 1048 ]
522 1005 581 1038 Sic
610 1007 657 1038 A.
690 1004 729 1038 Β.
762 1005 801 1037 Ξ.

24 1050 50 1083 V
54 1051 134 1093 uino
159 1053 335 1090 σωφρονεῖ.

116 1096 155 1128 Ρ.
181 1094 260 1129 649.

842 1001 1387 1038 52...t'hr..a.co....‹5xz

311 1095 331 1135 ιῖ
358 1099 440 1133 πῶς
465 1095 670 1139 &drasam-,-
678 1096 692 1138 ]
721 1096 871 1140 nymfan
895 1105 1004 1137 marg
1035 1092 1072 1126 Ω.
1124 1095 1207 1127 Dein
1237 1095 1315 1128 Par.
1345 1099 1385 1129 A.

22 1153 55 1177 x.
89 1147 123 1175 et
151 1151 241 1175 corr.
279 1139 318 1175 Ω.
349 1141 367 1175 0‘
399 1146 482 1175 ante
515 1141 654 1186 φράζων
684 1143 868 1175 articulum
895 1157 911 1174 ο
941 1152 1010 1174 om.
1021 1151 1157 1183 ,quem
1186 1152 1263 1174 cnm
1294 1143 1384 1176 Bek-

22 1190 108 1223 kero
133 1187 259 1221 delevi

24 1302 222 1347 φάρμακον.
257 1301 341 1334 Dein
368 1299 670 1334 Heindorfius

25 1348 178 1392 Specim.
211 1348 296 1381 Crit.
329 1359 361 1390 p.
393 1346 449 1381 30.
485 1347 668 1388 legendum

23 1399 144 1429 censet
174 1393 322 1436 πότερον
362 1395 435 1426 ἔστι
475 1405 514 1424 τι
548 1396 671 1436 πῶμας

0 1451 95 1484 quo
131 1451 199 1474 non
240 1450 329 1482 opus
378 1450 457 1472 esse
497 1444 671 1481 putamus.

26 1487 189 1521 Ceterum
248 1496 315 1519 nou
366 1485 553 1518 obscurum
603 1490 670 1526 est,

25 1544 190 1576 quorsum
231 1543 289 1573 ea,
331 1542 423 1574 quae
467 1530 547 1564 inde
584 1542 604 1564 a
639 1543 671 1574 p.

26 1579 104 1615 647.
133 1579 172 1612 E.
200 1578 243 1611 de
274 1583 391 1611 metus
417 1578 593 1610 excitandi
620 1579 672 1611 via

26 1632 60 1659 et
90 1626 223 1660 ratione
248 1625 426 1666 disputata
454 1628 555 1662 sunt,
592 1634 669 1666 per-

26 1672 167 1705 tineant.
223 1670 349 1703 Docuit
390 1670 481 1710 euim
513 1669 669 1712 philoso-

25 1717 132 1761 phus,
180 1716 389 1761 prudentem
434 1717 670 1758 legislatorem

27 1774 95 1797 non
129 1772 379 1806 usquequaque
410 1767 672 1805 aspernaturum

28 1821 127 1849 esse,
153 1810 182 1842 si
208 1809 264 1850 qui
290 1812 395 1850 potus
420 1812 585 1850 suppetat
611 1808 671 1849 qui

29 1857 145 1888 valeat
179 1855 223 1887 ad
261 1854 394 1886 animos
430 1858 525 1886 metu
568 1859 604 1886 et
629 1853 671 1886 ti-

29 1911 127 1934 more
151 1901 356 1943 replendos,
389 1899 451 1931 sed
489 1900 605 1941 potius
630 1909 673 1930 eo

26 1948 77 1980 ita
103 1956 262 1987 usurum,
289 1950 327 1977 ut
351 1945 476 1978 civium
500 1944 674 1977 fortitudo

30 1998 65 2025 et
94 1993 292 2026 constantia
316 1992 369 2023 ve!
396 1993 598 2033 exploretur
621 1990 674 2022 vel

29 2043 237 2072 exerceatur
272 2041 380 2078 atque
410 2037 668 2069 corroboretur.

30 2085 111 2118 Hoc
141 2084 247 2126 igitur
280 2093 370 2116 nunc
397 2084 608 2115 transfertur
633 2081 675 2114 nd

30 2141 128 2164 usum
155 2131 222 2163 vini
247 2135 355 2171 atque
376 2129 673 2171 compotationes.

31 2176 264 2214 Quamobrem
290 2186 353 2209 nec
385 2175 443 2207 hic
468 2175 676 2208 assentimur

33 2222 214 2256 Zenero
239 2221 339 2255 stud.
367 2221 455 2254 Piat.
485 2233 517 2264 p.
546 2222 601 2256 77·
627 2221 675 2252 ita

31 2267 218 2301 scribenti.
268 2268 354 2309 „So
394 2268 486 2308 trfigt
533 2267 557 2299 Ι.
594 2265 674 2302 647

34 2314 74 2347 E.
101 2313 252 2348 -649.
268 2292 329 2350 ”,Δ
360 2311 437 2346 die
469 2313 675 2354 Verglei-

33 2359 175 2401 chung
206 2359 285 2392 des
316 2357 468 2392 -weius
503 2360 581 2391 mit
619 2358 676 2391 ei—

33 2415 122 2438 nem
157 2404 319 2439 Furem
353 2404 676 2438 bewirkenden

32 2451 209 2484 Trauke
255 2449 401 2483 nichts
449 2460 525 2483 zur
573 2451 676 2483 Ver-

32 2494 328 2538 deutiichung
358 2496 451 2534 bei,
475 2497 526 2529 da
553 2497 589 2530 ia
615 2497 675 2528 ie-

32 2551 110 2575 ner
141 2541 284 2576 Trank
318 2542 460 2575 selbst
485 2553 566 2575 nur
590 2542 673 2574 fin-

32 2588 141 2630 gin,
166 2590 307 2621 somit
331 2597 408 2621 nur
433 2589 508 2621 das
536 2588 674 2622 Unbe-

33 2635 199 2667 kanuto
224 2644 299 2667 zur
324 2632 575 2677 Erkiirung
598 2633 675 2667 des

38 2679 295 2714 Bekannteu
378 2679 676 2723 gebraucbt

739 1301 841 1334 ist.“
903 1300 1079 1334 Nimirum
1130 1302 1388 1343 argumentatio

739 1346 824 1381 baec
872 1352 944 1380 est:
1004 1347 1164 1380 Prudens
1212 1347 1390 1390 legislator

739 1404 838 1426 usum
866 1395 946 1426 taiis
972 1394 1136 1436 potionis,
1161 1404 1252 1435 quae
1267 1398 1390 1436 posset

740 1444 776 1473 et
817 1446 944 1473 metum
989 1441 1143 1473 excitare
1176 1440 1207 1472 in
1250 1440 1387 1481 animis,

740 1496 808 1518 non
849 1486 1097 1528 repudiaturus
1143 1489 1250 1518 esset.
1296 1485 1389 1528 ,Sed

741 1533 901 1566 nimirum
929 1534 1011 1566 talis
1037 1533 1133 1575 potio
1167 1541 1235 1564 non
1261 1525 1390 1574 suppel-

742 1579 793 1611 tit.
820 1580 871 1611 At
896 1589 978 1612 vero
1004 1579 1035 1611 in
1063 1582 1202 1620 promtu
1228 1581 1283 1610 est
1297 1577 1388 1611 aliud

740 1634 852 1666 genus
902 1625 1073 1667 potionis:
1131 1625 1245 1656 vinnm
1299 1625 1388 1657 enim

740 1670 936 1704 contrarios
964 1670 1070 1704 metui
1086 1670 1243 1704 'affectus
1259 1674 1390 1703 movet.

740 1717 861 1758 ltaque
901 1718 959 1750 ille
998 1720 1099 1749 tanto
1139 1716 1252 1749 minus
1290 1715 1390 1749 huius

739 1772 840 1796 usum
879 1764 1143 1807 aspernabitur,
1181 1772 1252 1804 quo
1294 1763 1390 1796 saiu-

741 1809 835 1841 brius
877 1809 961 1842 muci
1003 1809 1158 1842 adbiberi
1194 1812 1315 1851 potest
1345 1809 1390 1841 ad

741 1856 878 1888 animos
920 1855 1095 1888 hominum
1137 1855 1392 1897 temperantiae

743 1905 778 1932 et
803 1901 1035 1934 continentiae
1059 1900 1359 1933 assuefaciendos.

789 1944 959 1978 πιόντα
1015 1945 1096 1977 τὸν
1149 1945 1393 1989 ἄνθρωπον

743 1991 811 2032 —J
842 1991 932 2024 Libr.
962 1992 1005 2027 11.
1031 2001 1064 2034 Ρ.
1092 1991 1170 2026 671.
1199 1992 1245 2024 Be
1278 1990 1394 2023 αὐτὸς·

742 2036 858 2068 αὑτοῦ
890 2037 1107 2080 κουφότερος
1132 2038 1281 2081 αἴρεται.
1318 2037 1390 2070 Vll.

744 2094 776 2126 p.
803 2083 882 2118 797.
910 2083 967 2118 D:
1004 2082 1171 2126 μειζόνως
1195 2082 1394 2125 οἷκούσωμεν

745 2128 843 2171 ἡμῶν
889 2129 1017 2161 αὐτῶν.
1063 2129 1107 2162 X.
1149 2140 1182 2172 p.
1221 2130 1301 2164 909.
1345 2130 1392 2161 Dt

745 2174 877 2207 ἐλάττω
903 2194 946 2199 -
973 2173 1088 2208 αὐτῶν
1118 2174 1204 2211 τοὺς
1238 2175 1393 2212 πολλοὺς

745 2222 968 2262 πλημμελεῖν.
1002 2221 1073 2254 Sed
1100 2222 1281 2254 notissima
1306 2222 1394 2254 haec

747 2272 801 2299 est
833 2267 1052 2301 Graecorum
1090 2268 1254 2310 loquendi
1289 2267 1392 2308 ratio,

746 2323 848 2355 quam
882 2314 1011 2346 affatim
1050 2314 1265 2347 illustrarunt
1294 2314 1394 2346 Vai-

747 2360 922 2392 ckenar.
948 2359 994 2392 ad
1019 2359 1194 2401 Herodot.
1223 2360 1313 2394 vm.
1337 2360 1395 2395 86.

750 2405 958 2438 Boisson.
990 2406 1033 2438 ad
1062 2406 1225 2439 philostr.
1252 2406 1395 2439 Heroic.

745 2462 778 2493 p.
806 2451 876 2486 325
900 2462 975 2494 sqq.
1002 2451 1201 2485 Fischer.
1230 2452 1273 2484 ad
1300 2451 1392 2485 Wei-

747 2498 808 2529 ier.
836 2498 884 2531 11.
911 2509 944 2540 p.
970 2497 1049 2534 148.
1083 2498 1302 2531 Matthiae
1329 2498 1394 2532 Gr.

744 2543 808 2575 Gr·
834 2544 863 2586 ἕ.
889 2543 970 2579 452.
998 2547 1042 2578 ai.
1095 2544 1174 2577 Hoc
1208 2545 1288 2577 ioco
1321 2545 1394 2576 sin·

743 2590 867 2629 gulare
895 2595 951 2624 est
974 2590 1073 2634 iliud,
1099 2590 1194 2632 quod
1222 2595 1303 2632 post
1327 2588 1392 2621 αὖ-

742 2638 810 2668 τοιῖ
832 2636 968 2679 μᾶλλον
1002 2647 1045 2670 ex
1076 2636 1285 2675 abundanti,
1317 2639 1393 2674 aut,

743 2681 772 2712 εἰ
810 2683 856 2716 ita
897 2684 1032 2724 mavis,
1079 2692 1144 2724 per
1180 2681 1391 2724 epexegesin
