1612 2872
218 105 301 146 1211
651 100 1127 144 PROLEGOMENA

219 215 349 256 etiam
379 229 525 256 verum
558 214 830 269 perspexisse
859 227 984 254 nemo
1015 213 1243 267 quisquam
1274 213 1434 255 infitias
1464 214 1552 255 ive-

219 270 287 312 rit.
335 272 480 324 Atque
513 269 619 310 haec
650 268 824 322 quidem
856 283 986 322 quum
1007 268 1067 309 ita
1086 283 1183 310 sese
1213 269 1412 322 habeant,
1434 269 1552 311 nullo

215 326 391 382 negotio
414 325 680 379 intelligitur,
717 339 770 365 ne
790 339 840 365 ea
862 323 1048 378 quidem,
1083 339 1192 378 quae
1211 325 1468 367 Aristoteles
1499 324 1551 366 de

218 382 384 436 Legum
431 379 747 421 l'latoniearum
777 380 988 421 institutis
1019 380 1277 435 disputavit,
1317 380 1551 434 quidquam

217 437 460 487 continere7
503 434 618 489 quod
660 435 751 477 eius
792 436 1082 477 testimonium
1134 443 1186 477 cte
1234 435 1360 477 huius
1411 438 1551 491 operis
1606 466 1612 471 -

217 498 390 533 auctore
430 491 517 531 ullo
556 490 684 532 modo
723 490 902 533 dubium
956 499 1031 533 aut
1078 497 1326 546 suspectum
1375 492 1551 533 reddere

216 562 344 602 posse
375 545 586 587 videatur.
645 546 744 588 Jam
776 562 877 588 vero
908 547 1012 588 haec
1044 548 1187 588 omnia
1218 549 1254 588 si
1274 547 1553 603 probabiliter

216 609 316 643 sunt
344 602 515 644 anobis
539 602 774 656 disputata,
807 618 917 656 quae
949 618 973 644 a
1002 604 1105 644 viris
1135 603 1273 644 doctis
1305 602 1359 643 ad
1380 603 1553 646 convel-

216 658 386 699 lendam
438 658 684 699 Aristotelis
730 659 1032 700 auctoritatem
1077 659 1244 714 prolata
1279 665 1401 713 suut⁷
1448 660 1551 700 nihil

216 713 455 767 quidquam
485 714 626 754 valere
659 729 929 768 consequens
963 730 1055 756 esse
1086 715 1354 756 arbitramur.

327 769 537 822 Sequitur
570 770 723 825 igitur,
768 779 816 811 ut
846 770 898 812 de
930 776 1168 812 ceterorum
1200 771 1458 825 scriptorum
1489 775 1553 812 te·-

216 825 428 866 stimoniis
471 825 764 879 quaerendum
794 827 874 876 sit,
909 841 1018 880 quae
1050 833 1093 867 et
1120 827 1216 881 ipsa
1245 826 1289 866 in
1319 825 1552 867 dubitatio-

215 896 313 922 nem
355 890 510 922 vocata
550 887 663 923 sunt.
734 881 1034 924 vindicandus
1072 890 1216 924 autem
1256 881 1325 923 hic
1365 897 1390 923 a
1430 882 1552 924 malis

215 936 537 990 suspicionibus
570 943 668 978 ante
707 952 854 979 omnes
885 945 950 979 est
978 937 1207 980 Isocrates.
1266 938 1409 979 Huius
1440 938 1552 979 enim

213 992 376 1043 locum,
409 1007 537 1045 quem
564 1007 695 1048 supra
723 993 971 1047 attulimus„
1017 1009 1154 1049 nuper
1183 993 1491 1036 Succovius
1521 994 1550 1037 l.

215 1063 251 1090 c.
283 1062 326 1102 p.
364 1048 441 1089 104
472 1063 567 1102 sqq.
595 1048 723 1089 talem
755 1063 850 1090 esse
881 1049 1118 1102 contendit,
1150 1049 1263 1091 unde
1294 1049 1438 1104 Leges
1456 1064 1552 1104 per-

214 1118 364 1159 peram
395 1103 568 1144 Platoni
599 1104 766 1146 auctori
805 1105 991 1146 tributas
1030 1119 1124 1147 esse
1154 1105 1388 1146 clarissime
1420 1120 1550 1160 appa·

215 1165 333 1212 reat,
376 1159 730 1214 quandoquidem
762 1160 980 1202 Isocrates
1006 1176 1094 1202 non
1121 1161 1302 1202 obscure
1333 1161 1551 1216 significa-

215 1215 348 1267 verit,
389 1230 462 1256 eas
494 1215 566 1256 alii
597 1216 800 1271 scriptori
832 1224 1031 1272 acceptas
1061 1217 1208 1258 referri
1240 1231 1366 1271 quam
1399 1217 1551 1258 Politi-

214 1286 295 1312 am.
357 1271 469 1312 Nam
510 1271 732 1313 Platonem
772 1272 832 1314 ibi
859 1273 1013 1327 respici
1046 1272 1244 1327 quidem⁷
1286 1272 1363 1313 sed
1393 1273 1551 1327 respici

214 1332 393 1382 propter
435 1341 562 1368 unam
603 1327 929 1382 Rempublieam
970 1329 1061 1370 sive
1097 1327 1352 1379 Civitatem3
1383 1329 1552 1384 Legum

215 1388 358 1424 autem
388 1383 521 1424 libros
553 1383 606 1424 ab
636 1383 710 1424 illa
740 1383 801 1424 ita
817 1383 1042 1440 distingui,
1073 1391 1124 1425 ut
1152 1384 1248 1425 illos
1280 1384 1551 1426 manifestum

216 1439 273 1479 sit
303 1454 389 1479 non
419 1438 607 1492 Platoni,
641 1439 718 1480 sed
746 1440 818 1480 alii
849 1439 1018 1482 cuidam
1044 1440 1302 1495 philosopho
1324 1441 1551 1496 assignari.

216 1492 353 1536 Cuius
395 1493 569 1547 quidem
609 1497 848 1537 sententiae
882 1511 984 1537 suae
1015 1502 1265 1552 argumenta
1297 1497 1360 1537 vir
1389 1496 1551 1538 doctis·

216 1551 351 1592 simus
390 1550 497 1591 haec
539 1551 696 1593 attulit.
767 1552 957 1592 Primum
998 1552 1109 1593 enim
1149 1557 1276 1608 urget
1303 1551 1400 1607 hoo,
1434 1551 1551 1607 quod

214 1605 431 1648 Isocrates
461 1621 639 1648 numero
667 1607 881 1662 plurativo
910 1608 1134 1662 scripserit
1163 1606 1252 1649 ὑπὸ
1291 1610 1379 1649 τῶν
1419 1623 1549 1664 σοφι-

213 1663 350 1711 στῶν,
393 1677 446 1703 ex
485 1676 571 1716 quo
602 1663 876 1705 manifestum
906 1677 1000 1705 esse
1031 1664 1276 1717 arbitratur,
1305 1679 1388 1705 non
1420 1678 1551 1705 unum

213 1717 440 1759 Platonem
478 1724 567 1759 tam
607 1718 775 1775 Legum
817 1733 946 1773 quam
978 1719 1164 1761 Politiae
1193 1725 1410 1761 auctorem
1439 1719 1550 1760 iudi-

213 1773 325 1827 cari,
358 1773 436 1814 sed
466 1773 612 1828 plures
644 1789 806 1829 eosque
834 1774 1030 1817 diversos
1058 1775 1210 1817 horum
1239 1789 1415 1830 operum
1447 1790 1550 1817 eon·

215 1828 374 1871 ditores
405 1829 599 1871 extitisse
629 1830 878 1886 significari.
937 1830 1108 1872 Deinde
1137 1846 1191 1872 ex
1218 1831 1360 1873 verbis
1382 1831 1550 1873 Isocra—

213 1885 269 1927 tis
302 1899 512 1941 apparere
543 1892 717 1940 censet,
764 1885 850 1928 duo
881 1887 1141 1942 scriptorum
1171 1901 1333 1942 genera
1361 1901 1455 1929 esse
1485 1887 1548 1928 in-

213 1940 475 1997 telligenda,
523 1956 704 1996 quorum
755 1942 937 1984 alterum
985 1942 1042 1984 ad
1091 1958 1218 1984 unam
1268 1943 1403 1984 solam
1443 1943 1548 1984 civi-

214 1996 315 2038 tatis
347 1997 697 2039 constitutionem
726 1998 999 2052 pertinuerit,
1031 2001 1232 2051 alterum,
1264 1998 1432 2040 etiamsi
1461 1999 1548 2040 exi-

214 2052 299 2093 mie
326 2052 446 2108 leges
477 2053 746 2108 complexum
777 2054 848 2107 sit,
878 2059 1021 2095 tamen
1049 2054 1152 2095 item
1176 2054 1364 2095 civitatis
1394 2059 1437 2095 et
1465 2055 1548 2096 rei-

246 2107 415 2149 ublicae
434 2109 644 2150 rationem
669 2109 884 2165 attigerit3
916 2109 1108 2164 alioquin
1129 2109 1240 2150 enim
1270 2124 1348 2165 per
1375 2110 1547 2167 linguae

213 2123 334 2219 leges
374 2162 468 2204 fieri
498 2179 584 2206 non
610 2165 819 2220 potuisse,
849 2169 898 2207 ut
924 2165 1078 2207 verba:
1121 2173 1217 2213 ταῖς
1245 2165 1330 2207 ὑπὸ
1361 2167 1447 2208 τῶν
1478 2182 1545 2210 σο-

215 2220 385 2273 φιστῶν
414 2225 748 2275 γεγραμμέναις,
769 2226 923 2277 utpote
943 2221 1150 2263 ambobus
1179 2221 1424 2264 nominibus
1445 2223 1547 2264 sub-

215 2274 414 2316 stantivis
446 2290 603 2330 genere
642 2276 847 2319 feminino
887 2277 1153 2332 postposita,
1196 2277 1322 2319 simul
1361 2277 1416 2318 ad
1454 2286 1547 2326 τυῖς

213 2329 372 2383 νόμοις
411 2330 684 2374 referrentur.
752 2333 821 2374 Ex
851 2347 937 2387 quo
977 2332 1147 2388 colligit
1184 2332 1421 2374 Isocratem
1446 2349 1547 2375 .non

213 2386 409 2441 potuisse
440 2385 492 2427 de
522 2386 718 2443 Legibus
749 2389 880 2444 vulgo
908 2388 1080 2429 Platoni
1121 2388 1296 2431 tributis
1336 2389 1544 2445 cogitare,

242 2456 345 2483 uum
385 2441 430 2482 in
467 2441 520 2483 iis
559 2443 856 2486 tantummodo
895 2443 949 2486 de
977 2443 1295 2508 legumkztione,
1325 2459 1414 2486 non
1442 2445 1546 2486 item

244 2511 267 2540 e
295 2497 432 2539 forma
461 2512 512 2540 ac
541 2496 828 2554 descriptione
856 2499 1118 2555 reipublicae
1148 2506 1301 2556 agatur
1328 2500 1367 2554 ¹⁸⁸)
1381 2531 1394 2553 ‚
1424 2500 1543 2542 ideo-

220 2578 478 2586 ———

278 2610 309 2651 *)
342 2609 458 2641 Verba.
485 2611 593 2651 ipsius
624 2612 710 2643 haec
744 2618 842 2645 sunt:
897 2613 992 2644 Wir
1021 2611 1198 2644 miissen
1227 2615 1438 2646 zweitens
1473 2614 1543 2645 be·
1598 2624 1606 2671 ,ᾖ

347 2655 558 2695 hawton,
603 2657 700 2688 dass
745 2659 811 2688 (lie
871 2657 1122 2696 Schriften,
1174 2658 1247 2689 die
1302 2658 1543 2690 Isokrates
