1612 2872
246 87 330 131 DE
367 86 643 131 LEGIBUS
677 87 795 130 [ΑΒ.
833 86 913 128 IV.
946 87 992 128 P.
1028 89 1121 129 713.
1156 87 1221 131 St..

57 225 136 264 περ
176 207 297 262 ἡμεῖς
333 208 685 261 διεληλύθαμεν,
735 206 792 257 ὡς
845 206 1114 262 ἀνθρωπεία
1149 204 1282 264 φύσις
1317 205 1420 250 οὐδὲ

55 279 133 329 μία
194 273 324 326 ἱκανὴ
381 273 434 315 τά
493 272 770 328 ἀνθρώπινα
828 275 1060 317 διοικοῦσα
1123 271 1418 330 αὐτοκράτωρ

58 425 198 467 ἄμεινον
230 425 371 458 ἐκείνων
418 424 535 466 γένος,
578 422 704 456 ταύτὸν

59 471 101 514 δὴ
130 473 184 505 καὶ
217 469 236 503 ὁ
261 469 350 504 θεὸς
375 469 630 511 φιλάνθρωπος
656 468 705 502 ὢν

60 517 97 551 τὸ
131 518 232 560 γένος
276 516 416 558 ἄμεινον
455 513 550 557 ἡμῶν
581 515 703 560 ἐφίστη

61 563 98 598 τὸ
127 566 193 597 τῶν
225 563 415 604 δαιμόνων,
448 561 467 594 ὃ
496 561 551 595 διὰ
576 563 704 605 πολλῆς

58 610 120 651 μὲν
145 607 266 644 αὐτοῖς
292 607 488 654 ῥᾳστώνης,
514 610 642 652 πολλῆς
665 606 709 641 δ”

61 655 154 700 ἡμῖν,
190 655 433 696 ἐπιμελόμενον
466 652 571 696 ἡμῶν,
598 654 701 698 «εἰρή-

59 714 124 745 νην
157 714 190 735 τε
227 703 282 734 καὶ
314 701 402 734 acm
434 702 489 733 καὶ
523 698 707 742 ἀφθονίαν

60 748 158 791 δίκης
202 746 454 791 παρεχόμενον,
499 745 706 780 ἀστασίαστα

60 797 113 828 καὶ
139 791 326 835 εὐδαίμονα
352 792 390 826 τὰ
415 794 483 826 τῶν
506 791 707 836 ἀνθρώπων

59 838 279 884 ἀπειργάζετο
305 840 397 883 γένη.
440 840 630 873 Enimvero
655 839 705 872 his

59 889 112 934 ‘30¹
140 889 263 921 leviter
285 887 456 929 inspectis
482 891 518 919 et
542 896 620 918 eum
651 887 704 926 iis,

59 944 149 976 quae
175 937 276 966 antea
301 934 496 975 posuimus,
525 942 704 974 compara-

59 981 124 1021 tis,
167 979 314 1022 quilibet
359 983 475 1019 certe,
525 978 588 1010 nisi
628 978 705 1020 quis

60 1026 153 1058 forte
177 1027 367 1058 instructus
393 1026 437 1056 sit
466 1024 608 1056 naribus
633 1027 704 1056 tam

59 1072 186 1112 acutis,
213 1075 250 1103 ut
275 1071 380 1103 etiam
407 1069 547 1102 fraudes
573 1069 707 1102 scilicet

60 1119 162 1160 plane
210 1117 367 1149 occultas
407 1115 549 1148 odorari
588 1120 705 1157 queat,

59 1164 152 1197 ultro
175 1169 280 1204 atque
307 1167 434 1204 sponte
456 1161 638 1202 fatebitur,
664 1170 706 1193 ne

59 1209 273 1242 levissimum
317 1208 455 1250 quidem
500 1206 554 1240 hic
587 1210 706 1241 extare

60 1255 266 1288 imitationis
317 1254 512 1296 vestigium.
586 1254 706 1294 ltaque

59 1301 226 1334 hactenus
258 1300 396 1342 quidem
428 1309 485 1332 res
511 1300 605 1332 salva
632 1302 706 1338 est3

60 1357 174 1389 neque
206 1346 294 1380 enim
328 1346 515 1388 quidquam
548 1344 703 1378 animad-

60 1394 247 1433 vertimus,
277 1391 372 1433 qnod
407 1394 532 1433 arguat
556 1391 703 1433 aliquam

59 1439 220 1472 fraudem
263 1442 368 1480 atque
417 1439 553 1476 locum,
602 1446 702 1478 quem

60 1489 271 1524 tractamus,
303 1494 346 1517 ex
374 1483 525 1516 Politico
552 1486 703 1516 sumtum

62 1541 140 1564 esse
161 1531 305 1564 evincat.
355 1529 481 1562 Verum
509 1529 574 1561 alia
600 1530 703 1561 etiam

62 1577 234 1610 Zelleri
260 1575 456 1608 criminatio
485 1578 551 1607 est.
592 1574 705 1615 Negat

61 1624 148 1656 enim
172 1621 322 1654 fabulam
360 1620 412 1653 hic
442 1630 554 1662 aeque
582 1621 703 1652 soller-

60 1674 114 1702 ter
150 1671 259 1710 atque
290 1667 322 1700 in
356 1667 509 1699 Politico
543 1676 624 1698 esse
660 1664 703 1698 ad

60 1723 132 1748 rem
152 1717 372 1757 praesentem
387 1712 603 1752 traductam,
621 1711 702 1743 ade-

61 1770 150 1802 oque
198 1760 230 1791 in
286 1759 360 1791 eius
411 1768 477 1790 usu
528 1756 705 1801 desiderat

60 1807 161 1848 plane
180 1804 441 1847 philosophandi
465 1803 702 1836 subtilitatem.

62 1854 114 1884 At
145 1851 233 1884 enim
273 1860 355 1882 vero
382 1851 528 1892 primum
551 1848 704 1890 quidem,

62 1898 90 1930 si
115 1897 215 1930 liuius
241 1895 307 1928 loci
334 1905 476 1938 prorsus
502 1895 622 1927 eadem
648 1905 703 1927 ra-

62 1944 111 1976 tio
146 1946 240 1976 esset
273 1946 376 1983 atque
409 1941 569 1984 alterius3
610 1945 706 1973 certe

61 1998 128 2022 nou
184 1987 323 2020 difficile
379 1991 432 2020 est
486 1985 705 2029 praevidere,

61 2034 142 2077 quid
186 2033 413 2076 suspiciosior
449 2033 589 2065 crlticus
628 2032 707 2064 inde

61 2081 224 2114 continuo
251 2084 347 2112 esset
364 2080 607 2111 conclusurus.
633 2078 706 2110 Bo-

62 2136 142 2160 num
181 2126 312 2159 factum
349 2125 471 2166 igitur,
513 2123 606 2165 quod
651 2134 708 2156 res

62 2182 142 2215 sese
187 2172 293 2206 habet
345 2172 455 2203 multo
494 2170 603 2202 aliter.
670 2168 707 2202 Si

63 2227 148 2251 vero
205 2217 403 2260 quaeritur,
458 2225 526 2257 qua
574 2214 709 2248 ratione

62 2264 246 2306 utrobique
280 2262 395 2295 fabula
435 2262 491 2294 illa
530 2260 573 2294 ad
605 2270 708 2303 argu-

63 2309 170 2343 menti
219 2308 388 2352 propositi
443 2307 708 2340 illustrationem

61 2354 279 2394 adhibeatur,
306 2353 476 2386 diversam
506 2352 650 2395 quidem.
670 2352 710 2384 il-

61 2401 131 2434 lam
157 2411 237 2434 esse
261 2398 510 2439 concedimus,
534 2398 708 2431 inficetum

0 2452 3 2454 '
63 2456 140 2480 eam
166 2451 227 2479 aut
252 2447 403 2488 ineptam
422 2446 533 2477 altero
551 2445 630 2476 loco
657 2453 710 2476 es-

61 2502 103 2525 se
126 2502 193 2524 non
219 2490 457 2524 concedimus.
493 2491 566 2522 lmo
590 2492 710 2521 nostra

61 2538 239 2570 sententia
273 2536 411 2577 utrique
446 2536 523 2568 loco
550 2545 614 2567 sua
640 2535 710 2567 ele·

65 2584 203 2626 gantiae
236 2586 270 2614 et
299 2581 498 2614 subtilitatis
532 2582 607 2613 laus
639 2589 714 2613 cer-

7 2643 10 2646 ·
66 2629 203 2661 tissime
233 2630 394 2660 constare
426 2626 615 2665 videbitur,
655 2626 712 2658 ubi

66 2673 148 2715 qnid
178 2673 226 2706 ibi
262 2672 478 2714 potissimum
518 2675 710 2714 spectetur,

772 426 987 466 accuratius,
1038 435 1139 468 quam
1176 437 1196 459 a
1238 427 1415 461 Zellero

773 470 898 505 factum
939 475 1014 512 est,
1057 471 1162 505 fuerit
1201 472 1418 507 animadver-

772 527 860 551 sum.
934 517 1038 552 Quod
1081 524 1178 552 certe
1216 520 1417 561 neutiquam

772 567 935 605 putamus
961 574 1042 596 esse
1067 563 1218 601 difficile,
1244 565 1351 598 modo
1375 576 1419 598 ne

771 609 833 642 liae
865 609 896 644 in
930 620 968 642 re
1004 619 1068 642 nos
1092 611 1195 644 malis
1218 612 1362 653 argutiis
1387 611 1419 645 in

770 654 932 688 fraudem
978 654 1093 688 induci
1129 657 1315 699 patiamur.
1374 657 1418 690 Et

773 702 806 734 in
833 700 980 734 Politico
1005 701 1145 743 quidem
1166 703 1246 745 quid
1272 704 1340 736 isto
1366 704 1422 737 fa-

774 748 926 781 bularum
978 747 1157 780 involucro
1197 749 1420 790 significetur,

773 803 881 834 nuper
907 793 1158 835 disputavimus
1184 794 1348 838 Prolegg.
1375 795 1420 828 ad

774 840 851 871 eius
875 839 952 871 libri
979 839 1167 874 editionem
1203 846 1358 874 nostram
1385 853 1419 884 p.

774 885 843 919 110
867 896 943 927 sqq.
982 886 1150 918 Videmur
1176 887 1264 920 enim
1283 887 1328 920 ibi
1341 898 1419 931 per·

774 931 895 973 spicue
948 929 1131 970 docuisse,
1180 933 1273 974 qnod
1317 938 1418 967 antea

774 977 944 1010 nonnullis
976 978 1099 1019 utique
1134 978 1274 1012 dubium
1309 983 1343 1012 et
1369 980 1418 1013 in—

773 1027 906 1056 certum
940 1023 1050 1056 visum
1089 1029 1182 1064 erat,
1218 1025 1355 1058 Platoni
1387 1027 1419 1059 iu

775 1069 967 1101 enarranda
1004 1073 1039 1102 et
1073 1070 1274 1103 exornanda
1305 1071 1418 1104 fabula

774 1115 819 1147 de
843 1118 960 1147 aetate
985 1114 1126 1148 Saturni
1161 1126 1202 1148 ac
1229 1115 1333 1158 lovis,
1359 1117 1418 1151 de-

773 1170 840 1203 que
865 1170 992 1202 reguo,
1024 1160 1116 1202 quod
1151 1166 1233 1195 tunc
1259 1163 1420 1205 viguerit,

773 1206 855 1239 nihil
905 1205 998 1239 aliud
1041 1208 1149 1240 fuisse
1188 1210 1420 1251 propositum,

774 1262 876 1294 quam
904 1256 943 1285 nt
967 1253 1141 1286 fortunam
1163 1264 1275 1288 rerum
1302 1256 1417 1297 publi·

774 1308 894 1331 carum
933 1303 994 1331 aut
1032 1299 1156 1332 bonam
1196 1311 1237 1333 ac
1285 1301 1418 1335 felicem

773 1348 834 1377 aut
869 1345 981 1377 minus
1007 1355 1210 1388 prosperam
1244 1351 1279 1379 et
1305 1347 1417 1381 infeli—

774 1400 849 1422 cem
878 1401 957 1423 esse
983 1391 1205 1432 ostenderet,
1241 1395 1360 1434 prouti
1385 1394 1417 1426 in

773 1437 815 1469 iis
839 1440 900 1469 ant
925 1437 1012 1470 ratio
1030 1438 1164 1470 valeret
1177 1442 1281 1480 atque
1297 1449 1418 1473 omnes

774 1483 866 1515 ritae
892 1482 1089 1516 communis
1115 1488 1233 1526 partes
1254 1489 1419 1526 penetra·

773 1532 827 1561 ret
875 1533 935 1560 aut
983 1528 1213 1571 cupiditatum
1253 1541 1293 1562 ac
1331 1532 1418 1564 lubi-

774 1575 888 1607 dinum
916 1575 967 1607 vis
991 1574 1232 1608 vehementius
1257 1587 1418 1619 prorum-

773 1626 875 1663 peret
904 1623 1008 1662 atque
1040 1622 1167 1654 mentis
1207 1625 1243 1655 et
1274 1622 1419 1656 rationis

773 1667 1016 1699 auctoritatem
1049 1667 1250 1701 debilitaret
1286 1673 1322 1701 et
1354 1670 1417 1701 im-

774 1713 955 1745 minueret.
1021 1712 1132 1745 Cuius
1169 1714 1218 1746 rei
1256 1715 1420 1747 uberiore

774 1757 1072 1791 demonstratione
1107 1758 1162 1791 liic
1191 1759 1329 1802 quidem
1355 1771 1419 1794 nos

775 1807 940 1846 putamus
976 1814 1019 1836 eo
1056 1805 1184 1837 rectius
1219 1816 1326 1847 posse
1360 1816 1419 1838 su-

773 1849 979 1892 persedere,
1020 1859 1090 1891 quo
1125 1851 1281 1893 apertius
1313 1852 1345 1884 iu
1378 1861 1419 1885 ea

774 1904 897 1928 caussa
926 1896 1164 1928 assensionem
1196 1906 1295 1929 suam
1319 1896 1420 1930 nobis

773 1940 892 1974 testati
927 1944 1006 1972 sunt
1029 1941 1051 1973 ii
1078 1941 1161 1980 viri,
1196 1952 1341 1984 quorum
1369 1943 1419 1975 iu-

776 1986 906 2019 dicium
932 1986 986 2018 his
1013 1987 1046 2019 iu
1072 1987 1176 2019 rebus
1204 1989 1341 2031 plurimi
1366 1988 1420 2021 fa·

775 2031 855 2065 cere
881 2033 1046 2064 solemus.
1094 2033 1165 2066 lam
1192 2045 1276 2068 vero
1301 2034 1420 2067 inLe-

775 2078 878 2120 gibus
909 2077 1028 2110 similis
1060 2079 1200 2121 quidem
1240 2081 1332 2113 ratio
1367 2082 1422 2112 est

775 2134 888 2166 neque
913 2127 1029 2156 tamen
1060 2124 1194 2158 eadem.
1243 2126 1322 2159 Imo
1347 2124 1420 2168 phi·

775 2170 965 2212 losophus,
1000 2170 1129 2203 omissa
1160 2171 1204 2204 de
1234 2172 1319 2204 Iove
1343 2181 1421 2204 nar·

777 2216 927 2253 ratione,
955 2216 1039 2247 solis
1063 2216 1104 2248 iis
1130 2227 1215 2250 usus
1241 2222 1308 2257 est,
1333 2227 1422 2259 quae

778 2261 822 2295 de
863 2261 1026 2293 Saturnia
1069 2266 1186 2295 aetate
1224 2262 1256 2296 in
1294 2260 1420 2296 fabulis

777 2307 1018 2346 narrabantur,
1044 2306 1090 2340 ita
1115 2307 1271 2350 quidem,
1298 2313 1335 2341 ut
1362 2319 1420 2342 ea-

779 2353 857 2386 dem
890 2353 1036 2385 consiiio
1067 2363 1131 2387 suo
1162 2355 1244 2388 item
1272 2354 1421 2397 pruden-

778 2404 831 2431 ter
890 2399 1186 2440 attemperaverit.
1270 2401 1422 2434 Docetur

779 2444 869 2477 enim
911 2443 965 2485 liic
1001 2444 1081 2478 nihil
1112 2445 1207 2478 aliud
1240 2447 1303 2478 nisi
1345 2445 1421 2486 hoc,

780 2500 855 2522 eam
889 2491 1026 2522 demum
1060 2493 1309 2534 rempublicam
1345 2491 1423 2523 fore

780 2546 862 2568 vere
886 2535 1093 2569 laudabilem
1126 2541 1161 2570 et
1186 2537 1228 2570 ad
1254 2537 1421 2570 maiorem

780 2581 949 2624 quandam
977 2582 1115 2615 virtutis
1140 2593 1183 2615 ac
1196 2582 1423 2626 perfectionis

784 2626 918 2661 laudem
958 2638 1039 2660 esse
1074 2633 1338 2670 perventuram,
1387 2627 1422 2659 in

783 2682 850 2715 qua
875 2673 1099 2716 imperantes,
1125 2673 1190 2706 boc
1216 2679 1271 2706 est
1295 2672 1422 2715 princi-

1020 2728 1121 2769 27*

1340 91 1422 131 419
1468 102 1471 103 ’
