1612 2872
186 78 270 119 DE
303 75 582 120 LEGIBUS
614 75 733 118 1213.
765 75 825 118 ΙΙ.
861 76 907 117 P.
940 77 1035 119 659.
1070 77 1166 118 (560.
1199 75 1264 118 St.

46 192 138 250 πρά
146 196 335 237 ττεσθαι
351 208 360 218 ·

1327 75 1404 116 181

412 191 628 251 καθάπερ
674 202 768 244 τοῖς
812 192 1029 247 κάμνουσί
1073 207 1117 234 τε
1151 192 1226 233 καὶ
1259 188 1406 233 ἀσθε-

45 262 131 312 νῶς
166 260 334 317 ἴσχουσι
370 257 424 302 τοὶ
457 258 642 315 σώματα
678 265 725 304 ἐν
758 257 878 313 ἡδέσι
909 261 994 303 τισὶ
1013 261 1169 308 σιτίοις
1204 259 1278 300 καὶ
1313 255 1405 299 πώ-

44 342 155 382 μασι
200 325 285 380 τὴν
326 324 500 384 χρηςὴν
543 328 782 383 πειρῶνται
831 324 1007 385 τροφὴν
1041 327 1301 383 προςφέρειν
1336 321 1403 373 οἷς
1434 334 1518 377 660

46 397 163 449 μέλει
200 392 393 445 τούτων,
443 392 525 446 τὴν
561 395 606 436 ὁὲ
641 395 731 437 τῶν
767 395 975 448 πονηρῶν
1011 398 1057 435 ὲν
1091 391 1291 444 ἀηδέσιν,
1328 393 1400 433 ἵνα

43 459 128 512 τὴν
160 463 241 516 μὲν
276 457 584 512 ἀσπάζωνται,
636 459 719 513 τὴν
765 463 810 503 δὲ
846 468 988 516 μισεῖν
1023 458 1181 516 ὀρθῶς
1216 458 1402 510 ἐθίζων-

43 543 138 578 ται,
176 524 345 570 ταύτὸν
379 524 433 579 δη
470 528 542 569 καὶ
578 524 660 570 τὸν
690 523 922 580 ποιητικὸν
957 524 980 569 ὁ
1019 524 1168 583 ὀρθὸς
1206 526 1404 579 νομοθέ-

45 610 121 647 της
170 599 217 638 ἐν
261 601 355 644 τοῖς
400 595 552 644 καλοῖς
586 591 754 651 ῥήμασι
799 611 872 637 και
910 598 1156 643 ἐπαινετοῖς
1186 595 1323 635 πείσει
1357 606 1404 633 τε

39 770 118 805 594.
148 779 177 802 c.
205 770 265 804 20:
296 769 517 810 τεθείμενοις.
544 769 605 802 sed
635 768 709 801 vide
736 769 911 811 explicuit.

40 882 240 915 ciendum
300 881 416 914 serio
464 890 687 922 compara-

41 932 134 967 tae,
179 927 255 960 sed
288 928 387 968 quia
422 927 556 959 animi
590 925 686 958 ado-

40 974 302 1007 lesceutium
320 973 593 1006 severitatis
614 972 685 1004 tri-

39 1019 209 1052 stitiam
239 1018 354 1051 ferre
380 1028 460 1050 non
486 1022 683 1061 possunt,

41 1067 162 1098 lusus
211 1069 255 1097 et
303 1065 498 1097 carmina
540 1063 690 1096 viden—

40 1115 109 1143 tur
144 1110 296 1142 vocari
338 1115 470 1152 atque
501 1111 562 1142 ita
596 1120 687 1152 per-

177 1156 302 1197 Itaque
335 1155 433 1188 vides
465 1156 545 1188 nihil
578 1156 686 1188 omni·

39 1167 119 1189 seri.

39 1183 86 1235 113
113 1203 148 1234 in
179 1202 231 1233 his
268 1201 380 1233 verbis
415 1202 551 1241 inesse,
592 1199 684 1242 quod

38 1257 138 1290 quem
180 1248 253 1279 iure
294 1252 470 1288 moretur,
515 1247 683 1289 siquidem

38 1294 232 1326 universam
247 1296 446 1335 spectamus
463 1293 681 1325 sententiam.

39 1339 128 1373 Nam
171 1339 204 1370 in
237 1338 379 1379 singulis
416 1345 470 1371 est
506 1348 590 1371 sane
620 1338 682 1370 ali-

39 1383 143 1427 quid,
169 1383 262 1426 quod
289 1384 362 1416 iure
389 1384 564 1417 offendatz
598 1383 683 1416 dici-

40 1439 116 1464 mus
148 1429 243 1462 istud
283 1429 348 1462 νῦν
384 1433 466 1463 aute
504 1429 684 1472 γεγονέναι

40 1476 269 1516 inculcatum,
294 1474 387 1517 quod
413 1486 581 1517 quorsum
607 1485 683 1517 per-

37 1522 146 1554 tineat
186 1526 245 1553 aut
282 1521 364 1562 quid
400 1521 443 1553 ad
477 1521 680 1554 sententiam

39 1568 173 1607 valeat.
214 1565 301 1599 haud
334 1577 420 1605 sane
450 1567 681 1609 intelligimus.

41 1612 125 1645 Vide
156 1613 279 1653 igitur,
318 1622 396 1644 uum
437 1612 678 1654 corrigendum

38 1659 83 1691 sit
126 1655 204 1701 ἡμῖν
240 1657 438 1701 γεγονέναι,
475 1658 530 1700 qui
577 1657 681 1690 dativi

37 1714 120 1738 usus
146 1705 248 1737 facile
273 1704 387 1746 potuit
421 1704 527 1736 errori
559 1713 681 1735 ansam

39 1750 228 1792 praebere,
257 1750 357 1837 sicutpi
385 1749 511 1782 factum
539 1753 592 1782 est
617 1749 680 1781 eti-

38 1805 94 1829 am
117 1794 303 1828 Theaetet.
392 1794 470 1829 143.
495 1796 537 1826 Ε.
569 1795 625 1827 ubi
639 1787 680 1827 'w

39 1851 117 1874 nnn.
159 1840 249 1873 conf.
289 1805 353 1872 adp
365 1840 395 1872 1.
429 1850 504 1881 cap.
536 1839 568 1873 1.
631 1840 682 1872 De

39 1884 188 1930 ἐπῳδαῖς
224 1885 267 1918 ad
307 1885 497 1918 animorum
539 1885 682 1918 morbos

39 1931 213 1965 sanmudos
241 1942 258 1964 a
290 1929 503 1973 philosophis
535 1931 683 1962 transla-

40 1977 83 2010 tis
108 1987 138 2009 v.
166 1976 209 2010 ad
236 1975 414 2009 charmid.
440 1987 474 2018 p.
501 1975 579 2010 157.
605 1976 651 2008 A.

85 2067 127 2101 Ε.
154 2065 353 2110 καθάπερ
381 2071 472 2100 τοῖς
496 2065 680 2106 κάμνου-

41 2115 88 2146 σί
111 2124 151 2146 τε
175 2132 220 2138 —-
246 2114 427 2156 ποιεῖν.]
460 2112 536 2146 Νοη
563 2123 682 2146 assen-

41 2159 109 2192 tior
144 2159 368 2193 Boeckhio
411 2170 444 2201 p.
477 2159 554 2194 138.
595 2159 681 2191 scri-

42 2205 134 2238 benti
175 2205 274 2236 nimis
305 2205 453 2248 ineptam
494 2214 572 2237 esse
604 2214 682 2237 sen-

42 2250 185 2283 tentiam
213 2260 350 2292 eorum,
382 2251 438 2292 qui
464 2251 588 2288 verba,
623 2261 680 2282 κα-

42 2293 157 2338 θάπερ
192 2299 263 2327 τοῖς
287 2315 323 2319 —-
354 2295 557 2338 ἐθίζωνται,
601 2306 679 2337 gra-

41 2341 136 2374 viore
170 2346 251 2383 post
287 2339 465 2384 ἐθίζωνται
504 2342 681 2384 interpun-

43 2387 159 2419 ctione
184 2387 337 2426 sublata,
370 2387 508 2420 trahant
535 2387 578 2420 ad
604 2397 680 2428 sqq.

44 2428 171 2464 ταύτὸν
205 2430 242 2463 δὲ
271 2433 324 2464 καὶ
357 2430 418 2465 τὸν
445 2430 626 2475 ποιητικὸν
650 2444 680 2464 κ.

44 2489 70 2510 τ.
106 2478 133 2509 2.
197 2476 274 2510 Imo
314 2488 378 2511 nos
405 2489 552 2520 ‘quoque
590 2479 681 2511 ultro

42 2524 183 2560 istarum
217 2524 424 2565 ineptiarum
455 2534 534 2558 reos
565 2523 681 2557 haberi

42 2569 212 2601 volumus.
243 2568 460 2611 Quamquam
487 2570 574 2602 enim
600 2579 682 2602 con-

41 2613 192 2646 cedimus
221 2613 292 2646 fieri
319 2624 436 2657 poue,
461 2619 498 2648 ut
524 2613 682 2657 καθάπερ

43 2659 274 2702 superioribus
325 2659 488 2702 accedat,
547 2660 682 2695 etiamsi

757 875 882 911 ταῦτὸν
907 877 949 920 δὴ
981 883 1058 921 post
1090 890 1130 912 se
1166 880 1290 912 habeat
1315 879 1400 912 sub-

756 935 925 967 sequens,
952 929 1067 957 tamen
1093 925 1159 958 hoc
1182 925 1320 967 quidem
1347 926 1400 957 lo-

756 982 819 1011 co,
852 971 907 1003 ubi
944 976 1120 1012 postrema
1155 973 1241 1005 ista:
1273 967 1400 1003 ταύτὸν

756 1014 795 1057 δὴ
824 1035 869 1040 -
896 1013 1018 1058 ὀρθῶς
1043 1020 1163 1055 ποιεῖν,
1188 1028 1250 1060 per
1275 1027 1314 1049 se
1340 1027 1399 1049 so-

756 1073 873 1095 orsum
887 1063 1126 1104 acceperimus
1142 1069 1246 1105 atque
1265 1074 1283 1096 a
1302 1071 1398 1095 com-

756 1109 944 1150 parationis
1001 1109 1160 1142 membro
1208 1108 1398 1141 seiunxeri-

755 1165 848 1194 mus,
886 1155 1005 1186 nescio
1043 1154 1124 1196 quid
1158 1154 1261 1187 otiosi
1293 1158 1399 1196 atque

754 1200 907 1242 languidi
962 1199 1039 1231 huic
1091 1201 1261 1232 orationis
1311 1199 1398 1243 parti

753 1245 975 1279 contrahitur.
1029 1245 1130 1284 Quod
1159 1245 1316 1288 profecto
1341 1255 1398 1278 se-

754 1301 814 1324 cus
848 1295 924 1331 est,
957 1290 1013 1322 ubi
1045 1291 1124 1324 iude
1156 1292 1199 1323 ab
1237 1288 1397 1333 καθάπερ

752 1338 978 1370 statuerimus
996 1347 1119 1370 novam
1138 1338 1290 1371 exordiri
1316 1346 1396 1370 scn-

751 1383 1024 1424 teutian1‚·quae
1050 1383 1290 1425 superioribus
1317 1383 1395 1416 illu-

752 1428 902 1461 strandis
936 1432 970 1461 et
1005 1428 1249 1461 confirmandis
1285 1429 1395 1462 inser-

753 1475 834 1508 viat.
882 1473 986 1508 Quod
1021 1484 1103 1507 vero
1134 1484 1200 1507 non
1227 1475 1393 1508 insertum

752 1525 806 1553 est
832 1517 896 1562 γάρ
930 1523 1012 1562 post
1043 1518 1226 1560 καθάπερ,
1257 1520 1291 1553 id
1327 1530 1395 1553 non

752 1567 857 1599 modo
897 1565 976 1598 nihi!
1024 1567 1230 1598 insolentiae
1278 1565 1395 1607 habet,

748 1621 868 1645 verum
901 1612 1002 1644 etiam
1028 1612 1191 1653 loquendi
1213 1611 1287 1644 usui
1319 1612 1394 1654 pla-

749 1668 791 1690 ue
823 1662 877 1690 est
908 1662 1193 1690 cousentaneum.
1235 1667 1266 1689 v.
1301 1667 1394 1699 quae

749 1714 790 1736 ea
815 1703 859 1736 de
885 1712 922 1735 re
943 1704 1189 1735 annotavimus
1203 1703 1246 1735 ad
1263 1702 1390 1745 Remp.

753 1749 809 1781 Vi.
834 1759 867 1790 p.
892 1747 972 1783 497.
989 1748 1030 1781 B.
1057 1758 1159 1790 quem
1188 1749 1300 1781 locum
1327 1750 1391 1781 eti-

748 1804 895 1827 amnunc
921 1804 981 1835 e0,
1008 1805 1076 1837 quo
1102 1794 1259 1835 fecimus,
1288 1794 1393 1827 modo

748 1839 1026 1881 distinguendum
1053 1843 1225 1882 putamus.
1261 1839 1392 1872 Phaed.

751 1896 784 1927 p.
811 1886 868 1920 61.
893 1885 938 1917 A.

799 1975 839 2007 P.
858 1975 937 2010 660.
988 1973 1064 2017 τὴν
1089 1973 1134 2007 δὲ
1159 1976 1237 2007 τῶν
1264 1986 1390 2017 πονη-

751 2021 909 2062 pain—J
942 2021 1010 2054 Int.
1036 2020 1188 2063 τροφήν,
1215 2020 1245 2055 h.
1274 2033 1303 2054 ο.
1329 2023 1391 2055 ali-

751 2071 905 2100 mentum
945 2077 987 2100 ex
1032 2066 1139 2099 rebus
1188 2068 1393 2110 perniciosis

752 2116 935 2153 constans,
961 2115 998 2144 ut
1023 2112 1114 2144 idem
1142 2113 1185 2145 sit
1209 2112 1304 2155 quod
1331 2111 1392 2156 τὴν

752 2156 788 2189 δὲ
835 2156 1003 2200 πονηράν.
1056 2158 1181 2200 Itaque
1228 2169 1294 2192 non
1335 2162 1391 2192 est

750 2203 841 2244 quod
875 2213 953 2236 cum
980 2203 1204 2237 Boeckhio
1234 2205 1395 2247 corrigas

750 2246 815 2327 {22²3
839 2247 1217 2328 ἷὲἀίιζῗῃνεηῗᾝρὲἶὲ..
1245 2250 1387 2329 Ζῗῗιῖἶῗ

750 2351 794 2372 ro
820 2351 853 2382 p.
880 2341 934 2376 76.
960 2351 1024 2384 pro
1050 2341 1165 2374 otioso
1191 2340 1385 2376 habendum

751 2390 931 2428 putamus,
975 2385 1067 2428 quod
1105 2387 1138 2419 vi
1175 2397 1236 2420 sua
1275 2388 1386 2421 neuti-

750 2441 855 2473 quam
897 2441 1018 2465 carere
1061 2432 1192 2488 liquido
1238 2437 1388 2476 apparet

751 2487 793 2510 ex
818 2478 985 2518 proximis
1008 2477 1101 2511 istis·
1130 2475 1190 2521 τήν
1218 2477 1256 2511 δὲ
1278 2483 1388 2519 μισεῖν

750 2519 872 2565 ὀρθῶς
895 2522 1086 2566 ἐθίζωνται.

795 2626 846 2658 μη
882 2614 1072 2657 necem]
1113 2614 1145 2648 si
1181 2625 1262 2649 non
1294 2625 1386 2663 per·

750 2660 946 2696 suadeat.
1386 2678 1389 2681 -
