1612 2872
226 95 307 139 DE
339 93 615 139 LEGIBUS
656 94 777 138 LIB.
808 93 869 138 ΙΙ.
904 94 952 137 P.
988 95 1085 138 668.
1120 94 1186 139 St.
1336 97 1418 139 211

168 215 271 257 ΚΛ.
308 214 439 262 Πῶςε,

162 276 276 338 Cap.
309 275 395 321 XI.
434 280 534 322 ΛΘ.
577 280 670 321 Εἰσὶ
703 278 848 331 δήπου
885 279 999 323 κατὰ
1048 278 1130 332 τὴν
1164 276 1276 339 ὄψιν
1314 276 1418 333 ἡμῖν

57 349 316 391 απεικασίαι
351 349 520 402 μυρίαι.

159 414 264 456 ΚΛ.
305 414 410 455 Ναί.

156 479 255 522 ΑΘ.
309 480 360 521 Τι’
395 471 503 524 οὖν;
551 477 589 520 εἴ
637 494 700 528 τις
731 482 806 522 καὶ
840 485 887 523 ὲν
925 479 1101 528 τούτοις
1134 477 1295 532 ὁηνοοῖ
1333 478 1420 519 τῶν

54 550 364 601 μεμιμημέιων
400 543 422 588 ὅ
464 548 508 587 τί
544 542 648 586 ποτ’
690 547 806 588 ἐστιν
840 550 1024 589 ἕκαστον
1068 547 1157 587 τῶν
1192 541 1420 600 σωμάτων,
1471 558 1473 560 ·

54 605 123 665 ἆρ’
159 612 233 654 ἄν
258 627 364 653 ποτε
399 611 448 653 τό
489 627 535 662 2⁸
570 609 729 665 ὀρθῶς
765 610 915 654 αὐτῶν
950 616 1236 666 εἰργασμένον
1267 613 1419 665 γνοίης

54 680 158 730 λέγω
196 680 240 720 δὲ
276 676 326 719 τὸ
366 677 562 720 τοιόνδε·
617 675 716 719 οἷον
751 694 857 728 τους
889 676 1121 733 ἀριθμους
1156 678 1236 719 τοῦ
1270 676 1418 730 σώμα-

54 761 131 794 τος
165 746 237 786 καὶ
274 741 466 786 ἑκάστων
503 743 589 786 τῶν
623 745 770 798 μερῶν
806 743 887 796 τὰς
922 746 1071 794 θέσεις
1104 747 1142 787 εἰ
1177 747 1278 799 ἔχει,
1315 740 1414 787 ὅσοι

54 814 98 853 τέ
143 815 223 853 εἰσι
268 811 340 853 καὶ
387 808 524 853 ὁποῖα
573 810 683 864 παρ’
733 809 870 855 ὁποῖα
917 810 1070 854 αὐτῶν
1112 812 1287 864 κείμενα
1333 807 1419 861 τὴν

54 876 360 932 προςήκουσαν
397 876 522 927 τάξιν
558 875 788 934 ἀπείληφε,
824 883 897 921 καὶ
934 881 997 920 ἔτι
1036 875 1089 930 δὴ
1123 875 1338 932 χρώματά
1372 892 1417 919 τε

53 946 124 986 καὶ
161 943 390 999 σχήματα,
437 941 460 994 ἢ
510 942 659 984 πάντα
708 946 850 987 ταῦτα
898 949 1229 999 τεταραγμένως
1272 942 1418 998 εἴργα-

52 1027 164 1060 σται,
201 1011 297 1065 μῶν
334 1011 452 1052 δοκεῖ
487 1008 605 1051 ταῦτ’
649 1003 704 1051 ἄν
734 1028 842 1054 ποτε
865 1008 1108 1066 διαγνῶναί
1142 1026 1208 1060 τις
1244 1008 1294 1052 τὸ
1331 1025 1416 1052 πα·

52 1077 206 1132 ροὲπαν
242 1076 420 1130 ἀγνοῶν
456 1074 479 1119 ὅ
518 1080 559 1118 τί
594 1075 686 1118 ποτ’
730 1081 819 1120 ἐστὶ
857 1075 905 1122 τὸ
942 1081 1241 1133 μεμιμημένον
1279 1077 1418 1128 ζῶον;

157 1144 258 1186 KA.
297 1143 386 1184 Καὶ
425 1144 540 1195 πῶς;

143 1237 283 1271 αυτῶν
306 1239 642 1291 εἰργασμένον]
659 1235 717 1269 Sic
742 1239 785 1271 A.
794 1238 844 1270 Ω.
854 1249 885 1270 ν.
897 1237 960 1272 s..li
970 1249 998 1270 r.
1010 1249 1040 1271 a
1056 1249 1086 1271 c.
1099 1250 1130 1271 o.
1139 1239 1170 1272 δ.
1222 1237 1334 1298 Vulgo
1358 1246 1415 1270 or·

54 1284 133 1317 dine
157 1285 312 1317 inverso.
349 1283 570 1327 εἰργασμένον
594 1278 722 1313 αυίὦν.

146 1329 184 1363 Β.
212 1330 364 1365 θέσεις
390 1330 424 1361 εἰ
447 1331 557 1370 ἔχει]
610 1328 648 1359 V.
674 1330 694 1368 ᾑ
723 1330 800 1370 ἔχει.
850 1328 922 1361 Sed
960 1333 1054 1362 recte
1084 1329 1115 1360 εἰ
1142 1329 1210 1370 ἔχει
1232 1328 1278 1361 A.
1304 1326 1416 1370 (teste

53 1375 205 1416 Bastio),
229 1376 276 1407 Ω.
287 1375 323 1407 Ξ.
336 1385 365 1409 v.
375 1375 397 1407 f.
408 1385 436 1407 r.
447 1375 476 1407 h.
487 1385 517 1408 a.
528 1384 557 1407 c.
571 1386 601 1406 ο.
612 1383 645 1407 x.
671 1383 701 1406 v.
729 1374 889 1417 explicat.

51 1453 296 1494 aequalitatem
335 1456 371 1484 et
407 1451 696 1485 convenientiam.

53 1498 122 1531 lam
158 1508 241 1531 vero
276 1497 324 1530 his
355 1498 404 1530 ita
439 1498 622 1540 explicatis
649 1498 699 1530 vi-

770 1451 1025 1495 exprimendam
1058 1455 1234 1494 spectare
1283 1449 1414 1482 iudica-

770 1499 871 1533 visse.
887 1497 978 1530 Nam
989 1507 1092 1540 supra
1109 1508 1142 1538 p.
1154 1496 1233 1531 667.
1250 1496 1291 1528 D.
1302 1494 1414 1527 Athe-

52 1544 194 1576 deamus
229 1543 274 1576 de
299 1543 458 1584 singulis.
506 1543 630 1584 Itaque
655 1542 698 1576 ad

51 1590 158 1630 21(h.
192 1599 222 1621 e.
250 1587 426 1632 πότερον)
463 1588 534 1628 ἔχει
566 1599 609 1622 ex
641 1598 699 1621 su-

50 1634 245 1688 perioribus
297 1633 562 1676 intelligendum
616 1644 699 1667 cen·

52 1689 168 1714 semus
178 1693 217 1711 w
209 1677 468 1722 εἰργασμένον,
480 1689 501 1712 o
512 1690 562 1722 pu
573 1689 590 1711 s
606 1683 700 1712 arte

53 1726 347 1760 elaboratum.
391 1735 460 1767 qua
491 1724 524 1756 in
558 1735 595 1757 re
628 1724 699 1758 dis-

53 1771 221 1804 sentimus
245 1780 324 1804 cum
350 1768 607 1810 Boeckhio,
641 1771 700 1812 qui

53 1814 94 1849 -ιὸ
122 1815 364 1859 μεμιμημένον
389 1814 473 1854 ζῶον
504 1815 700 1848 subiectum

54 1871 133 1895 esse
157 1860 402 1903 pronuntiavit.
449 1858 573 1901 Neque
610 1861 700 1893 enim

55 1906 120 1939 hoc
144 1905 289 1947 intelligi
315 1906 395 1938 licet
410 1904 503 1944 ideo,
521 1905 601 1946 quia
617 1905 704 1944 ζῶον

53 1951 183 1984 indicat
207 1951 398 1993 exemplar,
424 1959 490 1981 non
515 1950 702 1991 imaginem

54 1998 124 2034 rei,
149 1996 251 2029 sicuti
285 1996 466 2029 verissime
487 1995 701 2028 animadver-

55 2043 98 2075 tit
122 2042 289 2074 Aetius.
312 2041 533 2081 Quamquam
554 2040 605 2073 hic
628 2040 704 2082 ipse

55 2097 195 2130 quoque
228 2087 378 2127 fallitur,
410 2099 450 2118 το
486 2085 704 2118 ananan-952·

55 2137 151 2165 ratus
189 2142 254 2175 pro
297 2111 459 2165 subiecto
508 2130 702 2164 habendum

57 2188 153 2221 esse,
185 2177 276 2219 quod
304 2187 346 2210 ex
371 2186 578 2219 praegresso
604 2174 702 2230 ἆτἰει-

56 2224 171 2254 mactat
195 2223 304 2264 repeti
330 2223 468 2255 debeat.
498 2221 608 2254 Porro
626 2216 702 2264 α’ρι-

56 2266 174 2310 θμοῦς
216 2267 518 2300 Heindorfius
549 2266 582 2299 in
612 2266 701 2308 Spe·

58 2314 139 2346 cim.
186 2312 272 2345 crit.
310 2322 344 2355 p.
377 2311 432 2346 31.
469 2312 502 2344 in
536 2309 704 2353 ῥυθμούς

59 2358 187 2390 mutari
212 2357 326 2391 iussit.
353 2357 416 2389 Cui
437 2353 703 2390 Boeckhiua

57 2403 263 2436 adversatur
287 2401 334 2435 sic
350 2425 360 2442 ,
384 2405 423 2434 ut
447 2401 629 2444 ἀριθμούς
652 2402 704 2433 iu-

58 2448 194 2490 telligat
230 2447 436 2489 eorporis
471 2447 704 2479 articulos.

58 2492 214 2533 Neuter,
239 2493 384 2534 opinor,
409 2501 526 2525 verum
553 2502 704 2534 perspe-

59 2538 120 2571 xit.
146 2537 332 2570 Enimvero
343 2536 425 2578 quid
433 2536 482 2570 rei
497 2537 556 2576 sit,
574 2538 703 2570 clarum

59 2593 102 2616 ac
118 2583 339 2625 perspicuum
355 2581 432 2622 erit,
448 2581 506 2614 ubi
521 2581 704 2615 Platonem

60 2628 316 2662 meminerimus
325 2626 526 2660 imitationis
540 2631 650 2661 artem
662 2626 705 2660 ad

12 2682 18 2685 “
60 2673 290 2715 quantitatem
343 2676 449 2714 atque
499 2673 704 2714 qualitatem

769 1545 919 1577 nienaem
938 1543 1020 1576 fecit
1037 1542 1121 1575 haec
1142 1542 1330 1575 dicentem.
1351 1539 1416 1580 τήν

768 1589 808 1621 δέ
829 1601 868 1630 γε
897 1587 1085 1641 ὀρθότητά
1109 1600 1176 1619 που
1200 1589 1267 1619 τῶν
1294 1583 1415 1618 τοιού-

767 1647 835 1667 των
860 1632 878 1675 ἡ
906 1631 1025 1675 ἰσότης
1045 1630 1089 1665 οἶν
1105 1631 1417 1684 ἐξεργάζοιτοτοῧ

769 1691 812 1712 ΤΞ
835 1678 1062 1711 Ίῦσθύϊθυ
1077 1691 1147 1710 aab
1166 1680 1245 1710 ‘1017
1267 1688 1414 1708 τοιου-

763 1736 851 1756 τοι.
880 1725 1003 1767 Itaque
1017 1723 1175 1767 ἀριθμοί
1189 1726 1271 1755 sunt
1285 1731 1336 1764 qu
1346 1732 1366 1754 a
1377 1731 1415 1754 n-

766 1771 928 1803 titates
977 1770 1079 1812 (die
1120 1767 1415 1801 Grosaeuver-

767 1814 1039 1856 hinnisse),
1085 1824 1176 1854 quae
1203 1815 1237 1845 in
1266 1821 1417 1865 corpore

769 1864 969 1900 ceruuutur;
995 1860 1146 1914 qualitas
1168 1862 1284 1890 autem
1311 1857 1418 1898 signi·

767 1906 890 1939 fleatur
904 1905 1020 1938 verbis
1040 1901 1148 1935 ἆποῖα
1159 1901 1237 1944 παρ’
1255 1900 1416 1934 onnia-—

769 1949 865 1985 τάξιν
903 1950 1051 1990 εἴληφεν.
1100 1947 1137 1979 ld
1178 1946 1271 1988 quod
1311 1946 1418 1978 etiam

771 1995 898 2027 docent
921 1994 1027 2026 verba
1056 1990 1130 2024 ὅσοι
1157 1991 1185 2023 τ’
1212 1992 1315 2032 eloh,
1340 1991 1414 2022 κτλ.

772 2040 961 2072 Praeterea
1019 2037 1296 2070 admonitionem
1351 2046 1415 2078 po-

771 2086 899 2117 stulant
939 2083 1044 2116 verba
1082 2080 1253 2126 χρώματά
1289 2093 1327 2114 τε
1361 2079 1418 2113 καὶ

770 2127 943 2172 σχήματα.
1001 2128 1115 2161 Facile
1159 2128 1247 2161 enim
1292 2126 1417 2168 aliquis

771 2175 912 2208 haereat
945 2175 978 2206 in
1012 2184 1074 2213 eo,
1110 2172 1204 2215 quod
1239 2172 1415 2206 desidera·

770 2224 827 2252 tur
851 2220 1022 2252 articulus
1045 2217 1101 2250 τά.
1144 2219 1278 2252 Verum
1303 2217 1416 2251 omnis

770 2270 936 2308 protenus
971 2264 1106 2297 sublata
1138 2263 1311 2298 dubitatio
1337 2263 1416 2303 erit,

770 2311 830 2344 ubi
871 2309 1152 2350 meminerimus,
1196 2309 1229 2342 in
1271 2309 1416 2351 plurium

770 2366 888 2389 rernm
924 2354 1181 2389 enumeratione
1212 2354 1420 2396 saepissime

774 2403 821 2434 ita
854 2401 948 2441 fieri,
991 2404 1031 2432 ut
1071 2399 1192 2442 primia
1222 2398 1419 2437 nominibus

774 2446 959 2479 adiiciatur
988 2444 1172 2486 articulus,
1210 2443 1417 2488 posteriori-

774 2492 839 2524 bus
865 2501 932 2524 non
957 2494 1204 2533 praeponatur.
1247 2491 1358 2524 Multa
1383 2487 1417 2521 id

774 2547 884 2579 genus
933 2536 1092 2578 exempla
1130 2537 1331 2579 collegimus
1372 2533 1418 2566 ad

777 2582 963 2625 Politic.p
940 2592 975 2625 p.
1001 2581 1081 2617 296.
1099 2581 1139 2614 C.
1160 2581 1294 2614 Phileb.
1311 2591 1346 2623 p.
1359 2580 1417 2614 21.

774 2629 820 2660 A.
838 2626 1075 2670 Euthyphron.
1093 2637 1127 2669 p.
1146 2627 1179 2661 7.
1204 2627 1245 2662 C.
1259 2625 1366 2669 Soph.
1383 2635 1416 2665 p.

774 2672 853 2708 251.
886 2674 932 2706 A.
956 2672 1054 2705 Prot.
1093 2682 1126 2714 p.
1152 2671 1232 2707 357.
1265 2677 1303 2704 Α.
1351 2670 1417 2702 De-

1038 2729 1146 2767 14*
