1612 2872
278 94 353 135 158
750 97 1117 140 PLATONIS

165 220 243 261 655
273 216 500 289 ἐρχομένης
530 213 601 254 καὶ
637 214 776 262 δειλῆς
812 218 856 254 ὲν
891 221 982 262 τοῖς
1017 213 1170 265 αὐτοῖς
1205 233 1248 259 τε
1283 233 1353 259 και
1382 217 1490 267 ἴσοις
1522 212 1584 272 ἆρ’

272 277 405 332 ὅμοια
441 277 495 318 τά
534 293 575 319 τε
610 277 810 332 σχήματα
845 282 915 320 καὶ
950 277 1002 320 τά
1029 285 1267 338 φι9·ἐ)ματα
1289 282 1507 337 ξυμβαίνει
1532 288 1590 337 γί-

272 347 484 398 ρνεσθαι·

368 408 470 452 ΚΛ.
511 409 596 449 Καὶ
633 409 734 458 πῶς,
770 407 842 451 ὅτε
878 428 922 460 7⁸
957 414 1062 462 μηδὲ
1096 411 1148 454 τά
1183 431 1419 468 χοωματα,·

378 475 468 516 ΑΘ.
512 476 665 523 Καλῶς
707 491 772 528 2⁵›
809 469 839 516 ὦ
877 479 1039 519 ἑταῖοε·
1075 477 1171 521 ἀλλ’
1221 485 1265 521 ἐν
1296 478 1380 533 γάρ
1413 482 1592 540 μουσικῖι,

272 542 345 582 καὶ
380 538 580 594 σχήματα
623 543 700 594 μὲν
743 544 814 584 καὶ
858 545 961 595 μέλη
997 548 1142 594 ἔνεστι,
1178 562 1270 602 περι
1307 543 1487 603 ῥυθμὸν
1522 549 1593 588 καὶ

271 603 486 659 ἁρμονίαν
521 602 652 657 οὔσης
694 608 773 658 τῆς
819 612 1048 660 μουσικῆς,
1092 609 1195 660 nigre
1241 611 1469 667 εὔρυθμον
1515 615 1593 668 μὲν

272 673 342 713 καὶ
379 671 666 727 εὐάρμοστον,
701 671 861 728 εὖχοων
897 676 940 716 δὲ
975 679 1100 729 μέλος
1134 676 1157 729 ἣ
1193 680 1333 733 σχῆμα
1373 677 1451 720 οὐκ
1482 683 1592 721 ἔστιν

269 735 589 789 ἀπεικάσαντα,
625 737 762 795 ὥςπερ
809 744 848 783 οἱ
880 743 1247 796 χοροδιδάσκαλοι
1281 743 1592 796 ἀπεικάζουσιν,

363 869 402 902 Ρ.
428 869 503 902 655.
557 867 718 910 εὔχρων
743 867 788 900 δὲ
812 870 959 912 μέλος]

276 912 373 944 Voss.
409 914 497 946 Flor.
524 924 554 947 o.
587 920 620 947 et
655 925 741 947 corr.
778 916 849 948 Vat.

273 970 305 1002 p.
330 958 408 993 256.

271 1084 343 1109 ναι,-
374 1072 470 1110 aliis,
509 1071 551 1104 de
581 1074 704 1112 quibus
735 1082 764 1105 v.
801 1073 900 1105 Mat-

272 1117 387 1149 thiae
411 1116 470 1150 Gr.
507 1117 536 1158 ξ.
562 1117 639 1152 580.
677 1129 705 1150 c.
736 1129 769 1159 p.
798 1119 897 1153 1353.

273 1163 325 1196 ed.
350 1163 382 1196 3.
409 1168 442 1195 et
460 1174 546 1204 quos
570 1165 627 1195 ille
652 1164 818 1198 laudauit.
840 1166 898 1196 Ut-

270 1213 309 1240 ut
332 1213 400 1248 est,
430 1213 522 1241 certe
556 1214 690 1249 praeter
715 1209 811 1241 [idem
840 1221 898 1241 co-

271 1253 383 1285 dicum
410 1253 490 1285 nihil
513 1259 643 1286 mutare
663 1255 898 1288 sustinuimus.

271 1299 431 1331 Ceterum
447 1303 526 1352 post
548 1300 581 1330 ἑν
602 1298 723 1335 πόνοις
739 1299 817 1332 ἀνίη
839 1310 899 1341 per

271 1345 477 1386 epexegesin
505 1344 645 1376 additur
672 1345 705 1376 ἐν
733 1349 804 1383 τοῖς
835 1344 899 1376 αὗ-

272 1392 356 1424 τοῖς.

317 1436 351 1467 Ρ.
384 1434 460 1468 655.
507 1431 593 1465 ἀλλ’
626 1435 664 1465 ἐν
693 1434 770 1476 γὰρ
800 1446 899 1477 μου·

270 1482 360 1520 σικῇ
384 1479 448 1521 -]
498 1480 537 1511 In
561 1485 759 1512 transcursu
783 1490 897 1522 repre-

270 1524 385 1557 hendit
401 1523 630 1558 technicorum
647 1528 823 1566 rationem,
841 1527 899 1566 qui

269 1571 371 1603 etiam
397 1571 431 1601 in
456 1572 586 1602 musica
606 1576 679 1602 arte
695 1574 815 1612 χρῶμιι
837 1572 897 1603 ali-

268 1614 359 1656 quod
391 1625 468 1647 esse
499 1619 651 1647 statuant
681 1617 897 1656 coloremque

268 1659 312 1692 ad
342 1669 501 1692 sonorum
536 1660 714 1693 traducant
752 1661 896 1692 varieta-

268 1710 349 1739 tem.
392 1704 480 1737 Rem
515 1706 701 1738 illustrabit
732 1705 895 1738 Euclid.

267 1749 397 1784 lutrod.
429 1750 546 1782 Harm.
579 1761 609 1790 p.
639 1750 683 1785 10
715 1761 764 1792 sq.
795 1751 894 1783 Ari·

269 1799 370 1828 stot.
410 1795 527 1827 Harm.
568 1796 678 1828 Elem.
718 1796 747 1828 I.
786 1807 816 1837 p.
850 1796 894 1831 28

270 1840 371 1883 sqq.S
380 1839 500 1872 uidae
515 1851 575 1872 s.v.
587 1841 824 1884 χρῶμα.Αεε1
835 1852 894 1884 ep.

268 1897 322 1928 ap.
345 1885 504 1918 Bullinld.
535 1885 577 1917 ad
602 1886 732 1919 Theon.
759 1886 893 1927 Smyrn.

268 1943 302 1973 p.
319 1931 398 1966 212.
429 1935 514 1964 Ast.
541 1930 582 1963 ad
597 1931 730 1964 Nicom
784 1933 891 1968 .299.

272 1980 450 2010 Praeterea
491 1977 533 2008 de
568 1976 721 2018 rhythmo
754 1982 787 2009 et
819 1978 892 2011 har-

267 2024 380 2054 monia
406 2021 559 2054 conferas
587 2022 673 2054 infra
699 2022 772 2055 libr.
798 2023 839 2056 ll
863 2036 894 2067 p.

269 2067 346 2102 665.
375 2070 412 2102 Α.
438 2078 469 2108 p.
492 2067 568 2102 672.
595 2066 635 2100 Ε.
669 2072 702 2100 et
725 2077 811 2108 quae
837 2080 894 2102 ex-

270 2113 448 2154 posuimus
472 2113 512 2144 ad
529 2113 660 2145 Phileb.
688 2124 719 2152 p.
741 2114 796 2148 17.
814 2114 851 2146 C.
857 2115 896 2149 D.

270 2159 350 2191 lnde
374 2159 500 2191 clarum
531 2159 606 2198 fiet,
634 2160 774 2200 opinor,
811 2170 894 2201 qua-

271 2206 370 2235 tenus
414 2202 561 2244 rhythmi
620 2208 654 2236 et
702 2204 896 2237 harmoniae

270 2247 380 2280 habita
415 2249 547 2280 ratione
577 2247 732 2290 σχήματα
763 2250 816 2281 καὶ
838 2253 896 2291 με’-

268 2292 308 2334 λη
331 2294 365 2325 in
391 2297 461 2325 arte
487 2295 615 2327 musica
639 2295 752 2326 inesse
783 2295 897 2327 dican-

269 2341 336 2370 tur.
362 2338 447 2371 Nam
472 2339 646 2380 rhythmus
676 2341 718 2373 ad
743 2341 896 2373 saltatio-

268 2393 343 2416 nem
369 2385 583 2425 potissimum
601 2385 790 2427 spectabat,
819 2385 893 2417 har-

269 2429 384 2461 monia
417 2434 528 2462 autem
563 2429 604 2461 ad
639 2435 773 2462 cantum
805 2431 893 2463 refe-

268 2473 417 2506 rebatur.
466 2474 637 2507 Quocirca
674 2473 714 2507 τὰ
734 2474 894 2517 σχήματα

268 2517 310 2551 ad
332 2517 536 2563 rhythmum,
553 2517 593 2551 -coi
610 2520 694 2561 μέλη
714 2525 826 2553 autem
852 2521 894 2553 ad

268 2566 402 2597 cantum
429 2568 463 2597 et
487 2563 607 2597 modos
631 2566 810 2606 pertinent.

314 2607 418 2641 ὥετε
453 2606 679 2651 εὔρυθμον
717 2610 788 2649 μὲν
828 2611 895 2642 καὶ

268 2650 539 2697 ευάρμοσιον
561 2655 628 2697 ——]
660 2654 781 2689 Sermo
805 2658 898 2689 inso-

1011 872 1047 906 Υ,
1073 870 1233 914 εὔχρουν,
1270 874 1358 914 quod
1386 885 1425 907 ex
1454 878 1525 906 Par.
1554 878 1591 907 Α.

880 912 916 947 Ω.
950 923 1123 952 [innatum.
1157 930 1183 952 v.
1216 919 1364 952 Lobeck.
1391 921 1535 963 l’aralip.
1561 921 1589 952 1.

968 1075 1090 1106 lentius
1135 1081 1326 1108 coarctatus
1369 1083 1440 1117 ost,
1489 1089 1587 1119 quem

966 1125 1062 1152 recte
1117 1122 1294 1162 explicaiit
1336 1124 1496 1155 Astius
1558 1125 1589 1155 ls

967 1166 1052 1197 enim
1097 1173 1197 1198 acute
1246 1168 1408 1208 perxidst,
1451 1175 1591 1211 propter

965 1211 1183 1252 interposita:
1212 1213 1286 1254 περὶ
1313 1210 1447 1255 ῥυθμόν
1469 1231 1507 1236 -
1532 1215 1591 1256 τῆς

964 1257 1144 1297 μουσικῆς,
1182 1259 1309 1289 omissa
1357 1269 1457 1298 esse,
1502 1271 1589 1301 quae

964 1305 1174 1342 praegressis
1189 1304 1393 1344 respondere
1410 1304 1588 1344 dehebant,

965 1351 998 1378 et
1027 1356 1087 1387 pro
1117 1346 1268 1389 χρώματα
1302 1347 1338 1379 δὲ
1374 1345 1438 1380 οὐκ
1475 1350 1588 1389 ἔνεστι,

965 1392 1109 1433 positum
1142 1403 1236 1426 esse:
1269 1391 1396 1435 εὔχρων
1426 1394 1462 1426 δὲ
1491 1395 1589 1435 μέλος

965 1437 1029 1468 κτλ.
1063 1437 1194 1470 duobus
1232 1441 1397 1471 orationis
1428 1442 1587 1473 membris

963 1483 1106 1514 inunum
1120 1485 1319 1516 coniunctis.
1349 1485 1486 1517 Plenius
1501 1487 1585 1518 enim

965 1528 1009 1558 ita
1047 1529 1146 1559 scribi
1180 1529 1310 1562 debuit:
1354 1526 1422 1561 ἀλλ’
1456 1530 1492 1562 ἐν
1524 1529 1587 1572 γὰρ

963 1573 1109 1612 μουσικῇ
1134 1574 1186 1604 καὶ
1214 1572 1358 1614 σχήματα
1380 1574 1440 1614 μὲν
1455 1577 1508 1607 και
1532 1576 1586 1615 με’-

963 1617 1000 1657 λη
1039 1617 1160 1655 ἔνεστι,
1198 1616 1279 1650 ὥςτε
1317 1617 1496 1660 εὔρυθμον
1533 1623 1587 1653 καὶ

962 1659 1173 1703 ευάρμοστον
1210 1658 1329 1703 ὀρθῶς
1358 1665 1586 1707 φθέγγεσθαι,

962 1706 1115 1749 χρώματα
1141 1707 1177 1739 δὲ
1202 1720 1265 1741 ουκ
1289 1710 1409 1748 ἔνεστι,
1435 1708 1508 1743 οἴετ’
1532 1724 1585 1744 ευ-

959 1763 1047 1794 χρων
1081 1752 1179 1792 μέλος
1214 1752 1234 1795 ἢ
1272 1755 1377 1810 σχῆμα
1418 1767 1481 1788 ουκ
1518 1758 1585 1789 ἔστι

960 1797 1187 1840 φθέγγεσθαι.
1239 1801 1288 1834 De
1318 1797 1504 1843 ἀπεικάζειν
1528 1813 1586 1835 as-

959 1843 1181 1876 similandi
1226 1850 1260 1878 et
1308 1849 1585 1889 comparandi

958 1888 1198 1929 significatione
1218 1896 1380 1932 usurpato
1396 1902 1426 1924 v.
1447 1892 1508 1925 Ru
1519 1893 1537 1925 h
1548 1904 1585 1925 n-

959 1934 1046 1966 ken.
1072 1934 1113 1966 ad
1138 1935 1225 1970 Tim.
1251 1936 1366 1969 Gloss.
1393 1948 1426 1979 p.
1449 1937 1503 1972 95.
1530 1939 1584 1980 qui

960 1988 1056 2011 usum
1073 1990 1092 2010 v
1097 1979 1164 2012 erhi
1181 1982 1340 2023 simplicis
1355 1980 1494 2023 εἰκάζειν
1508 1994 1584 2025 per-

962 2029 1130 2078 sequutus·
1141 2031 1201 2057 est.
1218 2025 1582 2068 -χοροδιδᾰσκα-

961 2069 1045 2107 λοι,
1076 2070 1130 2113 qni
1156 2069 1292 2104 chorum
1325 2071 1366 2103 ad
1393 2077 1524 2105 cantum
1551 2079 1585 2106 et

961 2115 1172 2147 saltationem
1220 2116 1458 2158 instituebant3
1509 2119 1585 2151 alibi

961 2160 1062 2191 etiam
1090 2161 1284 2201 simpliciter
1314 2161 1467 2195 dicuntur
1492 2162 1583 2196 διδά-

962 2205 1086 2236 σκαλοι.
1113 2215 1141 2239 v.
1171 2206 1323 2239 Pollux
1339 2207 1403 2239 On.
1422 2208 1483 2240 1v.
1505 2209 1582 2244 106.

962 2250 1137 2288 Snidas,
1181 2251 1444 2296 Hesychius,
1479 2254 1582 2286 Har-

963 2296 1160 2336 pocratio
1201 2307 1226 2328 s.
1276 2308 1305 2328 v.
1343 2297 1581 2331 Casanbon.

963 2339 1003 2372 ad
1036 2339 1159 2372 Athen.
1253 2343 1321 2377 413
1351 2354 1400 2384 sq.
1436 2354 1467 2384 p.
1504 2345 1580 2379 719.

960 2389 993 2418 et
1019 2385 1097 2419 903.
1136 2385 1356 2429 Spanhem.
1397 2388 1437 2420 ad
1477 2389 1579 2422 Calli-

960 2430 1064 2462 mach.
1090 2431 1197 2472 hymn.
1224 2433 1255 2464 in
1282 2434 1374 2465 Dian.
1399 2444 1428 2466 v.
1446 2434 1523 2470 266.

958 2475 1035 2510 364.
1060 2477 1260 2509 Perizon.
1293 2478 1333 2511 ad
1369 2480 1439 2511 ..Acl
1466 2481 1507 2511 V.
1533 2481 1579 2513 Η.

959 2522 1023 2553 ΙΠ.
1044 2522 1100 2556 40
1130 2523 1340 2564 inprimisque
1363 2523 1454 2556 Car.
1483 2527 1579 2564 Auo.

960 2567 1192 2608 Bottiger
1184 2578 1214 2600 ιη
1237 2569 1366 2600 Prolus.
1398 2569 1582 2603 Quidsit

962 2612 1153 2645 fabulam
1181 2613 1350 2651 docere,
1364 2612 1486 2655 opusc.
1508 2618 1579 2648 Lat.

963 2656 1014 2689 ed.
1040 2658 1139 2700 Sillig
1162 2658 1263 2700 p.287
1285 2669 1343 2700 sqq
1370 2663 1403 2690 et
1417 2659 1482 2693 290
1506 2670 1578 2702 sqq,
