1612 2872
466 54 548 97 DE
583 53 861 98 LEGIBUS
891 62 973 96 etc.
1227 53 1450 96 CLXXV

86 169 228 212 denda
276 168 531 222 videantur,
586 167 900 224 reprehendat,
961 182 1071 224 quae
1123 175 1266 210 autem
1323 167 1451 210 laude

85 226 219 284 digna
249 225 352 281 sint,
385 226 550 269 meritis
580 224 784 274 laudibus
819 225 998 268 afficiat.

200 314 289 359 Sed
321 316 540 360 mittamus
570 315 694 368 haec,
727 315 1108 370 quandoquidem,
1142 314 1246 371 quid
1278 314 1340 356 rei
1373 314 1448 367 sit,

86 373 289 415 omnibus
322 373 598 416 manifestum
630 372 721 415 fore
755 371 1028 415 confidimus.
1100 372 1339 414 Veniamus
1369 387 1448 427 po-

85 429 173 472 tius
226 429 416 485 denique
465 429 520 472 ad
569 429 731 471 crimen
783 429 941 471 erroris
1004 430 1232 472 cuiusdam
1280 430 1448 471 auctori

84 486 227 542 operis
260 487 503 541 obiectum,
544 484 659 529 unde
690 486 795 527 item
825 486 1018 542 suspicio
1052 486 1324 528 adulterinae
1355 486 1449 528 eius
1520 501 1527 507 ·

84 543 267 600 originis
307 545 496 600 repetita
535 555 613 586 est.
673 543 856 585 Incusat
893 543 1005 585 enim
1049 543 1307 586 Zellerus
1343 543 1449 586 Stu-

84 599 191 643 dior.
229 600 340 642 Plat.
380 617 421 657 p.
462 602 530 642 33.
569 600 827 657 scriptorem
869 601 999 642 etiam
1032 606 1287 656 propterea,
1329 600 1448 656 quod

83 657 206 699 Libr.
238 657 323 699 IX.
355 674 397 714 p.
430 659 526 700 855.
563 656 613 699 C.
645 657 870 713 scripserit
899 672 1086 714 poenam
1125 657 1240 699 exilii
1272 658 1448 700 omnino

84 729 172 756 non
203 729 298 757 esse
337 714 716 769 constituendam,
750 720 794 756 et
825 720 971 756 tamen
1003 713 1186 756 eandem
1215 714 1448 771 parricidis

83 771 354 828 irrogaverit.
425 773 487 814 At
527 772 641 814 enim
692 786 795 814 vero
842 771 928 814 ista
976 786 1152 827 quoque
1201 771 1447 814 criminatio

82 827 193 870 adeo
236 835 303 872 est
340 829 477 872 futilis
517 835 560 871 et
597 829 764 883 inanis,
806 834 856 870 ut
896 829 969 870 vix
1010 828 1273 870 refutatione
1315 828 1449 886 digna

82 884 293 928 videatur.
363 885 478 930 Sunt
516 886 631 928 enim
668 901 779 941 quae
819 902 860 942 p.
909 886 1005 928 855.
1058 885 1110 928 C.
1147 886 1306 928 litteris
1349 901 1447 942 per-

83 943 247 999 scripta
284 943 516 1000 leguntur,
548 959 777 1001 perperam
807 943 1046 998 intellecta,
1079 943 1208 985 sicuti
1241 943 1286 984 in
1316 943 1447 985 huius

79 1000 165 1042 loci
206 1000 483 1042 enarratione
525 1001 632 1043 satis
680 999 879 1043 videmur
920 1000 1302 1044 demonstravisse.
1379 1004 1448 1044 Ac

80 1056 279 1099 similiter
321 1057 450 1099 etiam
490 1057 544 1100 de
584 1058 671 1100 illis
709 1057 830 1099 Libr.
871 1057 957 1100 III.
1003 1073 1045 1114 p.
1095 1057 1192 1101 682.
1234 1057 1288 1099 Ε.
1331 1064 1374 1100 et
1404 1073 1447 1114 p.

81 1114 178 1156 685.
215 1114 268 1156 E.
310 1114 592 1157 iudicandum
625 1121 715 1167 est,
756 1114 832 1156 ubi
867 1129 978 1171 quae
1007 1120 1242 1156 narrantur
1267 1114 1321 1156 de
1353 1115 1447 1157 Do-

80 1171 215 1226 ribus,
247 1171 423 1214 minime
453 1172 567 1214 inter
597 1186 644 1214 se
673 1186 871 1229 pugnare
897 1171 1179 1226 videbuntur,
1210 1170 1448 1215 dummodo

82 1227 214 1270 verba
243 1235 359 1271 recte
389 1229 614 1272 intellecta
643 1229 819 1272 fuerint.

195 1308 360 1351 Verum
404 1309 514 1351 satis
556 1308 664 1351 haec
703 1314 834 1352 sunto
886 1308 941 1351 de
992 1309 1102 1352 locis
1143 1309 1352 1367 singulis,
1393 1325 1447 1352 ex

82 1364 239 1420 quib'us
279 1365 420 1408 critici
459 1366 666 1408 malarum
697 1366 999 1423 suspicionum
1031 1382 1210 1411 caussas
1242 1373 1286 1409 et
1316 1382 1446 1424 argu-

80 1428 226 1464 menta
262 1422 547 1479 repetierunt.
613 1423 729 1466 Nam
773 1423 881 1478 alia,
933 1439 1044 1479 quae
1094 1423 1180 1467 huc
1226 1424 1446 1481 pertinere

81 1477 327 1535 videantur,
360 1480 464 1523 alibi
495 1481 700 1537 expedire
733 1481 1002 1524 conabimur.

192 1558 278 1602 His
308 1575 412 1602 vero
445 1560 657 1617 expositis
687 1559 864 1602 tandem
895 1560 1132 1616 aliquando
1157 1560 1444 1618 disputationi

80 1615 347 1659 nostraessde
389 1624 648 1674 argumento
688 1633 739 1660 ac
782 1618 964 1660 materia
1001 1619 1175 1675 Legum
1216 1618 1446 1660 institutae

78 1673 210 1715 finem
238 1673 461 1731 imponere
492 1675 656 1717 licebit.
717 1673 843 1728 Quae
873 1675 985 1717 enim
1014 1675 1237 1733 pertinent
1267 1675 1324 1717 ad
1354 1691 1446 1717 rem

65 1730 330 1785 militarem,
375 1731 432 1773 ad
469 1747 540 1774 res
585 1732 783 1775 forenses
834 1738 876 1774 et
913 1733 1129 1787 aerarias,
1185 1732 1241 1775 ad
1279 1733 1446 1776 victum

80 1786 383 1840 domesticum,
419 1788 476 1830 ad
495 1786 593 1831 'alia
620 1789 688 1831 his
721 1788 905 1831 finitima
935 1795 978 1831 et
1001 1796 1203 1847 cognata,
1237 1805 1303 1845 ea,
1336 1805 1446 1846 quo-

79 1843 194 1885 niam
225 1844 334 1885 nihil
372 1844 533 1887 habent
573 1845 861 1888 dubitationis
902 1853 1202 1902 poteruntque
1243 1847 1298 1890 ab
1338 1847 1446 1903 ipsis

80 1900 328 1957 legentibus
360 1901 486 1944 facile
517 1901 728 1955 iudicari,
772 1902 1037 1958 peculiarem
1066 1904 1150 1946 sibi
1183 1903 1446 1960 disputatio-

79 1972 178 2000 nem
210 1958 467 2013 neutiquam
499 1958 736 2015 deposcere
757 1959 975 2002 videntur.
1036 1959 1334 2014 Quamobrem
1366 1976 1445 2004 suo

78 2020 276 2071 tempore
307 2014 362 2057 ad
394 2030 446 2057 ea
475 2015 707 2058 tractanda
737 2015 888 2058 licebit
907 2016 1132 2071 accedere,
1196 2033 1278 2060 uae
1309 2018 1447 2061 altera
1516 2040 1521 2045 „

79 2070 224 2137 huius·
258 2071 569 2137 disputationis
619 2078 746 2129 parte
803 2072 1023 2116 illustrare
1082 2090 1170 2131 apu
1254 2075 1445 2118 animum

81 2135 404 2172 constituimus.
