1612 2872
554 47 925 93 PRAEFATIO.
1199 46 1417 91 XXXIII

62 166 158 210 dem
186 181 286 209 vere
315 171 504 208 testatur
534 158 641 207 Bas
654 165 772 207 tius
805 164 1067 207 Vaticanum
1095 162 1260 220 pariter
1287 167 1420 216 atque

62 224 309 268 Parisinum
341 225 397 267 A.
425 222 486 264 ibi
516 222 735 279 ὠφέλειαν
766 222 890 265 tueri.
952 220 1174 275 Quocirca
1198 219 1418 262 nescimus

0 300 1 309 ¹
63 296 168 325 sane
211 295 291 323 cur
341 280 402 323 ibi
455 278 847 323 Schneider-us
897 278 1090 337 ὠφελίαν
1119 276 1321 320 ediderit.
1362 300 1418 307 -

59 338 183 383 Libr.
223 338 284 380 11.
361 370 370 379 .
402 338 499 379 652.
531 339 588 379 A.
619 337 740 379 solus
769 337 884 379 Ven.
916 338 966 381 Ξ.
998 335 1190 393 ὠφελίας
1220 348 1274 377 ex
1305 348 1418 376 corr.

61 395 177 438 Nam
222 410 309 450 quo
370 393 530 436 Bekk
543 409 668 436 erus
700 394 802 436 Vat.
833 395 890 436 Ω.
921 393 984 435 ita
1015 393 1231 450 scriptum.
1256 391 1418 433 habere

61 458 223 507 narrat,
255 452 363 494 Bas
379 451 494 493 tius
521 457 641 492 certe
673 465 767 492 eam
796 450 1026 493 lectionem
1059 465 1201 506 neque
1230 464 1285 492 ex
1312 449 1418 491 Vat.

63 525 204 565 neque
241 524 296 550 ex
334 509 434 550 Par.
476 507 696 562 enotavit,
743 514 792 549 ut
829 507 990 549 nollem
1029 505 1420 551 Schneiderus

62 582 156 609 eam
196 565 268 608 hic
309 579 484 619 quoque
523 564 672 607 invitis
712 564 835 607 libris
885 579 1023 622 prope
1075 565 1277 607 omnibus
1324 577 1421 606 sus-

61 623 263 680 cepisset.
294 646 350 653 —
408 620 523 664 Ibid.
562 638 605 678 p.
649 622 745 664 656.
793 623 845 663 A.
878 637 965 677 quo
995 622 1094 664 loco
1125 637 1275 664 rursus
1307 620 1420 678 ὠφε-

61 684 157 730 λίας
196 678 320 722 dedit
366 678 783 733 Schneiderus,
815 694 919 721 sane
959 677 1063 721 Vat.
1094 681 1153 722 Ω·
1185 693 1283 721 cum
1314 680 1420 720 ven.

63 736 112 783 Ξ.
149 736 351 779 Bastio
390 741 503 778 teste
540 735 708 791 liquido
739 736 896 779 scribit
927 736 1146 793 ω’φελιάν,
1193 734 1314 791 quod
1341 735 1420 777 ha-

60 795 166 837 bent
197 794 328 836 etiam
359 792 446 835 duo
471 793 728 836 Florentini.
790 792 882 836 Sed
911 793 1009 835 Par.
1041 794 1097 835 A.
1129 808 1228 836 cum
1257 793 1420 835 ceteris

62 852 152 894 fere
183 851 383 893 omnibus
414 851 656 904 ὠφέλειαν,
689 850 808 906 quod
838 851 923 893 isto
967 857 1100 906 pacto
1141 849 1419 893 servandum.

63 934 118 939 —
154 907 266 952 Ibid.
293 925 337 965 p.
389 909 484 950 667.
545 908 599 950 Β.
641 907 693 950 C.
735 907 1134 951 Schneiderus
1175 907 1242 950 bis
1282 906 1422 949 edidit

64 965 270 1023 ὠφελίαν.
329 965 470 1020 Atqui
490 981 584 1007 eam
609 966 789 1008 formam
820 971 994 1019 praeter
1023 965 1134 1008 duos
1164 965 1286 1007 Flor.
1315 965 1418 1006 Vat.

63 1023 92 1065 f.
145 1028 190 1064 et
232 1022 393 1079 Angel.
439 1038 554 1065 unus
594 1029 764 1064 tantum
794 1022 898 1064 Vat.
938 1023 996 1067 Ω.
1026 1029 1186 1075 tuetur,
1221 1020 1420 1077 quando-

63 1079 238 1135 quidem
282 1080 518 1122 Bastius
555 1079 627 1122 hic
667 1095 719 1121 ne
758 1095 811 1121 ex
854 1080 965 1122 Ven.
1006 1081 1056 1126 Ξ.
1097 1078 1272 1135 quidem
1303 1079 1422 1121 illam

64 1137 270 1179 enotavit.
313 1162 367 1167 —
428 1137 623 1179 Tertium
670 1135 833 1179 ibidem
871 1136 923 1184 C.
966 1138 1183 1193 reperitur
1225 1139 1299 1179 καὶ
1340 1136 1422 1188 τήν

64 1195 300 1251 ὠφέλειαν,
340 1193 458 1248 quod
495 1194 564 1236 vir
585 1194 738 1236 doctus
770 1194 872 1236 item
914 1194 958 1236 in
991 1196 1186 1250 ὠφελίαν
1218 1193 1418 1248 mutavit,

65 1251 439 1294 consentientibus
482 1266 587 1293 sane
625 1252 730 1293 Vat.
767 1253 823 1294 Ω.
869 1252 897 1293 f.
973 1252 1083 1294 Ven.
1128 1254 1176 1297 Ξ.
1210 1258 1255 1293 et
1283 1251 1420 1293 Paris.

63 1309 105 1351 b.
144 1314 194 1350 ut
230 1314 416 1350 testatur
457 1308 700 1351 Bastius.
777 1307 867 1352 Sed
909 1308 1018 1364 quid
1059 1309 1130 1351 hic
1168 1308 1422 1351 deseramus

64 1370 306 1407 ceterorum
345 1365 556 1407 librorum
597 1366 854 1423 scripturam
895 1366 998 1409 alibi
1038 1367 1278 1409 certissime
1316 1381 1420 1408 con-

63 1422 276 1464 firmatam
317 1429 360 1464 et
397 1422 468 1464 hic
499 1438 674 1479 quoque
704 1423 775 1465 vel
802 1422 941 1466 Paris.
973 1425 1030 1466 A.
1061 1423 1283 1481 praesidio
1315 1424 1422 1467 satis

63 1479 302 1522 munitam?
332 1504 388 1512 --
446 1480 558 1522 Ibid.
588 1497 631 1537 p.
663 1482 759 1524 667.
788 1480 846 1522 D.
908 1482 1104 1539 ὠφελίαν
1134 1482 1237 1524 Vat.
1269 1482 1298 1523 f.
1329 1481 1423 1523 An-

63 1537 149 1594 gel.
181 1537 285 1580 vat.
315 1539 370 1580 Ω.
400 1536 512 1581 Ven.
546 1539 595 1584 Ξ.
627 1552 714 1592 quo
744 1543 890 1580 tamen
919 1539 1024 1581 item
1052 1538 1160 1580 nihil
1178 1553 1419 1592 movemur,

64 1600 114 1636 ut
157 1609 255 1636 cum
295 1593 649 1638 Schneidero
691 1601 883 1638 veterem
921 1596 1181 1653 scripturam
1212 1595 1421 1638 abiicien-

65 1650 164 1693 dam
204 1666 298 1694 esse
339 1651 610 1694 arbitremur.
642 1677 696 1683 —
755 1652 878 1696 Libr.
910 1654 991 1695 Vl.
1022 1670 1062 1711 p.
1096 1655 1193 1697 761.
1224 1653 1283 1697 D.
1315 1668 1424 1708 qua-

65 1715 166 1751 tuor
209 1708 327 1751 Flor.
367 1715 413 1750 et
449 1710 554 1751 Vat.
594 1710 622 1751 f.
670 1709 854 1768 ώφελιά.
921 1710 991 1753 De
1022 1711 1178 1754 ceteris
1206 1726 1290 1754 nec
1318 1710 1425 1753 Ba-

65 1765 211 1808 stius
251 1781 334 1808 nec
370 1765 662 1809 Bekkerus
714 1766 954 1823 quidquam
991 1767 1216 1811 varietatis
1253 1783 1424 1811 memo-

66 1828 178 1865 rant.
246 1823 476 1865 Nollemus
513 1824 648 1881 igitur
686 1823 1106 1868 Schneiderum
1145 1825 1217 1868 hic
1248 1841 1426 1881 quoque

69 1878 114 1920 in
155 1893 252 1920 eum
288 1879 524 1921 inductum·
546 1896 640 1924 esse
670 1897 874 1935 errorem,
920 1888 970 1924 ut
999 1882 1266 1924 Bekkero
1295 1882 1426 1925 fidem

68 1935 262 1989 haberet,
292 1935 452 1978 alicubi
478 1937 579 1979 Vat.
598 1939 654 1980 Ω.
683 1938 745 1979 ita
774 1940 964 1981 scribere
1003 1940 1144 1981 solere
1174 1938 1425 1996 affirmanti,

68 1991 258 2046 ideoque
286 1999 495 2049 protenus
527 1992 736 2036 edidisset
766 1995 883 2049 quod
905 1996 1114 2039 librorum
1133 2002 1303 2039 tantum
1335 2013 1426 2039 non

68 2049 259 2092 omnium
320 2051 571 2092 auctoritati
617 2051 885 2094 adversatur.
935 2077 990 2084 —-
1072 2052 1186 2096 lbid.
1236 2054 1292 2110 ps
1329 2056 1425 2097 763.

68 2107 121 2150 B.
179 2106 419 2149 rectissime
470 2123 621 2150 omnes
676 2108 800 2151 editt.
851 2116 1024 2166 praeter
1089 2110 1425 2154 Schneider.

70 2166 144 2206 καὶ
195 2163 467 2220 ὠφελείας.
542 2165 659 2208 Nam
726 2166 1035 2210 Bekkerus
1081 2167 1257 2223 quidem
1318 2169 1427 2211 nihil

69 2220 199 2277 plane
238 2220 557 2278 discrepantiae
586 2230 821 2278 memorat,
863 2223 1104 2267 Bastius
1142 2232 1289 2268 autem
1329 2242 1427 2268 nar->

67 2284 137 2319 rat
176 2278 222 2319 in
258 2278 370 2323 Ven.
413 2280 462 2325 Ξ.
509 2285 554 2321 et
606 2280 710 2323 Vat.
752 2284 807 2325 Ω.
848 2281 1048 2338 primitus
1090 2282 1266 2337 quidem
1308 2283 1427 2340 ὠφε-

67 2337 165 2385 λίας
183 2334 360 2390 lectum,
392 2335 471 2378 sed
501 2349 657 2392 postea
687 2338 900 2395 ὠφελείας
917 2339 1124 2381 resectum
1145 2354 1256 2383 esse.
1295 2341 1428 2384 Unde

70 2392 170 2446 quis
200 2392 413 2435 continuo·
437 2393 617 2450 colliget
643 2409 795 2437 verum
818 2410 916 2439 esse
947 2396 1168 2453 ώφελῐαςῖ
1199 2423 1256 2429 —-
1305 2398 1427 2441 Libr.

68 2448 178 2491 VII.
210 2465 254 2505 p.
287 2450 380 2494 793.
421 2450 472 2495 Ε.
512 2451 616 2493 item
658 2458 775 2494 recte
818 2452 941 2496 editt.
982 2460 1157 2511 praeter
1187 2454 1427 2498 Schnei-

69 2504 182 2548 der.
218 2510 280 2555 εὶς
319 2506 550 2564 ὠφέλειαν.
609 2508 686 2551 Nil
717 2509 832 2551 enim
868 2510 929 2553 ibi
973 2511 1076 2554 novi
1108 2512 1427 2562 Bekkerus;

69 2577 151 2605 nec
196 2562 306 2606 alius
340 2564 570 2620 quisquam
612 2565 666 2608 de
706 2567 923 2624 scriptura
963 2568 1159 2626 ὠφελίαν
1189 2569 1428 2625 quidquam

69 2619 315 2662 memoriae
346 2621 549 2677 prodidit.
591 2647 644 2655 —·-
715 2624 836 2666 Libr.
888 2625 974 2669 IX.
1023 2642 1064 2682 p.
1113 2627 1210 2669 862.
1263 2628 1318 2669 A.
1361 2626 1430 2667 bis

1121 2698 1157 2740 C
