1612 2872
239 89 316 130 162

334 204 438 245 ΚΛ.
481 200 539 243 Τὸ
580 209 734 248 nolum

337 265 447 325 Cap.
486 263 566 307 ΠΙ.

739 86 1115 131 PLATONIS

639 267 736 307 ΛΘ.
795 262 964 317 Ἐπειδὴ
999 265 1228 320 μιμήματα
1265 265 1441 323 τρόπων
1475 271 1560 311 ἐστὶ

234 331 288 374 τὰ
326 335 420 386 περὶ
456 328 535 379 τὰς
567 336 755 384 χορείας,
789 335 833 372 ὲν
869 331 1046 386 πράξεσί
1081 347 1123 373 τε
1160 336 1463 382 παντοῦαπαῐς
1498 351 1561 386 γι·

233 396 423 451 γνόμενα
458 398 527 437 καὶ
565 395 713 450 τύχαις
748 397 819 437 καὶ
857 395 1000 447 ἤθεσι,
1035 399 1105 438 καὶ
1139 397 1350 451 μιμήμασι
1386 398 1561 448 «διεξιόν-

236 478 321 503 των
356 460 569 510 ἑκάστων,
613 460 678 511 οἷς
714 463 792 515 μὲν
836 460 895 503 ἂν
929 460 1038 517 πρὸς
1071 462 1237 516 τρόπον
1272 462 1327 504 τὰ
1361 461 1559 520 ῥηθέντα

236 525 260 577 ἢ
296 528 610 580 μελῳδηθέντα
659 525 682 577 ἢ
718 531 788 568 καὶ
835 525 1035 577 ὁπωςοῦν
1074 530 1348 582 χορευθέντα
1387 527 1410 581 ἢ
1446 528 1558 571 κατὰ

236 591 369 646 quom
406 590 429 643 ἢ
466 590 576 633 κατὰ
613 596 723 642 ἔθος
758 590 786 633 ἃ
822 591 919 635 κατ’
967 592 1222 650 ἀμφότερα,
1268 593 1448 644 τούτους
1480 597 1559 648 μὲν

233 659 304 699 καὶ
341 657 510 707 τούτοις
544 660 705 714 χαίρειν
738 674 780 701 τε
818 661 889 701 καὶ
925 663 1115 701 ἐπαινεῖν
1150 658 1264 701 αὐτὰ
1293 663 1363 702 καὶ
1400 677 1560 716 προςα-

324 829 407 871 Cap.
434 830 503 863 111.
540 830 579 863 D.
615 832 680 862 καὶ
714 830 945 873 μιμήμασι]
989 831 1073 864 Cod.
1099 842 1124 864 r.
1151 830 1252 863 εἴδεσι
1278 832 1330 863 καὶ
1354 835 1488 873 (atat.
1518 830 1557 864 Ω.

232 879 266 906 et
291 873 319 905 δ.
346 885 395 916 pr.
420 884 450 906 v.
477 874 505 907 h.
532 886 562 907 a.
589 873 977 916 μιμήσεσι.801ιιι]111ε>,εε,
1003 886 1065 918 pro
1089 875 1260 918 μιμήμασι.
1284 887 1370 909 corr.
1394 874 1556 919 σχήμασι.

230 918 406 952 Boeckhio
426 920 552 961 placuit
575 918 762 962 παθήμασι.
809 922 955 954 Orellius
983 926 1060 954 ante
1083 922 1242 962 μιμήμασι
1263 920 1445 954 delendum
1477 933 1557 954 cen-

230 968 286 996 set
325 965 382 995 καί
407 969 511 1005 atque
535 964 676 997 ἕκαστον
705 966 837 999 restitui
872 968 985 1004 iubet,
1008 967 1174 1009 probante
1200 968 1239 1000 C.
1267 967 1321 999 Fr.
1346 967 1556 1000 Hermanno.

278 1098 361 1140 Cap.
388 1097 445 1131 ΙΙΙ.
482 1094 650 1140 Ἐπειδὴ
682 1100 854 1141 μιμήμα·

233 1155 278 1175 τα
302 1140 472 1185 τρόπων
494 1143 584 1175 ἐστὶ
610 1143 721 1187 reim]
739 1146 777 1177 In
795 1146 857 1179 hoc

229 1190 306 1221 loco
331 1188 533 1229 explicando
556 1189 676 1222 mirum
704 1194 757 1222 est
778 1201 855 1232 pro-

226 1233 319 1266 fecto
341 1237 552 1275 quantopere
579 1234 782 1275 interpretes
809 1236 855 1267 la-

226 1277 433 1310 boraverint.
485 1278 553 1312 Qui
578 1279 712 1320 quidem
740 1291 856 1312 omues

226 1322 261 1354 in
289 1332 331 1354 eo
355 1321 537 1355 haeserunt
559 1323 659 1363 adeo,
685 1329 721 1356 ut
747 1326 854 1358 nullus

227 1367 301 1399 fere
324 1377 400 1400 eum
436 1368 591 1401 videatur
622 1379 684 1410 pro
715 1379 798 1401 sano
822 1375 857 1402 et

227 1412 424 1454 incorrupto
455 1411 632 1453 habuisse,
665 1424 783 1446 omnes
809 1415 858 1446 in·

227 1461 348 1497 genten
372 1458 599 1499 corruptionis
626 1461 772 1491 maculas
798 1459 857 1491 de-

227 1500 467 1542 prehendisse,
508 1507 643 1543 praeter
676 1513 776 1535 unum
812 1506 857 1535 A-

226 1546 372 1585 stium,
403 1547 459 1587 qui
484 1551 599 1579 tamen
624 1548 696 1589 ipse
721 1558 858 1590 quoque

227 1600 292 1622 non
327 1592 418 1623 omni
450 1601 490 1622 ex
522 1597 619 1633 parte
650 1602 726 1625 enm
762 1597 856 1625 recte

226 1636 412 1668 illustravit.
459 1634 532 1667 Nos
553 1636 630 1676 quid
657 1637 854 1677 sentiamus,

225 1680 434 1711 transmissis
465 1680 607 1713 aliorum
640 1682 855 1723 opinionibus

223 1733 321 1765 quam
354 1724 556 1756 brevissime
584 1735 754 1767 exponere
794 1737 855 1758 co-

224 1768 387 1801 nabimur.
436 1768 596 1801 Cernitur
627 1780 709 1802 vero
744 1772 854 1803 omnis

223 1813 405 1845 difficultas
430 1814 577 1846 maxime
601 1814 634 1846 in
649 1815 779 1847 verbis:
800 1816 854 1847 καὶ

222 1855 382 1898 μιμήμασι
435 1855 630 1898 διεξιόντων
689 1859 851 1893 ἑκάστων.

222 1902 322 1936 Quae
352 1901 484 1943 quidem
527 1913 589 1935 nos
622 1908 783 1946 putamus
812 1916 852 1938 ex

221 1946 436 1985 anacoluthia
481 1948 642 1989 explicari
681 1955 853 1990 oportere,

222 1992 267 2023 ita
298 1991 453 2032 quidem,
497 1996 534 2024 ut
572 2003 590 2025 a
622 1995 727 2026 verbo
760 1994 854 2027 linito

221 2036 374 2069 transitio
405 2037 603 2070 insolentior
641 2038 683 2070 ad
716 2040 852 2081 partici-

220 2081 308 2121 pium
324 2082 396 2113 fieri
413 2082 636 2115 existimetur.
661 2082 745 2116 Nam
770 2094 851 2116 con-

219 2127 363 2158 structio
407 2127 569 2159 enuntiati
610 2128 735 2161 usitata
769 2128 852 2161 haec

218 2169 297 2202 fuit:
330 2168 440 2212 ἐπειδὴ
470 2168 508 2202 τὰ
533 2173 608 2212 περὶ
633 2170 692 2204 τὰς
714 2175 850 2215 χορείας

218 2212 290 2246 ἐστὶ
316 2214 482 2257 μιμήματα
498 2215 636 2258 τρόπων
659 2216 696 2249 ἐν
711 2218 849 2260 πράξεσι

218 2269 251 2290 τε
289 2259 521 2292 παντοδαπαῖς
549 2263 602 2293 καὶ
643 2260 756 2303 τύχαις
794 2265 847 2296 καὶ

218 2301 321 2344 ἤθεσι
357 2303 539 2347 γιγνόμενα
579 2307 633 2338 καὶ
667 2307 847 2350 μιμήμασιν

217 2346 366 2381 ἑκάστων
404 2349 538 2390 διέξεισι
571 2352 690 2392 (intell.
725 2350 846 2395 αὐτα’);

217 2392 247 2427 h.
272 2403 303 2426 e.
333 2404 455 2435 quum
480 2394 668 2432 choreae
692 2397 746 2439 (τὰ
771 2400 844 2441 περὶ

215 2439 368 2479 χορείας)
422 2440 503 2472 sint
546 2439 842 2484 imitationes,

214 2492 323 2524 quae
359 2487 585 2517 versantur
630 2485 670 2518 in
706 2488 841 2529 expri-

215 2527 379 2560 mendis
411 2528 541 2560 variis
577 2532 844 2571 actionibus,

214 2572 421 2604 fortunae
480 2573 650 2606 casibus
710 2579 842 2619 atque

212 2617 370 2650 nativis
427 2618 638 2660 ingeniis,
705 2631 843 2665 eaque

925 1100 1099 1141 singula
1147 1101 1359 1134 imitando
1416 1111 1558 1142 perse-

925 1150 1111 1186 quantur
1143 1145 1200 1188 (h.
1226 1157 1256 1179 e.
1283 1147 1359 1178 das
1386 1145 1555 1179 Einzel-

926 1200 973 1222 ne
998 1190 1426 1233 in‹lividualisiren);
1450 1191 1556 1224 fieri

925 1244 1004 1267 non
1057 1241 1204 1277 potest
1257 1237 1352 1277 quin
1402 1237 1556 1276 quibus

927 1281 1183 1313 conveniant
1215 1280 1334 1313 dicta
1365 1282 1430 1313 vel
1464 1291 1554 1313 can-

926 1329 1014 1357 tata
1040 1326 1108 1363 ,vel
1144 1335 1399 1367 quocunque
1433 1326 1555 1358 modo

926 1379 944 1401 a
969 1369 1102 1402 choro
1127 1374 1459 1412 repraesentata
1484 1376 1556 1403 aut

928 1420 1077 1447 natura
1116 1420 1192 1447 aut
1233 1414 1555 1449 consuetudine

927 1463 997 1492 aut
1022 1464 1205 1501 utroque
1233 1460 1380 1500 simul,
1404 1460 1435 1492 ii
1458 1461 1555 1493 illis

927 1505 1147 1536 laetentur
1192 1515 1325 1546 eaque
1372 1505 1555 1538 laudent

924 1559 968 1580 ac
1010 1550 1159 1590 pulcra
1208 1550 1434 1591 appellent
1475 1555 1551 1582 ctr.

923 1593 991 1625 Sed
1017 1604 1121 1633 quum
1146 1592 1261 1635 ἐπειδή
1284 1599 1452 1636 sequente
1476 1605 1552 1627 ver-

923 1639 966 1669 bo
996 1638 1090 1669 finito
1121 1640 1320 1679 antecedat,
1354 1644 1467 1672 tamen
1485 1641 1552 1673 Δκαὶ

923 1680 1119 1723 διεξιόντων
1150 1684 1366 1725 subiungitur
1391 1686 1550 1725 quoniam

922 1728 1086 1769 participii
1112 1727 1231 1761 eadem
1248 1729 1347 1770 plane
1375 1730 1424 1761 vis
1449 1735 1553 1771 atque

922 1770 1076 1814 potestas
1110 1777 1180 1812 est,
1219 1783 1317 1814 quam
1359 1772 1551 1808 habiturum

923 1823 1016 1850 esset
1041 1816 1185 1857 διέξεισι.
1235 1818 1367 1850 Similia
1392 1824 1552 1852 constru-

921 1862 1044 1894 ctionis
1085 1863 1241 1904 exempla
1284 1866 1459 1903 congessit
1505 1866 1550 1897 A.

922 1906 1139 1940 Matthiae
1177 1909 1238 1943 Gr.
1278 1908 1308 1949 ξ.
1340 1908 1416 1942 632.
1453 1912 1485 1942 4.
1518 1920 1550 1951 p.

921 1951 1010 1986 1527
1035 1961 1083 1992 sq,
1110 1952 1164 1984 ed.
1188 1953 1220 1986 3.
1271 1953 1365 1985 llaec
1390 1963 1471 1986 vero
1496 1964 1551 1986 ra-

920 1997 967 2028 tio
998 2006 1065 2038 quo
1098 1997 1224 2030 facilius
1248 1997 1549 2040 animadvertatur,

920 2046 999 2083 post
1024 2042 1077 2073 καὶ
1109 2039 1210 2083 ἤθεσι
1238 2042 1402 2083 virgulam
1433 2044 1548 2085 posui·

919 2096 1012 2126 mns,
1051 2096 1095 2118 ne
1137 2090 1400 2128 connectantur,
1450 2089 1548 2120 sicuti

918 2132 1018 2172 vulgo
1043 2130 1166 2163 factum
1194 2131 1368 2171 videmus,
1406 2134 1458 2164 καὶ
1490 2132 1546 2165 τύ-

916 2184 988 2216 χαις
1019 2176 1081 2206 ’καὶ
1118 2174 1221 2217 ἤθεσι
1262 2178 1315 2208 καὶ
1352 2175 1545 2219 μιμήμασιν.

916 2221 966 2252 De
998 2218 1036 2251 τὰ
1066 2222 1140 2262 περὶ
1165 2220 1222 2253 τὰς
1253 2221 1404 2263 χορείας,
1438 2233 1546 2265 quae

914 2265 962 2296 nd
999 2265 1178 2298 choreas
1227 2269 1435 2307 attinent,
1483 2278 1544 2309 pro

914 2307 934 2351 ἠ
958 2311 1090 2351 χορεία,
1126 2320 1156 2342 v.
1186 2311 1398 2344 Matthiae
1423 2313 1484 2345 Gr.
1511 2312 1542 2354 §-

911 2354 978 2389 284
990 2365 1040 2395 sq.
1068 2355 1118 2387 Ad
1136 2353 1330 2396 διεξιόντων
1353 2356 1442 2390 idem
1461 2357 1543 2389 sub—

910 2400 1031 2432 iectum
1048 2400 1263 2433 referendum
1290 2401 1380 2442 quod
1396 2402 1427 2434 in
1442 2412 1500 2444 pra
1508 2412 1545 2434 e-

909 2444 1043 2476 cedenti
1073 2446 1238 2478 enuntiati
1266 2451 1365 2487 parte
1395 2446 1477 2487 fuit,
1513 2457 1540 2478 s.

911 2487 949 2521 τὰ
972 2489 1048 2531 περὶ
1073 2487 1130 2521 τὰς
1144 2492 1289 2532 χορείας,
1312 2491 1358 2524 ita
1374 2495 1411 2524 ut
1429 2495 1542 2524 mente

909 2539 945 2567 et
967 2534 1178 2575 cogitatione
1202 2534 1315 2567 αὐτῶν
1337 2536 1474 2577 intelligi
1502 2536 1540 2567 li-

909 2582 996 2617 ceat,
1022 2588 1085 2612 usu
1112 2581 1306 2622 neutiquam
1332 2590 1421 2613 raro.
1457 2579 1538 2615 Nam

915 2621 1063 2657 ἑκάστων
1108 2624 1236 2668 pendet
1289 2634 1334 2658 ex
1377 2622 1539 2666 μιμήμασι

1598 53 1612 80 Ἰζ·.
1597 28 1604 47 ‘⁹
