1612 2872
275 88 360 130 DE
393 87 672 133 LEGIBUS
708 88 811 131 {1113
838 89 887 131 .1.
921 87 968 131 Ρ.
1001 89 1096 132 642.
1129 86 1194 131 St.

0 219 3 258 ξι
35 210 127 251 siai
167 208 380 256 τοιοῦτοι,
401 208 520 250 δοκεῖ
551 205 844 259 ἀληθέστατα
881 208 1117 261 λέγεσθαι*
1149 202 1279 261 μόνοι
1317 205 1404 261 γὰρ

0 264 1 268 ¹
49 274 158 318 ἄνευ
194 272 394 328 ἀνάγκης
431 273 671 331 αὐτοφυῶς
707 277 816 328 θείᾳ
849 277 986 330 μοίρᾳ
1014 272 1206 326 ἀληθῶς
1238 276 1314 317 καὶ
1350 273 1402 317 οὕ

47 358 91 384 τι
128 342 332 390 πλαστῶς
367 344 473 384 εἰσὶν
505 340 698 395 ἀγαθοί.
737 338 930 399 ι’)αρῥῶν
966 338 1019 393 δὴ
1055 342 1162 396 ἐμοῦ
1195 357 1243 395 γε
1276 345 1402 384 ἕνεκα

47 413 187 464 λέγοις
221 405 280 450 ἂν
313 410 514 451 τοσαῦτα
548 406 694 451 ὁπόσα
732 423 803 450 σοι
838 410 983 465 φίλων.

146 475 252 517 ΚΛ.
326 476 415 517 Καὶ
448 476 546 531 μήν,
568 468 600 516 ὦ
637 475 829 526 §evanui
870 474 949 517 τὸν
986 472 1084 529 παρ’
1122 476 1227 529 ἐμοῦ
1266 473 1402 527 λόγον
1446 500 1449 501 ’

44 541 242 591 ἀκούσας
280 558 323 585 τε
358 544 430 584 καὶ
466 541 800 596 ἀποδεξάμενος
839 540 1034 599 θαρῥῶν
1069 540 1216 584 ὁπόσα
1252 542 1404 597 βούλει

47 688 87 717 Α.
111 684 153 716 Β.
179 684 229 724 (hi
263 685 355 716 enim
388 689 477 717 teste
502 670 627 716 Bastio
660 683 820 716 voculam
855 683 1037 725 exhibent)
1064 688 1098 715 et
1124 683 1163 717 Ξ.
1194 682 1234 716 Ω.
1259 696 1292 716 v.
1319 685 1344 717 f.
1371 685 1403 716 h.

43 731 77 763 r.'
98 740 137 764 0.,
159 741 188 763 c.
215 741 244 762 ο.
271 728 300 762 δ.
333 761 337 764 .

45 855 151 888 missa
166 855 333 888 Valcke
348 865 401 888 na
412 855 470 887 rii
487 854 688 896 suspicione

44 903 252 935 accedamus
301 902 346 934 ad
393 901 688 934 considerandam

44 949 252 981 sententiam
267 947 322 980 Ze
333 949 344 979 l
355 948 366 979 1
379 949 452 980 eri.
495 948 596 981 Quae
613 948 689 989 qui-

44 995 122 1026 dem
147 995 231 1037 quid
257 995 330 1026 veri
355 995 549 1034 contineat,
566 1003 609 1025 ex
634 994 689 1025 bis

43 1039 119 1073 fere
148 1042 280 1073 clarum
310 1041 370 1072 fiet
412 1046 519 1082 atque
551 1040 687 1080 perspi-

45 1096 157 1119 cuum.
197 1087 372 1119 Distinxit
400 1086 516 1125 Plato,
540 1091 578 1116 ut
602 1086 688 1118 alibi

45 1133 276 1171 ostendimus,
299 1133 419 1165 varios
447 1133 586 1164 virtutis
612 1137 687 1164 tan-

45 1189 149 1220 quam
182 1179 333 1220 gradus,
366 1180 416 1211 ita
453 1179 614 1221 quidem,
649 1182 688 1208 ut

45 1235 106 1257 eos
133 1225 293 1266 diversos
323 1235 400 1257 esse
424 1226 543 1264 vellet,
567 1225 687 1265 pronti

44 1272 123 1312 ipsa
146 1272 259 1303 virtus
281 1272 327 1303 ad
355 1271 523 1303 scientiae
547 1271 686 1302 laudem

45 1322 82 1348 et
94 1318 327 1349 constantiam
344 1318 490 1358 propius
506 1318 689 1349 accederet

45 1367 107 1395 aut
136 1363 278 1404 longius
313 1364 356 1396 ab
389 1363 512 1395 eadem
536 1363 685 1395 abesset.

45 1408 137 1441 Nam
174 1410 264 1441 alios
306 1410 443 1442 censuit
487 1409 687 1451 disciplina,

45 1455 298 1487 exercitatione
345 1460 380 1487 et
427 1464 534 1487 coeca
584 1456 687 1497 quasi

45 1502 317 1542 consuetudine,
343 1511 433 1543 quae
458 1502 609 1533 rationis
635 1502 687 1533 lu-

44 1547 138 1579 mine
162 1552 308 1587 careret,
322 1548 369 1580 ad
392 1553 486 1579 recte
512 1548 687 1589 agendum

44 1594 208 1634 perduci3
232 1594 321 1626 alios
347 1594 438 1625 vidit
461 1594 582 1626 divino
600 1604 687 1636 quo-

45 1639 125 1671 dam
147 1645 294 1672 naturae
323 1639 495 1672 beneficio
526 1640 686 1682 praecla-

44 1695 120 1718 ram
144 1686 189 1718 ad
213 1687 379 1718 virtutem
394 1686 550 1718 indolem
563 1690 686 1718 nactos

44 1741 121 1763 esse
145 1732 297 1773 ideoque
321 1732 367 1764 ad
389 1732 520 1764 bonum
554 1737 588 1764 et
612 1733 687 1764 lau-

45 1778 162 1810 dabile
202 1779 323 1810 nativo
361 1778 515 1819 quodam
556 1779 689 1820 impetu

45 1823 144 1863 ferri,
197 1824 323 1865 quibus
381 1824 523 1864 quidem
578 1825 688 1855 virtu-

46 1874 117 1901 tem
153 1869 342 1901 arbitratus
381 1874 433 1900 est
470 1869 554 1911 θείᾳ
584 1872 690 1912 μοίρᾳ

48 1915 254 1956 obtingere3
283 1915 373 1946 alios
410 1915 562 1957 denique
598 1916 690 1947 iudi-

47 1962 141 1994 cavit
164 1961 252 1993 duce
276 1961 452 2002 sapientia
482 1967 587 2001 atque
612 1961 690 2002 phi—

47 2007 214 2048 losophia
251 2007 485 2039 moderatrice
518 2007 570 2038 ita
604 2007 692 2039 bene

47 2062 153 2095 agere
201 2053 418 2094 honesteque
468 2053 607 2093 vivere,
653 2057 692 2084 ut

49 2099 274 2131 consiliorum
290 2099 535 2140 factorumque
548 2109 692 2130 suorum

49 2146 222 2177 rationem
262 2145 482 2187 exploratam
522 2145 694 2177 haberent

51 2201 203 2232 vereque
273 2191 450 2232 sapienter
522 2191 692 2223 viverent.

49 2236 96 2268 Et
131 2237 251 2278 priora
287 2238 427 2279 quidem
457 2236 598 2268 virtutis
634 2247 692 2278 ge-

49 2292 152 2319 nera,
183 2291 272 2323 quae
313 2284 368 2314 vel
409 2284 617 2324 disciplinae
659 2288 694 2314 et

50 2328 316 2360 consuetudinis
348 2329 518 2360 beneficio
550 2330 605 2360 vel
631 2339 693 2361 na-

52 2374 127 2406 tiva
159 2374 204 2406 ad
239 2373 402 2406 virtutem
425 2375 545 2406 indole
570 2376 693 2407 divino

51 2429 195 2451 munere
219 2425 362 2462 accepta
382 2420 518 2452 homini
532 2421 694 2461 obtinge-

51 2469 144 2505 rent,
170 2466 276 2497 etiam
303 2463 450 2507 magnac
474 2468 691 2498 multitudini

53 2515 88 2543 et
134 2510 336 2544 bominibus
383 2521 405 2543 a
445 2513 693 2554 philosophiae

53 2556 172 2588 studio
189 2557 313 2588 alienis
338 2559 531 2595 concessit,·
550 2560 693 2591 tertium

52 2606 170 2635 autem
212 2612 346 2644 genus,
385 2605 478 2646 quod
510 2606 694 2637 scientiam

53 2647 200 2680 haberet
229 2649 448 2690 adiunctam,
477 2651 559 2683 unis
599 2652 692 2683 veris

55 2692 278 2735 pbilosophis
314 2699 478 2738 tanquam
509 2698 691 2738 proprium

756 854 971 892 vindicavit.
996 855 1100 888 sicuti
1132 865 1176 887 ex
1200 854 1244 888 iis
1268 865 1402 888 sermo-

755 901 860 933 nibus
898 906 1064 944 apparet,
1104 902 1142 933 in
1186 902 1314 943 quibus
1357 902 1401 934 de

756 949 898 980 virtutis
951 948 1209 989 comparandae
1262 949 1402 980 ratione

756 994 920 1026 subtilius
969 995 1181 1036 disputatur.
1239 993 1401 1036 Quapro-

755 1046 833 1084 pter
858 1042 963 1072 etiam
988 1045 1060 1072 tam
1090 1040 1274 1072 fortuitam
1298 1051 1403 1082 quam

758 1085 820 1129 τὴν
844 1084 981 1128 δημώδη
1015 1082 1154 1128 ἀρετήν,
1186 1086 1220 1118 h.
1255 1096 1286 1118 e.
1311 1087 1402 1118 vul-

758 1143 933 1175 garem,
957 1143 979 1164 a
1003 1134 1134 1165 virtute
1160 1142 1202 1164 ea
1226 1133 1403 1170 distinxit,

756 1189 846 1221 quae
871 1180 907 1210 in
935 1180 1028 1211 veris
1051 1179 1300 1220 germanisque
1323 1179 1403 1220 phi-

755 1225 914 1267 losophis
969 1230 1061 1257 esset
1107 1225 1316 1265 conspicua:
1363 1225 1401 1258 id

756 1272 851 1313 quod
881 1272 998 1303 multis
1035 1271 1124 1303 locis
1165 1272 1401 1303 demonstrari

754 1322 888 1360 potest,
921 1318 1031 1349 veluti
1064 1317 1246 1350 Phaedon.
1278 1327 1311 1358 p.
1344 1317 1401 1351 82.

755 1365 801 1396 A.
834 1363 877 1395 B.
908 1363 1031 1406 ibique
1064 1373 1146 1395 ann.
1179 1363 1330 1395 Theaet.
1364 1374 1400 1406 p.

759 1410 833 1445 176.
860 1409 900 1441 Β.
925 1410 970 1442 al.
1017 1409 1116 1441 Haec
1139 1410 1250 1450 igitur
1274 1415 1398 1442 tenen-

755 1462 808 1488 tes
839 1456 944 1488 facile
986 1456 1117 1498 opinor
1149 1456 1404 1497 intelligemus,

756 1512 818 1534 cur
841 1502 899 1534 hic
917 1502 1156 1534 Athenienses
1182 1502 1232 1534 ita
1255 1502 1402 1535 lauden-

755 1553 830 1589 tur,
855 1554 895 1579 ut
919 1549 963 1580 iis
989 1549 1112 1579 divino
1137 1557 1283 1580 munere
1308 1549 1403 1581 diea-

755 1599 810 1626 tur
836 1595 959 1626 nativa
982 1599 1151 1636 tanquam
1175 1594 1289 1626 virtus
1311 1595 1403 1627 obti-

756 1642 863 1682 gisse.
913 1639 1040 1682 Neque
1066 1641 1159 1672 enim
1184 1641 1221 1672 id
1245 1642 1403 1682 pertinet

755 1687 801 1719 ad
825 1686 1136 1728 reprehensionem
1160 1690 1223 1718 aut
1247 1692 1402 1720 contem-

755 1738 840 1764 tum.
890 1733 944 1764 Ac
974 1733 1004 1764 si
1038 1742 1159 1764 verum
1190 1734 1402 1774 quaerimus,

755 1789 800 1811 ne
839 1779 956 1820 potuit
993 1780 1135 1820 quidem
1175 1779 1244 1810 dici
1285 1781 1401 1812 aliter.

757 1824 873 1862 Quum
911 1825 1005 1856 enim
1035 1826 1079 1857 de
1107 1828 1256 1857 naturae
1286 1826 1401 1870 bonis,

758 1871 884 1912 quibu·
900 1871 1138 1903 Athenienses
1162 1871 1322 1912 insignes
1340 1872 1403 1904 ha·

757 1917 943 1956 berentur,
1002 1917 1250 1958 exponendum
1296 1922 1402 1957 esset,

756 1962 919 2003 profecto
949 1972 1023 1994 non
1056 1964 1174 2003 potuit
1208 1963 1254 1993 iis
1294 1963 1403 1995 tribui

756 2009 870 2039 virtus
920 2017 980 2047 ea,
1033 2017 1123 2049 quae
1167 2007 1403 2051 philosophos

759 2054 918 2090 deceret,
945 2053 1007 2085 sed
1038 2055 1239 2085 necessario
1268 2065 1401 2087 memo—

758 2100 871 2131 randa
903 2099 971 2130 fuit
1001 2099 1142 2131 virtutis
1174 2100 1314 2132 indoles
1347 2101 1402 2133 di-

759 2146 844 2177 vino
856 2145 1027 2177 beneficio
1046 2146 1091 2178 iis
1106 2150 1246 2187 praeter
1265 2151 1403 2179 ceteros

759 2192 915 2234 propria.
964 2191 1042 2223 Etsi
1073 2193 1183 2233 igitur
1212 2193 1297 2224 alibi
1326 2193 1401 2224 vul·

760 2239 855 2278 garis
879 2237 942 2269 illa
965 2238 1095 2278 virtus,
1120 2248 1211 2279 quae
1233 2249 1306 2271 non
1329 2243 1401 2271 tam

761 2284 960 2322 scientiam,
988 2294 1091 2325 quam
1114 2289 1230 2317 rectae
1259 2286 1401 2327 opinio-

759 2330 815 2361 nis
867 2330 1006 2361 laudem
1052 2335 1292 2370 consectatur,
1340 2331 1400 2363 ubi

760 2381 982 2416 comparatur
1006 2376 1050 2407 ad
1069 2377 1244 2418 perfectae
1258 2377 1400 2409 virtutis

760 2422 1014 2461 excellentiam,
1044 2430 1296 2463 saepenumero
1329 2433 1401 2455 non

760 2468 835 2499 sine
874 2469 1110 2500 contemtione
1150 2479 1400 2501 commemora-

759 2518 833 2552 tur3
858 2517 974 2545 tamen
997 2514 1065 2546 hoc
1088 2515 1168 2547 loco
1194 2525 1271 2546 eam
1290 2525 1415 2557 appa-¹

760 2563 814 2590 ret
849 2561 1005 2600 graviter
1046 2565 1152 2602 atque
1189 2563 1283 2593 serio
1322 2571 1400 2592 cum

759 2605 902 2638 maximi
951 2606 1099 2639 honoris
1143 2607 1403 2648 significatione

761 2651 1033 2684 Atheniensibus
1058 2653 1218 2685 attribui.

808 2697 849 2729 D.
899 2695 1005 2736 ἐμοῦ
1031 2709 1075 2739 γε
1099 2697 1239 2740 ἕνεκα]
1267 2707 1401 2739 quan·

1052 2755 1074 2793 7
1108 2756 1131 2780 *

1354 90 1407 130 99

1435 275 1478 316 D
