1612 2872
132 93 214 136 DE
249 90 528 136 LEG1BUS
560 90 679 134 Lus.
714 89 773 132 11.
804 86 853 132 Ρ.
885 89 982 133 661.
1015 90 1111 132 662.
1146 88 1211 132 st.
1261 113 1266 115 -
1307 89 1385 132 187

26 210 130 268 ὑμῖν
178 209 303 268 ἰσχὺν
346 211 647 269 διαφέρουσαν
690 211 763 251 καὶ
799 207 1009 265 ἀνδρείαν
1046 205 1140 263 μετ’
1195 206 1382 250 ἀθανα-

28 282 148 330 σίας,
195 279 268 321 καὶ
315 279 453 332 μηδὲν
494 273 605 320 ἄλλο
651 274 775 330 αὐτῷ
824 277 913 318 τῶν
961 277 1204 330 λεγομένων
1236 275 1384 317 κακῶν

29 345 138 389 εἶναι
185 342 472 399 γιγνόμενον,
516 342 695 386 ἀδικίαν
743 343 788 385 δὲ
814 344 910 396 ,καὶ
956 340 1089 398 ὕβριν
1133 344 1293 397 ἔχοντα
1340 344 1388 382 ἐν

28 410 151 466 αὐτῷ
198 409 344 467 μόνον
390 435 481 461 -,
535 407 612 452 τὸν
658 407 774 452 οὕτω
821 410 966 462 ζῶντα
1015 408 1118 459 ἰ’σως
1159 406 1277 464 ὑμᾶς
1333 405 1386 450 οὐ

29 480 174 523 πείθω
209 479 271 534 μὴ
307 477 388 522 οὐκ
422 473 512 534 ἄρα
549 475 793 531 εὐδαίμονα
814 475 914 518 ἀλλ’
956 472 1132 521 ἄθλιον
1153 477 1387 531 γίγνεσθαι

29 546 207 604 σαφῶς;

133 629 239 671 ΚΛ.
302 625 588 678 Ἀληθὲςατα
625 627 773 681 λέγεις.

133 711 233 756 ΑΘ.
302 708 434 753 Εἶεν·
478 712 521 752 τί
569 702 652 752 οὖν
690 706 738 752 τὸ
777 707 888 764 μετὰ
928 705 1057 751 τοῦτ’
1099 711 1237 751 εἰπεῖν
1273 703 1392 762 ἡμᾶς

27 777 199 836 χρεών,·
246 776 451 832 ἀνδρεῖος
494 773 581 832 γὰρ
630 773 683 829 δὴ
720 777 792 819 καὶ
829 771 1004 832 ἰσχυρὸς
1039 776 1112 817 καὶ
1148 771 1284 824 καλὸς
1317 775 1392 816 καὶ

32 843 266 896 πλούσιος,
315 845 391 886 καὶ
438 844 580 886 ποιῶν
629 841 652 885 ὅ
692 845 736 886 τί
776 859 857 900 περ
902 844 1123 898 ἐπιθυμοῖ
1166 838 1247 884 τὸν
1289 841 1390 895 βίον

31 909 238 961 ἅπαντα,
286 908 366 966 οὐχ
403 908 507 966 ὑμῖν
545 912 675 961 δοκεῖ,
714 908 832 965 εἴπερ
871 907 1026 959 ἄδικος
1057 908 1123 962 εἴη
1160 910 1233 951 καὶ
1266 905 1389 964 ὑβρι-

33 977 123 1031 ςής,
157 978 201 1030 ἐξ
235 976 435 1032 ἀνάγκης
469 978 658 1033 αἰσχρῶς
693 972 751 1018 ὀέν
788 978 890 1029 ζῆν,·
934 973 960 1028 ἢ
998 978 1133 1020 τοῦτο
1170 977 1252 1030 μὲν
1288 973 1389 1025 ἴσως

32 1043 91 1088 ἂν
126 1043 469 1102 συγχωρήσαιτε,
507 1043 556 1087 τό
594 1061 640 1099 γε
670 1046 882 1102 αὶσχρῶςς

137 1129 241 1171 ΚΛ.
314 1126 450 1170 Πάνυ
478 1130 559 1182 μὲν
597 1119 690 1171 οὖν.

135 1212 238 1255 ΑΘ.
316 1213 368 1254 Τι’
403 1213 476 1254 δαί
486 1230 499 1264 ;
533 1208 583 1254 τὸ
622 1213 693 1253 καὶ
721 1212 889 1263 κακῶς,

129 1364 321 1407 cap.v11.
373 1364 415 1396 E.

37 1410 140 1444 codd.
163 1421 248 1444 mss.
274 1411 442 1444 omnibus.

130 1457 172 1489 P.
198 1456 275 1490 662.
332 1455 382 1488 Τι’
410 1455 499 1494 δαι’;
532 1454 575 1487 τὸ
603 1456 669 1487 καὶ
694 1455 853 1497 κακῶς]
882 1454 937 1487 δαὶ
961 1466 1024 1497 pro
1052 1454 1089 1487 δὲ
1113 1454 1192 1487 dedi
1219 1466 1260 1488 ex
1290 1461 1327 1487 A.
1352 1434 1396 1486 ·B.

45 1501 83 1535 Ω.
110 1501 142 1534 h.
166 1513 196 1534 a.
224 1512 254 1534 c.
284 1502 316 1533 d.
343 1512 374 1535 o.
402 1512 428 1534 r.
456 1513 489 1534 x.
540 1502 625 1534 Mox
661 1506 774 1534 tamen
811 1501 841 1533 hi
876 1512 996 1559 omues
1030 1506 1167 1544 praeter
1200 1501 1232 1533 h.
1273 1500 1319 1533 Τί
1339 1499 1399 1537 δέ,-

42 1546 80 1580 ιό
110 1548 164 1580 καὶ
190 1544 314 1589 ἀηδῶς.

465 1359 577 1396 εἶναι
603 1362 895 1407 γιγνόμενον]
926 1364 963 1397 V.
991 1362 1256 1427 ἐγγιγνόμενον,
1280 1364 1394 1397 invitis

41 1669 80 1691 re
114 1669 146 1690 v.
178 1658 221 1691 ad
255 1657 381 1700 Remp.
417 1658 510 1691 Vln.
539 1669 572 1700 p.
604 1658 683 1693 574

41 1704 107 1736 IX.
147 1715 180 1747 p.
213 1704 294 1738 591.
330 1705 369 1736 D.
431 1705 555 1746 Itaque
595 1714 686 1748 nune

42 1753 286 1791 antegressum
334 1745 427 1792 αυτῷ
478 1747 686 1792 γιγνόμενον

43 1804 112 1828 non
148 1795 295 1836 amplius
328 1795 521 1837 respicitur
578 1796 684 1828 Prae-

45 1846 140 1873 terea
166 1838 271 1882 μηδὲν
299 1837 378 1871 ἄλλο
411 1841 599 1872 notandum
634 1846 688 1873 est

45 1887 91 1919 ita
118 1884 206 1925 dici,
231 1890 269 1917 ut
293 1886 356 1917 sit:
386 1896 433 1917 ac
456 1892 688 1927 praeterea

47 1930 157 1964 nihil
198 1931 409 1963 maiorum
449 1931 532 1963 sibi
577 1931 689 1963 acci-

48 1976 155 2009 dere
189 1975 479 2017 sentientem
513 1986 544 2008 ν.
579 1976 623 2008 ad
657 1988 688 2018 p.

48 2021 127 2057 659.
165 2023 207 2053 Α.
272 2020 492 2063 Quamquam
540 2021 691 2054 fortasse

48 2070 203 2122 praestat
220 2068 452 2109 coniungere·
478 2065 584 2108 μηδὲν
611 2065 691 2099 ἄλλο

50 2108 247 2148 -ἆδικίαν
268 2111 693 2153 fis‘‚nihilma10rum‚

51 2158 138 2191 nisi
163 2158 446 2197 iniustitiam,
472 2158 517 2190 de
542 2169 611 2199 qua
636 2168 690 2190 rn-

51 2203 148 2236 tione
171 2213 203 2235 v,
230 2203 280 2236 De
303 2203 509 2246 Rep.11.3.
536 2204 625 2237 Tim.
657 2214 689 2245 p.

51 2247 109 2283 48.
135 2247 176 2282 C.
201 2257 277 2282 ann.
310 2249 352 2281 ad
362 2214 527 2282 pPhaedr.
553 2260 586 2292 p.
613 2249 691 2284 229.

51 2294 99 2326 D.
156 2285 319 2326 Ceterum
354 2289 411 2337 ἆρ’
444 2306 511 2327 ουν
539 2296 691 2337 positum

53 2340 96 2372 nb
131 2338 228 2371 initio
269 2341 454 2373 resumitur
495 2342 559 2395 lev'i
601 2341 691 2373 facta

54 2385 245 2418 mutatione
259 2385 372 2418 verbis
399 2386 482 2418 ἴσως
507 2398 550 2418 ov
568 2386 693 2420 πείθω.

104 2440 154 2460 ου
179 2429 320 2461 πείθω
343 2428 395 2472 μὴ
421 2443 504 2487 ουκι
526 2430 604 2488 ἄρά
631 2443 694 2464 ευ-

57 2473 250 2516 δαίμονα]
274 2474 327 2507 Ne
349 2477 439 2509 istud
465 2476 510 2520 μὴ
536 2489 603 2510 ουκ
631 2478 696 2510 mi-

55 2521 162 2558 reris;
201 2520 351 2561 pertinet
388 2533 454 2554 ουκ
497 2523 540 2556 ad
583 2524 696 2556 solum

56 2562 262 2604 ευδαίμοια,
309 2568 587 2624 quangioquideni
632 2580 698 2600 ουκ

57 2609 123 2654 ἄρα
147 2607 320 2650 ευὸαίμων
337 2616 373 2644 et
397 2610 468 2646 ἀλλ’
496 2612 619 2648 ἅθλιος
647 2615 696 2647 in-

56 2661 110 2691 ter
134 2666 173 2689 se
197 2662 428 2700 opponuntur.

796 1655 1080 1702 Ἀληθέστατα
1120 1656 1284 1700 λέγεις]
1321 1658 1397 1691 Ve-

752 1705 924 1739 tissime
950 1705 1138 1745 iudicas,
1158 1703 1286 1736 nobis
1312 1714 1398 1737 non

754 1762 855 1783 esse
914 1760 1200 1793 persuasum,
1264 1751 1398 1783 talem

756 1796 968 1829 hominem
1015 1807 1093 1838 pro
1144 1796 1310 1829 misero
1359 1800 1402 1829 et

756 1843 942 1874 infelici
982 1842 1131 1874 haberi
1173 1846 1398 1883 oportere.

756 1887 934 1920 Quocirca
951 1887 1170 1919 Atheniensis
1192 1887 1319 1919 deinde
1345 1898 1403 1919 ac-

758 1932 909 1964 curatius
948 1932 1076 1964 docere
1112 1932 1276 1972 instituit,
1316 1933 1403 1964 iniu-

758 1982 849 2010 stum
882 1978 1032 2010 eundem
1060 1987 1139 2009 esse
1168 1981 1272 2018 atque
1296 1978 1402 2011 mise·

759 2033 856 2061 rum,
884 2024 1014 2056 iustum
1043 2026 1160 2055 autem
1186 2022 1324 2056 felicem
1349 2027 1403 2056 at-

760 2079 829 2110 que
861 2069 1016 2102 beatum.
1073 2067 1219 2100 Tractat
1249 2067 1315 2102 hoc
1349 2079 1404 2102 ur·

760 2120 962 2156 gumentum
1025 2112 1251 2156 philosophus
1286 2114 1404 2148 etiam

759 2160 816 2192 De
847 2159 935 2202 Rep.
961 2160 1031 2192 111.
1076 2168 1110 2200 p.
1142 2158 1222 2193 392.
1252 2161 1293 2191 A.
1325 2170 1401 2202 sqq.

760 2210 797 2238 et
820 2205 930 2247 Gorg.
959 2215 992 2247 p.
1017 2203 1099 2239 474.
1125 2204 1166 2236 C.
1183 2224 1228 2229 —
1250 2204 1334 2240 478.
1359 2207 1403 2238 E.

759 2251 815 2293 qni
841 2252 907 2284 loci
943 2251 1073 2284 utiliter
1101 2252 1403 2293 comparabuntur.

808 2341 849 2373 P.
869 2341 948 2375 662.
986 2341 1037 2374 Τι’
1057 2339 1148 2380 δαί;
1169 2339 1215 2374 τὸ
1242 2342 1312 2374 καὶ
1338 2353 1404 2374 κα-

763 2398 781 2418 κ
792 2387 870 2430 a3s;]
886 2388 987 2420 Malis
1003 2387 1153 2420 fortasse
1163 2388 1218 2419 καὶ
1233 2388 1271 2420 τὸ
1282 2388 1407 2427 κακῶς,-

764 2432 837 2465 Sed
864 2438 957 2465 recte
982 2432 1084 2466 habet
1110 2433 1272 2467 librorum
1290 2435 1402 2467 lectio.

764 2478 851 2511 Nam
889 2479 942 2510 καὶ
976 2489 1054 2511 cum
1087 2480 1201 2512 κακῶς
1226 2479 1404 2519 cohaeret,

766 2522 802 2555 τὸ
820 2534 915 2565 vero,
939 2524 1031 2566 qnod
1052 2525 1164 2567 potuit
1179 2526 1283 2559 etiam
1299 2525 1404 2558 omit-

765 2570 800 2607 ti,
827 2571 960 2612 utrique
975 2570 1210 2613 praeponitur.
1250 2572 1311 2606 Sic
1325 2571 1404 2605 dein

767 2614 804 2648 τὸ
831 2616 886 2648 καὶ
910 2613 1036 2659 ἀηδῶς.

1422 921 1504 962 662
