1612 2872
229 67 309 110 DE
345 68 618 113 LEGIBUS
654 70 771 114 LIB.
804 70 889 114 III.
924 71 972 114 P.
1006 72 1101 114 699.
1135 71 1199 116 St.
1320 76 1403 116 347

49 185 160 242 προς
195 183 246 229 τὸ
283 185 499 241 πρότερον
534 188 779 244 μνόμενον,
810 187 869 240 ὡς
902 189 945 242 ἐξ
975 189 1160 246 ἀπόρων
1195 194 1268 234 καὶ
1304 191 1404 235 τότε

47 257 254 310 ἐφαίνετο
290 258 502 307 γενέσθαι
539 254 589 300 τὸ
624 259 803 310 νικῆσαι
822 262 1113 314 μαχομένους.
1139 260 1207 302 ἐπι
1245 261 1290 303 δὲ
1327 261 1406 311 τῆς

47 322 221 370 ἐλπίδος
253 319 486 397 ὀχούμενοι
515 321 681 376 ταύτης
707 322 913 380 εὕρισκον
948 325 1214 384 καταφυγὴν
1247 325 1404 377 αὐτοῖς

47 405 106 437 εις
142 385 309 438 αὐτοὺς
359 389 525 443 μόνους
559 389 672 434 εἶναι
707 408 780 434 και
815 389 920 442 τοὶς
957 391 1112 443 θεούς.
1150 392 1279 436 ταῦτ’
1321 387 1404 438 ὀὖν

47 453 203 505 αὐτοῖς
249 454 398 497 πάντα
450 459 604 514 φιλίαν
647 457 850 512 ἀλλήλων
893 463 1101 510 ἐνεποίει,
1138 459 1162 503 6
1199 461 1344 516 ᾳόβος
1378 459 1402 505 6
1435 473 1472 515 C

47 521 148 564 τότε
195 522 351 577 παοών
390 519 414 566 6
453 539 498 565 τε
534 528 578 566 ὲκ
614 526 702 567 τῶν
737 524 886 581 νόμων
921 527 1010 568 τῶν
1047 530 1306 584 (ἔμπροσθεν
1339 545 1406 584 γε-

47 590 202 645 φοιώς,
224 587 276 632 ὃν
297 588 582 641 δουλεύοντες
610 601 704 642 τοῖς
740 592 944 647 πρόσθεν
980 592 1132 650 νόμοις
1165 600 1408 649 ἐκέκτηντο,

46 657 101 710 ἢν
139 658 247 700 αιὸω
284 655 497 707 πολλάκις
533 663 578 701 ἐν
614 668 706 710 τοῖς
742 657 834 702 ἄνω
867 658 1016 713 λόγοις
1051 661 1243 716 εἴπομεν,
1270 680 1296 723 ῃ
1332 666 1406 706 καὶ

46 811 142 834 rasse
167 801 344 855 putandus
367 801 423 831 sit.

137 844 274 889 μόνην
309 843 343 877 δ’
374 841 473 884 οὖν,
504 846 763 887 βλέψαντες]
802 848 844 879 V.
876 838 1004 887 μόνον,
1031 851 1124 892 quod
1151 860 1194 882 ex
1223 850 1260 882 A.
1287 849 1328 882 Β.
1363 848 1401 880 Ω.

49 894 87 927 Ξ.
113 893 138 926 f.
164 904 196 926 a.
221 904 250 928 e.
278 891 307 924 δ.
333 902 364 923 ο.
388 902 423 924 x.
447 898 628 925 mutatum.

139 939 209 971 καὶ
243 936 338 971 τότε
362 936 594 981 ἐφαίνετο]
631 940 768 981 Verba,
796 942 850 972 καὶ
876 939 966 979 τότε,
992 943 1099 984 vulgo
1124 926 1286 980 aberant
1313 951 1403 984 quae

47 985 300 1019 redhibuerunt
324 985 371 1016 A.
393 984 434 1016 B.
465 982 503 1017 Ω.
530 997 561 1017 v
588 986 612 1017 f.

46 1109 227 1151 repetitur.
275 1107 330 1140 De
353 1108 537 1148 particulis
563 1105 600 1140 δ’
625 1105 691 1141 οὖν

46 1166 77 1189 v.
103 1165 185 1187 ann.
211 1156 257 1188 ad
282 1155 443 1197 Sympos.
478 1165 512 1196 Ρ.
538 1155 618 1190 180.
645 1155 689 1188 Ε.

47 1201 162 1234 Pravo
202 1201 308 1242 vulgo
345 1201 545 1241 legebatur:
578 1202 690 1242 μόνον

45 1244 79 1280 δ’
107 1242 172 1279 οὖν
195 1246 384 1288 βλέψαντες
408 1258 438 1278 κ.
463 1258 490 1278 τ.
522 1247 566 1286 λ..
594 1250 688 1290 quod

45 1304 87 1328 ex
122 1294 227 1326 codd.
263 1298 470 1326 correctum.
518 1293 689 1328 Proxima

45 1350 129 1374 vero
154 1350 276 1372 rursus
301 1350 468 1382 perverse
493 1341 610 1373 solent
633 1341 687 1373 in-

43 1387 221 1429 tei-pungi,
237 1392 368 1428 puncto
393 1391 475 1418 ante
499 1386 688 1428 βλέψαντες

45 1438 79 1466 et
125 1437 296 1465 commate
344 1437 426 1475 post
472 1432 688 1474 μαχομένους

19 1517 25 1521 ἱ
43 1479 266 1521 interposito.
307 1477 410 1517 Quod
423 1480 687 1512 emendavimus

43 1529 235 1581 praeeunte
261 1523 348 1557 Bek
359 1525 474 1557 kero

90 1567 143 1603 ὥς
179 1569 224 1612 ἐξ
263 1565 441 1612 ἀπόρων
478 1569 684 1612 ἑφαίιετο

46 1616 109 1660 -]
136 1616 253 1659 quod
278 1621 383 1658 post
409 1618 683 1659 desperatam

43 1666 174 1707 plane
205 1673 348 1695 rerum
386 1673 553 1696 suarum
588 1674 682 1696 con-

44 1711 266 1744 dicionem
295 1714 337 1741 et
369 1709 589 1742 fortunam
622 1711 678 1742 vi·

47 1757 233 1790 debatur
265 1756 457 1788 victoria
491 1757 575 1788 sibi
610 1767 681 1798 pu-

47 1802 289 1845 guantibus
315 1801 550 1843 obtigisse.
592 1803 683 1834 Dein

47 1849 141 1891 quod
176 1847 350 1889 particula
379 1846 416 1878 δέ
446 1853 527 1890 post
552 1846 611 1879 ἐπί
630 1849 686 1880 in-

45 1896 174 1934 fertur,
204 1894 241 1925 id
279 1894 464 1926 emendata
500 1894 686 1926 verborum

46 1940 330 1982 interpunctione
359 1940 447 1972 nihil
488 1940 557 1971 iam
592 1940 688 1972 diffi-

44 1989 187 2022 cultatis
210 1988 339 2020 habere
364 1986 552 2026 videbitur,
568 1986 688 2027 plane-

44 2045 111 2077 que
144 2034 281 2066 absona
310 2037 392 2066 sunt
420 2042 510 2074 quae
534 2033 686 2065 Astius

45 2082 88 2113 de
114 2081 190 2113 eius
214 2091 282 2112 usu
305 2080 363 2112 hic
387 2083 602 2111 commentus
623 2083 686 2110 est.

43 2128 315 2170 Loquutionem,
342 2121 403 2157 ἐπ’
434 2122 571 2157 ἐλπίδος
601 2121 685 2165 ὀχεῖ-

47 2175 143 2212 σθαι,
156 2174 380 2205 illustrarunt
401 2171 511 2213 intpp.
530 2171 575 2203 ad
590 2171 685 2202 Ari-

46 2225 112 2252 sto
124 2219 188 2260 ph.
220 2219 358 2260 Equitt.
387 2229 416 2249 v.
442 2217 543 2252 1241.
570 2217 685 2258 Wyt-

46 2272 116 2298 ten
129 2265 244 2298 bach.
269 2266 315 2298 ad
343 2265 523 2297 Phaedon.
546 2274 580 2305 p.
605 2263 685 2298 227.

47 2312 234 2344 Porson.
264 2312 311 2344 ad
342 2311 466 2353 Eurip.
501 2309 619 2343 Orest.
653 2321 684 2341 v.

45 2358 91 2393 68
116 2369 168 2399 sq.
191 2356 359 2388 Willet.
386 2358 430 2389 ad
455 2356 582 2389 Galerii
599 2356 685 2388 Pro-

45 2410 151 2446 trept.
176 2413 209 2445 p.
234 2402 288 2437 73-

93 2450 134 2482 C.
184 2444 300 2480 ταῦτ’
318 2442 394 2480 οὖι
418 2444 566 2480 αυτοῖς
591 2446 686 2480 πάν-

49 2507 93 2527 ια
119 2496 181 2538 —]
209 2496 266 2527 Ad
294 2495 380 2527 haee
407 2505 469 2548 per
494 2496 688 2550 appositio-

48 2552 125 2574 nem
138 2542 312 2575 accedunt
326 2541 504 2583 proxima·
533 2538 551 2573 6
569 2539 687 2582 φόβος

49 2584 68 2618 ὁ
101 2586 174 2620 τότε
206 2585 324 2629 παρών
356 2599 384 2619 κ.
418 2598 443 2619 1.
469 2588 496 2619 λ.
553 2588 685 2619 Intelli-

47 2635 140 2675 gitur
171 2645 255 2667 vero
290 2630 308 2665 6
334 2631 453 2675 φόβος
478 2631 497 2666 ὁ
524 2631 597 2666 τότε
626 2644 685 2664 πα-

46 2690 116 2718 οων
131 2687 267 2715 metus
293 2682 476 2714 hostium
513 2695 539 2716 s.
557 2682 688 2717 immi-

645 986 1025 1023 h..rao.3..ox.

760 1112 906 1143 nentis
956 1111 1170 1152 periculi,
1215 1112 1272 1153 qui
1322 1115 1403 1143 tunc

760 1167 880 1189 omnes
906 1158 1105 1196 invaserat3
1137 1158 1199 1190 sed
1232 1153 1251 1188 6
1283 1154 1402 1198 φόβος

760 1199 779 1234 6
805 1202 842 1235 ἐκ
871 1203 938 1234 τῶν
963 1202 1079 1243 νόμων
1093 1209 1146 1236 est
1169 1204 1313 1244 legum
1337 1214 1399 1236 re-

759 1251 972 1282 verentia.
999 1250 1091 1282 conf.
1116 1260 1149 1292 p.
1168 1249 1250 1284 698.
1269 1248 1309 1280 Β.
1345 1249 1401 1280 De

759 1292 802 1337 ἢν
838 1306 902 1338 per
946 1297 1191 1328 attractionem
1236 1297 1401 1337 proximo

757 1340 844 1373 αἰδῶ
859 1343 1124 1374 accommodato
1138 1354 1171 1374 v.
1182 1341 1400 1374 Matthiae

754 1386 815 1420 Gr.
841 1388 873 1429 ξ.
890 1387 972 1422 440.
999 1387 1225 1421 Schaefer.
1252 1388 1297 1420 ad
1314 1389 1402 1420 Ari-

752 1435 868 1476 stoph.
894 1435 989 1467 Plut.
1014 1446 1049 1477 Ρ.
1074 1434 1191 1467 XLV.
1217 1435 1329 1475 intpp.
1355 1435 1401 1467 ad

754 1481 876 1522 Viger.
915 1492 949 1523 p.
989 1481 1066 1515 708.
1103 1482 1150 1513 ad
1185 1481 1214 1512 P
1231 1482 1240 1512 l
1260 1491 1281 1512 a
1295 1484 1308 1511 t
1325 1489 1346 1511 o
1365 1491 1399 1513 n.

755 1526 908 1560 Phaedr.
941 1538 976 1570 p.
1009 1527 1089 1562 255.
1122 1526 1162 1559 C.
1193 1526 1332 1559 Phileb.
1363 1537 1397 1568 p.

751 1572 808 1607 40.
836 1574 880 1605 A.
920 1574 1039 1606 Habet
1062 1584 1146 1605 vero
1171 1584 1212 1606 ea
1237 1577 1398 1605 constru-

752 1620 822 1651 ctio
853 1620 902 1651 ibi
939 1621 1075 1660 locum,
1101 1620 1160 1652 ubi
1193 1620 1290 1661 quod
1315 1619 1397 1651 sub-

751 1666 911 1704 iungitur
935 1677 1075 1708 nomen,
1101 1670 1163 1698 aut
1187 1665 1397 1707 descriptio·

751 1722 828 1743 nem
857 1713 1033 1754 quandam
1054 1712 1298 1755 praecedentis
1315 1722 1396 1743 con-

751 1759 841 1790 tinet
867 1764 927 1790 ant
953 1759 1004 1790 illi
1030 1760 1134 1801 plane
1167 1764 1220 1790 est
1243 1768 1397 1800 synony-

753 1815 857 1837 mum.
894 1803 1070 1842 Quoeirca
1093 1804 1284 1836 Ovidius
1311 1802 1396 1836 Met.

753 1850 784 1881 1.
811 1849 845 1884 6.
893 1850 1015 1882 Unus
1055 1855 1152 1883 erat
1189 1855 1288 1882 toto
1327 1859 1398 1882 na—

755 1901 880 1928 turae
907 1897 1063 1929 vultus
1083 1897 1127 1927 in
1144 1897 1401 1938 orbe‚quem

756 1942 910 1974 dixere
958 1943 1109 1978 chaos,
1155 1952 1227 1974 non
1283 1942 1400 1983 potuit

755 1987 865 2030 quod
890 1988 1043 2020 dixere
1069 1987 1201 2020 chaos
1232 1988 1398 2020 scribere.

755 2033 830 2066 Nee
857 2033 1035 2066 Curtius
1061 2034 1129 2065 111.
1155 2034 1187 2069 8.
1211 2034 1397 2066 relativum

754 2090 883 2121 genere
908 2090 950 2112 ae
973 2090 1119 2112 numero
1143 2081 1308 2123 proximo
1333 2090 1397 2112 uo-

755 2127 838 2158 mini
864 2127 1143 2159 accommodavit
1166 2127 1204 2158 in
1219 2126 1291 2159 his:
1316 2126 1396 2159 Da-

754 2173 848 2205 rius
882 2173 938 2205 ad
972 2183 1062 2205 eum
1095 2173 1256 2213 locum,
1280 2182 1395 2216 quem

755 2219 991 2252 Amanicas
1037 2219 1166 2261 pylas
1217 2222 1396 2259 vocant,

755 2266 975 2306 pervenit.
1030 2265 1164 2298 Verum
1204 2265 1292 2299 haee
1331 2275 1395 2307 per

754 2312 987 2344 occasionem.
1047 2311 1261 2345 Desiderant
1303 2313 1395 2346 enim

753 2358 1010 2399 expositionem
1034 2359 1299 2392 accuratiorem.
1330 2357 1394 2394 Ce-

756 2408 869 2435 terum
894 2414 958 2446 pro
985 2402 1028 2437 ὂν
1047 2402 1275 2436 ’δουλεύοντες
1305 2404 1398 2436 Ari-

757 2450 917 2491 stides,
949 2452 1008 2493 qui
1046 2451 1132 2484 haee
1172 2451 1247 2484 Vol.
1280 2451 1322 2484 ll.
1364 2461 1396 2492 p.

755 2495 836 2530 365.
869 2497 922 2529 ed.
954 2497 1063 2530 Dind.
1095 2498 1178 2529 inde
1213 2498 1255 2529 ab
1282 2495 1335 2528 ἐπὶ
1361 2495 1397 2527 δὲ

756 2551 815 2584 της
848 2540 984 2575 ἐλπίδος
1014 2554 1124 2586 usque
1154 2544 1199 2576 ad
1234 2539 1398 2585 ἀγαθους

753 2587 897 2621 εσεσθαι
911 2591 1046 2631 recitat
1063 2591 1231 2631 scriptum
1255 2589 1397 2622 exhibet

754 2645 780 2666 ω
806 2633 1052 2673 δουλεύοντες,
1077 2641 1111 2668 et
1141 2637 1269 2668 deinde
1295 2635 1349 2665 καὶ
1376 2628 1397 2673 ἦ

753 2679 939 2715 δουλεύειν.
1011 2683 1190 2724 Loqnutio
1249 2679 1396 2712 κτᾶσθαι
