1612 2872
506 68 588 110 1)ss
623 67 900 112 LEGIBUS
939 75 1022 111 ete.
1222 67 1427 111 CLXXI

12 172 13 177 ¹
61 181 279 236 quendam
320 188 454 236 atque
495 181 607 223 adeo
649 181 822 238 publice
863 181 1342 224 utilissimahabeatur
1372 179 1429 221 ad

10 244 11 253 ¹
62 238 332 295 exploranda
357 245 401 281 et
420 238 734 295 cognoscenda
753 239 876 280 varia
901 239 1060 281 civium
1079 239 1276 296 ingenia.
1330 237 1429 279 Nec

60 301 204 337 tamen
244 295 347 350 ille,
388 296 491 338 licet
530 311 620 337 rem
660 295 804 338 denuo
834 296 1002 340 Hister.
1030 295 1198 338 Philus.
1230 295 1332 338 Vol.
1364 293 1427 336 11.

60 368 100 408 p.
133 353 229 394 328.
266 353 466 395 acerbius
507 353 818 409 exagitaverit,
859 353 949 395 ullo
1000 353 1131 396 modo
1163 352 1290 395 nobis
1327 367 1427 407 per-

60 410 215 463 suasit,
248 425 399 452 revera
430 410 474 451 in
506 409 574 452 his
604 410 747 466 inesse
780 410 899 464 qn'od
940 411 1094 453 merito
1125 410 1259 452 alicui
1289 409 1427 451 offen-

61 466 170 508 sioni
207 481 304 509 esse
333 468 487 524 possit.
549 467 662 508 Nam
691 473 740 508 ut
768 473 994 510 taceamus
1025 467 1079 509 de
1103 466 1427 524 significatione

60 524 276 566 vocabulo
306 528 460 578 μέθης
489 523 705 576 subiecta,
749 537 838 578 quo
879 532 999 566 certe
1030 540 1117 567 non
1147 531 1320 566 tantum
1351 523 1427 567 de-

59 580 260 637 signatur
278 581 546 633 temulentia,
579 594 666 634 qua
687 580 787 634 quis
806 582 963 623 mentis
993 595 1098 623 suae
1130 597 1217 623 non
1239 581 1428 638 amplius

61 644 130 678 est
169 651 349 693 compos
381 647 425 679 et
465 636 520 678 ad
551 637 772 679 vesaniam
816 652 956 692 usque
996 639 1233 693 abripitur,
1275 653 1428 680 verum

58 694 187 736 etiam
207 694 244 737 is
263 693 450 736 hominis
471 700 628 747 status,
661 695 705 735 in
729 709 816 749 quo
846 709 924 750 per
953 694 1145 737 fecunda
1165 695 1325 751 pocula
1352 710 1427 737 ex-

58 751 143 792 titit
168 751 366 806 alacrior,
397 751 589 804 hilarior,
620 751 808 793 vividior
825 759 870 793 et
890 751 1115 805 audacior,
1149 752 1223 807 qui
1243 751 1427 794 effectus

58 808 147 849 vini
180 808 439 864 pulcerrime
482 807 749 850 describitur
786 808 909 850 Libr.
940 808 976 850 I.
1004 825 1048 866 p.
1078 810 1176 851 645.
1209 809 1265 853 D.
1295 809 1349 850 E.
1381 816 1427 850 et

59 865 181 907 Libr.
224 865 284 909 ΙΙ.
318 881 357 920 p.
390 867 487 909 671.
519 868 576 908 A.
608 880 725 920 sqq.,
758 865 956 920 loquitur
985 872 1103 908 certe
1135 865 1425 923 philosophus

56 923 117 963 ita
158 921 213 963 de
251 923 478 976 ebrietate,
521 930 570 964 ut
601 923 686 964 vim
718 922 812 965 eius
846 938 1016 965 omnem
1049 931 1181 979 atque
1211 923 1425 965 rationem

0 995 12 999 ·
58 979 139 1020 viri
169 979 353 1022 alicuius
393 979 604 1036 sapientis
643 979 838 1022 consiliis
879 981 971 1036 regi
1003 996 1055 1023 ac
1084 981 1321 1038 temperari
1349 995 1424 1022 ve-

57 1036 122 1090 lit,
154 1036 284 1078 sicuti
313 1037 591 1093 perspicuum
625 1043 692 1079 est
725 1052 778 1078 ex
809 1053 849 1093 p.
883 1039 979 1080 640.
1012 1042 1068 1080 A.
1101 1053 1196 1094 sqq.
1258 1037 1424 1091 Quate-

58 1108 137 1135 nus
155 1100 295 1135 autem
319 1094 419 1136 inde
437 1093 491 1135 ad
523 1094 837 1151 temperantiae
857 1102 902 1136 et
933 1094 1217 1137 humanitatis
1247 1094 1424 1142 laudem

56 1150 327 1206 proficiatur,
359 1151 406 1193 id
427 1151 550 1193 Libr.
574 1152 605 1195 1.
627 1168 668 1208 p.
693 1152 790 1193 643.
816 1151 869 1192 B.
885 1167 983 1207 sqq.
1015 1155 1110 1194 645.
1137 1151 1188 1195 C.
1204 1167 1306 1210 sqq.
1324 1152 1422 1194 coll.
1461 1181 1467 1187 -

58 1207 179 1250 Libr.
218 1208 280 1252 ΙΙ.
326 1223 368 1263 p.
401 1209 498 1250 670.
536 1208 590 1250 E.
622 1234 678 1240 —
709 1210 805 1250 672.
837 1208 894 1253 D.
934 1210 1262 1252 demonstratur
1294 1224 1422 1252 sane—

57 1273 188 1320 quam
226 1265 586 1308 luculentissime.
655 1265 724 1308 Ibi
755 1266 869 1308 enim
901 1266 1171 1321 ostenditur,
1200 1282 1314 1320 eum,
1347 1267 1422 1322 qui

57 1322 114 1364 sit
153 1321 390 1376 aliquando
433 1337 560 1365 verae
605 1323 921 1379 temperantiae
962 1323 1135 1366 laudem
1172 1330 1422 1379 reportatu-

57 1393 154 1432 rus,
195 1393 292 1421 cum
323 1377 595 1436 impudentia
625 1386 670 1421 et
703 1378 902 1435 audacia,
933 1381 1051 1423 illius
1081 1381 1259 1424 inimica
1289 1387 1422 1437 atque

57 1435 204 1490 hoste,
246 1437 460 1479 committi
500 1443 726 1494 oportere,
769 1452 856 1492 quo
898 1437 1041 1481 disca-t
1079 1438 1290 1481 adversus
1333 1438 1421 1480 vim

57 1492 312 1547 cupiditatis
344 1500 476 1548 atque
506 1495 747 1551 voluptatis
778 1494 1048 1550 conflictari,
1080 1510 1261 1551 prorsus
1289 1501 1340 1537 ut
1367 1495 1420 1550 is,

57 1550 130 1605 qui
160 1550 416 1592 fortitudine
447 1551 621 1594 futurus
653 1552 711 1594 sit
741 1552 975 1607 excellens,
1007 1553 1155 1595 multis
1185 1552 1422 1594 multorum

56 1615 269 1649 terrorum
298 1608 504 1664 periculis
534 1608 809 1651 obiiciendus
841 1609 916 1652 sit.
976 1609 1103 1663 Quae
1134 1625 1213 1652 cur
1242 1610 1304 1651 ita
1331 1609 1433 1662 dis-->

57 1670 290 1720 putentur,
342 1665 507 1707 clarum
556 1680 607 1707 ac
658 1666 939 1722 perspicuum
987 1667 1040 1708 fit
1090 1682 1144 1708 ex
1189 1667 1421 1709 universae

56 1720 366 1777 disputationis
407 1737 537 1765 cursu
574 1729 620 1765 et
650 1724 976 1780 progressione.
1035 1723 1416 1777 Quemadmodum

57 1779 171 1819 enim
216 1778 271 1820 ab
299 1779 426 1821 initio
473 1779 574 1821 libri
628 1779 895 1834 ostenditur,
952 1781 1251 1823 fortitudinem
1301 1780 1418 1837 apud

59 1833 213 1875 Cretes
263 1850 314 1877 ac
370 1835 749 1878 Lacedaemonios
792 1838 926 1880 variis
966 1838 1180 1880 institutis
1230 1838 1420 1894 publicis

57 1890 253 1943 excitari,
274 1891 416 1932 iuvari
441 1898 573 1947 atque
596 1893 896 1948 corroborari,
927 1894 991 1935 ita
1021 1894 1093 1937 hic
1123 1893 1263 1937 simile
1293 1894 1420 1949 quid-

56 1946 154 1988 dam
201 1946 256 1989 de
307 1948 595 2003 temperantia
647 1949 856 2005 docetur,
919 1951 1044 1993 cuius
1083 1950 1420 2006 consequendae

56 2010 189 2059 atque
229 2004 504 2047 roborandae
533 2005 834 2048 adiumentum
875 2006 1096 2061 quoddam
1128 2008 1248 2063 apud
1279 2008 1420 2050 Athe-

56 2061 230 2103 nienses
262 2061 510 2104 ostenditur
539 2063 730 2118 positum
763 2077 861 2105 esse
890 2063 934 2105 in
963 2063 1165 2117 liberiore
1194 2071 1418 2121 compota-

56 2118 221 2160 tionum
259 2133 343 2161 usu
383 2119 557 2175 publice
602 2135 692 2162 non
735 2119 982 2164 interdicto.
1053 2121 1230 2178 Quippe
1270 2137 1417 2165 veram

58 2176 385 2231 temperantiam
426 2176 719 2232 philosophus
759 2184 910 2219 censet
949 2177 1225 2221 efflorescere
1263 2194 1316 2221 ex
1366 2180 1417 2220 li-

58 2231 160 2273 bera
200 2233 474 2289 voluptatum
527 2248 579 2275 ac
640 2233 867 2277 libidinum
917 2234 1240 2287 moderatione;
1301 2236 1416 2278 unde

57 2287 214 2330 deinde
267 2289 492 2339 commode
540 2291 861 2347 transgreditur
904 2291 960 2333 ad
1023 2307 1192 2335 omnem
1241 2294 1418 2336 virtutis

58 2343 330 2400 disciplinam
362 2347 650 2389 liberaliorem
674 2349 923 2390 accuratius
947 2348 1293 2392 describendam.
1330 2351 1416 2392 Ve-

58 2416 150 2443 rum
191 2402 310 2446 istud
350 2404 524 2458 quidem
567 2420 684 2446 nunc
726 2405 960 2448 mittamus.
1028 2406 1128 2449 Hoc
1160 2415 1307 2449 tamen
1341 2407 1417 2448 ad-

59 2457 221 2500 didisse
260 2474 347 2502 non
389 2461 473 2503 erit
514 2461 691 2515 inutile,
736 2462 856 2516 quod
894 2463 990 2504 libr.
1031 2463 1091 2506 Il.
1134 2481 1175 2521 p.
1220 2467 1317 2506 666.
1361 2468 1416 2506 A.

59 2516 204 2570 pueris
243 2531 327 2558 usu
369 2518 455 2559 vini
488 2518 615 2574 plane
646 2519 945 2574 interdicitur,
994 2520 1296 2564 adolescentes
1342 2536 1417 2563 au-

57 2578 143 2613 tem
191 2572 395 2615 iubentur
450 2575 660 2618 ebrietate
707 2591 886 2632 prorsus
942 2578 1163 2621 abstinere
1209 2577 1417 2633 quodque

59 2627 217 2681 largior
268 2630 355 2671 vini
416 2646 520 2674 usus
571 2633 745 2675 omnino
797 2634 1073 2689 interdicitur
1114 2638 1416 2691 praeterquam
