1612 2872
214 96 295 138 DE
328 92 602 138 LEGIBUS
636 92 755 135 [2113.
788 91 870 135 111.
903 91 947 133 P.
982 92 1077 134 699.
1112 91 1175 132 St.

1304 91 1390 132 349

34 218 189 268 θήσεν,
224 213 340 256 ἀλλὰ
378 212 492 256 κατὰ
523 209 683 267 σμικρὰ
719 208 778 253 ἂν
818 214 864 252 ἐν
901 209 961 263 τῷ
998 209 1098 252 τότε
1133 207 1257 265 ἡμῶν
1291 214 1391 252 ἕκα-

31 298 135 332 στος
171 283 433 330 σκεδασθεὶς
465 279 597 328 ἄλλος
629 275 786 321 ἄλλοσε
823 275 1051 333 διεσπάρη.

312 350 401 390 [καὶ
436 345 581 401 μα’)α,

124 350 238 395 ΜΕ.

618 338 797 397 ωξέιέ,
831 343 987 398 ὸυιἾῶς
1025 360 1069 386 τε
1105 342 1281 399 εἴρηκας
1315 348 1388 387 καὶ

34 417 181 470 σαυτῶ
221 431 265 457 τε
300 417 372 457 καὶ
411 417 460 475 τῆ
500 416 680 468 πατρίδι
716 412 986 465 πρεπόιτως.

135 479 248 542 Cap.
287 478 397 524 XV.
472 481 568 523 ΛΘ
629 479 749 522 Ἐστι
788 471 1239 534 ταῦτα,ὧΜε’γιλλε·
1278 476 1391 538 πρὸς

36 681 190 711 immun
222 689 238 711 s
257 677 678 720 est3quem(populum)

35 726 124 758 nisi
187 730 310 756 tunc-⁷
358 726 680 766 occupavisset

33 776 186 803 terror
210 781 257 803 ac
281 775 437 811 metus,
465 781 677 812 nunquam

36 827 311 858 congressus
371 827 468 849 sese
530 817 678 848 defen-

36 864 175 895 disset
201 868 242 894 et
265 868 329 894 etc.
378 862 426 895 Et
456 868 549 895 certe
573 864 679 903 longe

36 910 284 951 praestabilior
298 909 384 941 haee
404 910 473 941 loci
490 910 679 951 explicatio

36 961 71 988 et
96 956 268 988 correctio
294 959 347 986 est
374 965 479 996 quarn
504 956 676 997 superior.

37 1001 255 1044 Quamquam
308 1001 458 1033 fatemur
500 1012 543 1033 ne
581 1002 679 1033 illam

38 1049 178 1090 quidem
221 1047 323 1079 nobis
363 1048 458 1079 omni
498 1058 540 1080 ex
579 1052 678 1089 parte

37 1094 250 1126 satisfacere.
307 1093 397 1124 Nam
428 1099 467 1125 ut
501 1099 678 1126 taceamus

36 1142 79 1172 de
112 1144 188 1172 voc.
223 1134 242 1171 ὁ
268 1137 396 1180 δῆμος,
418 1141 514 1181 quod
545 1140 588 1172 ab
613 1139 679 1171 hac

36 1187 211 1219 sententia
235 1186 388 1217 alienum
420 1196 497 1218 esse
529 1187 678 1225 videtur,

37 1233 133 1275 quod
157 1232 274 1264 timori
305 1242 346 1263 ac
377 1233 503 1264 terrori
537 1232 680 1273 potissi-

35 1290 140 1319 mum,
158 1279 218 1320 qui
243 1279 378 1310 civibus
396 1279 504 1310 fuerit
518 1279 681 1317 iniectus,

35 1326 171 1366 patriae
213 1324 377 1356 liberatio
418 1326 602 1359 tribuitur.
643 1325 681 1356 id

36 1371 261 1403 vehementer
277 1371 488 1412 dubitamus,
501 1382 583 1403 num
598 1370 681 1402 Pla-

36 1418 131 1449 tonis
156 1418 264 1449 menti
292 1419 492 1458 conveniat,
508 1418 566 1459 qui
589 1421 682 1449 certe

36 1465 195 1504 utrique,
221 1468 256 1495 et
283 1464 411 1504 pudori
436 1465 682 1505 ingenuaeque

37 1510 155 1550 legum
184 1510 422 1548 reverentiae,
456 1515 490 1542 et
525 1511 680 1542 hostium

3 1591 5 1594 Α
36 1556 176 1595 timori,
218 1566 294 1597 eam
341 1561 518 1597 acceptam
555 1556 681 1588 referri

36 1602 220 1633 iudicavit.
274 1601 399 1642 Itaque
435 1603 542 1634 aliam
576 1602 680 1634 nobis

37 1649 274 1689 persuasimus
306 1648 389 1679 iniri
420 1653 584 1689 oportere
610 1648 679 1679 loci

38 1694 94 1725 vel
131 1694 331 1734 explicandi
371 1694 426 1725 vel
469 1694 680 1726 emendandi

37 1740 224 1774 rationem.
263 1739 311 1770 Et
339 1740 515 1781 vulgatam
541 1741 680 1782 quidem

39 1786 247 1826 scripturam
264 1781 283 1816 ό
299 1782 411 1817 δειλός
426 1786 513 1817 nihil
535 1796 680 1818 caussae

38 1836 202 1872 putamus
239 1841 315 1863 esse
351 1841 413 1862 cur
461 1833 533 1863 ullo
574 1833 680 1864 modo

40 1878 280 1908 sollicitemus.
312 1877 451 1908 Etenim
466 1878 574 1910 verba
597 1879 682 1910 ista:

42 1915 84 1964 ἦε
108 1918 128 1954 o‘
155 1919 266 1954 δειλὸς
290 1920 498 1963 -ἅφοβοε,
514 1928 682 1965 tanquam

40 1979 104 2010 per
137 1969 357 2000 occasionem
386 1970 595 2010 interposita
631 1970 682 2000 vi-

42 2016 191 2054 dentur,
214 2020 252 2046 ut
300 2025 530 2055 quorumnam
565 2016 680 2047 homi-

40 2071 124 2092 num
149 2061 257 2093 animi
281 2060 324 2092 ab
349 2061 505 2102 ingenua.
528 2062 589 2093 illa
606 2072 684 2093 sen-

41 2107 152 2139 tiendi
175 2108 314 2139 ratione
332 2107 556 2150 abhorreant,
575 2109 685 2149 signi-

40 2154 175 2185 ficetur.
213 2153 291 2185 Hoc
310 2163 391 2185 vero
411 2159 534 2195 argute
560 2154 610 2186 ita
633 2154 686 2194 fit,

43 2203 98 2240 ut,
132 2209 239 2240 quum
272 2199 343 2238 illi,
378 2201 438 2240 qui
483 2210 565 2232 vera
599 2211 685 2241 erga

42 2245 190 2286 patriam
237 2247 436 2278 reverentia
480 2251 513 2277 et
553 2247 686 2287 pietate

43 2291 168 2331 repleti
193 2295 285 2330 sunt,
310 2296 414 2323 antea
438 2293 571 2329 servire
595 2293 682 2334 legi-

43 2337 108 2368 bus
133 2338 238 2378 atque
267 2346 328 2371 eas
359 2340 514 2370 revereri
545 2349 586 2371 ac
614 2349 686 2371 me-

43 2387 142 2414 tuere
166 2382 311 2414 iudicati
337 2384 419 2423 sint,
445 2385 543 2426 (nam
566 2383 687 2425 φόβος

44 2429 173 2460 latiore
197 2428 456 2468 significatione
470 2431 513 2462 de
525 2436 686 2472 utroque,

46 2475 90 2505 de
120 2478 215 2506 metu
244 2475 377 2515 pariter
407 2481 511 2517 atque
540 2478 687 2518 pudore,

47 2520 117 2553 dici
142 2520 390 2563 meminimus),
414 2526 486 2553 tum
515 2522 553 2554 hi
585 2524 687 2556 vicis-

45 2566 114 2610 sim
149 2566 287 2598 liberi
322 2571 365 2597 et
405 2572 523 2601 metu
554 2570 685 2602 vacui

45 2612 225 2652 dicantur,
250 2612 415 2645 nimirum
443 2614 545 2647 liberi
569 2626 592 2648 a
616 2617 686 2648 vir-

46 2661 120 2690 tute
155 2658 371 2700 pudorisque
409 2665 588 2702 expertes,
623 2662 686 2694 illa

47 2703 133 2744 civis
155 2704 317 2746 ingenui,
343 2705 402 2747 qui
432 2706 526 2750 leges
550 2709 687 2751 patriae

746 687 810 718 pro
840 675 969 707 sanetis
1012 674 1117 707 habet
1146 680 1250 718 atque
1299 677 1391 709 adeo

746 727 947 761 veneratur,
964 725 1002 752 ut
1014 722 1100 753 nihil
1127 733 1195 755 non
1223 733 1287 764 pro
1314 724 1390 754 eius

747 770 860 801 salute
888 768 954 799 sibi
981 768 1242 810 suscipiendum
1258 770 1391 802 auden·-

746 816 898 856 dumque
928 818 1071 845 statuat.
1126 815 1167 846 In
1199 825 1268 856 quo
1299 817 1394 847 inest

747 862 907 902 profecto
934 870 1004 891 non
1030 861 1136 892 modo
1151 867 1297 902 argutus
1315 872 1391 893 ver-

747 909 872 939 borum
898 907 1012 946 lusus,
1038 906 1181 939 Platoni
1216 918 1286 940 non
1312 909 1390 940 inu-

747 955 884 993 sitatus,
895 962 1015 984 verum
1030 954 1134 985 etiam
1151 955 1267 986 acrior
1283 964 1391 996 quae-

747 1001 826 1032 dam
852 1010 892 1031 ac
917 1000 1075 1030 severior
1100 1001 1238 1031 notatio
1262 1001 1391 1033 abiecti

745 1047 840 1078 illius
867 1046 1079 1086 humilisque
1104 1047 1224 1086 animi,
1244 1048 1305 1088 qui
1331 1057 1388 1088 ge-

746 1093 930 1124 nerosiore
955 1093 1091 1133 patriae
1116 1093 1261 1125 caritate
1287 1094 1392 1135 plane

746 1143 871 1171 exutus
906 1142 970 1169 est.
1017 1137 1126 1170 Recte
1162 1149 1246 1173 vcro
1280 1137 1392 1171 δειλός

747 1190 904 1223 vocatur,
922 1183 1044 1225 quiite
1059 1186 1177 1216 sentit.
1207 1186 1272 1218 Est
1296 1186 1390 1218 enim

747 1232 828 1263 talis
856 1231 960 1262 homo
986 1234 1055 1261 tam
1072 1231 1193 1271 ignavi
1215 1233 1335 1271 animi,
1351 1237 1393 1263 ut

747 1277 834 1309 nihil
859 1286 924 1318 pro
950 1277 1085 1317 patriae
1106 1278 1267 1310 libertate
1283 1283 1392 1320 atque

747 1324 860 1355 salute
875 1323 989 1354 facere
1006 1328 1040 1353 et
1053 1324 1182 1355 audere
1203 1326 1390 1357 sustineat.

748 1370 826 1401 Hac
855 1370 964 1410 igitur
994 1371 1132 1402 ratione
1170 1373 1238 1403 ista
1257 1366 1389 1413 ‘expli-

748 1416 861 1447 canda
885 1421 1058 1457 putamus,
1079 1417 1113 1447 in
1140 1418 1267 1458 quibus
1294 1417 1391 1459 quod

748 1455 790 1503 ἧς
830 1462 1006 1502 genitivus
1046 1462 1090 1494 ab
1132 1461 1322 1505 ἐλεύθερος
1358 1468 1394 1495 et

747 1505 890 1548 ἄφοβος
915 1508 1054 1549 pendet.
1076 1509 1119 1539 de
1145 1520 1187 1541 eo
1213 1511 1297 1541 satis
1324 1511 1392 1541 erit

748 1554 968 1599 cpnsuluisse
995 1553 1214 1588 Matthiae
1240 1555 1301 1588 Gr.
1327 1555 1391 1588 Gr.

747 1601 776 1642 ξι.
802 1599 885 1634 339.
935 1600 1117 1641 Pergimus
1144 1603 1189 1634 ad
1213 1603 1295 1634 alia.
1343 1603 1391 1634 Et

746 1652 827 1678 ante
853 1647 975 1678 omnia
996 1648 1138 1687 quidem
1169 1647 1390 1689 quaesivisse

745 1692 898 1732 iuvabit,
929 1703 1096 1734 quorsum
1123 1688 1182 1731 ὃν,
1204 1695 1389 1727 relativum

745 1749 951 1780 pronomen,
976 1739 1101 1771 referri
1127 1745 1300 1782 oponteat
1334 1741 1391 1773 De

748 1795 818 1826 qua
847 1795 885 1816 re
917 1795 982 1817 nos
1015 1786 1156 1826 quidem
1182 1788 1232 1819 ita
1256 1788 1391 1820 iudica-

748 1841 843 1866 mus,
870 1835 908 1862 ut
938 1831 1028 1862 illud
1061 1833 1238 1872 pertinere
1270 1835 1393 1865 existi-

749 1886 883 1907 memus
910 1877 956 1908 ad
987 1872 1006 1907 ὁ
1033 1874 1153 1918 φόβος·
1176 1879 1226 1911 ita
1250 1880 1392 1920 quidem

749 1922 894 1961 dictum,
921 1927 958 1953 nt
981 1924 1201 1963 generaliore
1226 1935 1331 1956 sensu
1357 1929 1393 1957 et

749 1972 878 1999 metum
908 1964 1144 2008 periculorum
1174 1975 1209 2002 et
1243 1980 1393 2011 genero—

749 2024 826 2045 sum
857 2014 964 2045 animi
999 2015 1169 2055 pudorem
1205 2017 1393 2058 significet.

750 2059 857 2093 Quod
894 2061 1082 2100 quominus
1116 2062 1166 2093 ita
1213 2063 1395 2102 faciamus,

750 2110 844 2137 certe
868 2106 958 2138 illud
988 2106 1075 2138 nihil
1100 2108 1276 2148 prohibet,
1301 2109 1395 2152 quod

750 2162 945 2194 pronomen
994 2153 1182 2186 relativum
1229 2156 1299 2187 iam
1339 2160 1395 2187 ter

751 2199 951 2230 antecessit.
993 2198 1086 2231 Nam
1112 2201 1218 2233 verba
1243 2197 1393 2234 &reov-

753 2243 911 2276 λεύοηες
953 2263 992 2267 -
1025 2242 1186 2286 ἀγαθούε
1246 2247 1394 2280 ἔσεσθαι

751 2291 929 2332 pertinent
963 2293 1206 2325 tantummodo
1245 2294 1290 2326 ad
1333 2295 1393 2326 de-

753 2337 976 2369 scribendum
1009 2334 1068 2369 τὸν
1107 2336 1144 2370 ἐκ
1180 2339 1246 2371 τῶν
1277 2337 1396 2380 νόμων

755 2381 886 2423 φόβον.
959 2384 1002 2430 lis
1049 2385 1158 2426 igitur
1204 2388 1395 2419 enuntiatis

754 2429 830 2461 fieri
846 2439 930 2461 sane
941 2435 1058 2471 potest
1071 2441 1141 2463 non
1158 2432 1394 2473 incommode,

753 2480 792 2506 ut
817 2475 959 2508 tandem
982 2487 1177 2518 pronomen
1203 2479 1319 2511 denuo
1344 2480 1395 2511 ita

753 2521 942 2562 inferatur,
976 2527 1015 2555 ut
1044 2525 1089 2556 ad
1121 2525 1272 2566 primum
1303 2525 1393 2556 illud

751 2578 880 2600 nomen
895 2569 1079 2611 pertineat,
1097 2571 1194 2612 quod
1207 2577 1395 2611 utrumque

751 2614 913 2655 designat
959 2620 1100 2649 metum.
1172 2615 1394 2658 Quamquam

751 2661 971 2693 tolerabilior
1000 2661 1152 2696 fortasse
1183 2663 1269 2695 haec
1300 2662 1395 2693 ratio

752 2708 890 2748 existet,
920 2708 980 2740 ubi
1006 2719 1050 2742 ex
1077 2709 1237 2742 Aristide
1267 2708 1395 2740 rescri-
