1612 2872
478 70 563 113 DE
595 69 875 129 LEGIBUS
907 78 989 115 etc.
1344 74 1407 116 LI

49 184 231 227 tentiam
259 183 446 226 subinde
473 185 617 228 acrius
651 186 926 241 corripuerit.
958 185 1125 241 Scripti
1144 184 1259 227 enim
1283 185 1338 228 ab
1357 201 1410 228 eo

50 242 333 284 Politicorum
376 241 475 284 libri
515 241 591 284 illo
624 248 819 299 tempore.
850 249 978 296 sunt,
1018 254 1068 284 ut
1096 241 1229 284 modo
1261 242 1411 285 obser-

49 304 198 340 vatum
247 305 340 350 est,
392 314 478 354 quo
515 304 620 355 post
675 299 992 342 diuturniorem
1040 299 1279 342 absentiam
1334 299 1412 341 ali-

50 354 228 410 quando
267 355 470 397 Athenas
511 355 751 398 reverterat
788 357 938 412 ibique
979 356 1153 399 scholas
1183 356 1227 398 in
1257 356 1410 412 Lyceo

50 412 210 455 habere
253 419 471 468 coeperat.
553 412 638 454 Illo
685 428 790 455 vero
831 420 1027 470 tempore
1079 413 1269 455 dubitari
1320 429 1411 455 non

49 476 194 526 potest
224 470 331 524 quin
362 469 475 510 inter
502 469 646 524 ipsum
679 476 810 525 atque
841 470 1164 525 Xenocratem,
1205 470 1279 525 qui
1310 476 1412 527 post

50 526 363 583 Speusippum,
397 531 497 567 octo
527 526 828 568 tantummodo
859 543 996 569 annos
1024 526 1212 569 docendi
1232 542 1410 569 munere

50 584 264 636 functum,
300 582 475 624 Platoni
504 582 549 623 in
581 583 823 624 Academia
842 591 1119 626 successerat
1151 584 1212 638 (v,
1245 584 1411 649 Diog.

51 640 240 682 Laert.
276 639 355 680 lV.
388 640 430 682 3.
460 645 503 680 et
538 640 639 694 14.),
682 640 912 682 aemulatio
946 640 1159 695 quaedam
1192 646 1323 695 atque
1354 656 1412 683 Sl-

51 696 212 739 multas
255 702 406 738 exorta
446 696 526 750 sit,
569 697 756 739 fortasse
795 698 925 740 etiam
967 713 1019 739 eo
1057 698 1250 750 nutrita,
1293 697 1413 752 quod

51 751 331 807 Alexander,
372 753 613 795 Aristotele
644 753 859 808 offensus,
901 754 1146 797 Xenocrati
1186 754 1302 796 dona
1331 755 1412 795 mi-

50 817 165 853 serat
191 825 484 866 magnumque
514 809 723 853 honorem
755 811 1019 854 testificatus
1039 818 1145 854 erat.
1175 827 1216 852 v,
1248 811 1409 868 Diog.

51 864 166 909 Lae
178 873 239 911 rt.
274 867 396 909 Libr.
427 867 484 909 V.
510 868 561 910 10
596 874 640 909 et
662 871 726 911 11.
787 868 979 926 Scripsit
995 869 1133 926 igitur
1162 874 1256 910 tum
1281 868 1412 923 etiam

50 924 210 967 librum
238 926 338 978 περὶ
378 925 456 976 τῆς
485 924 786 968 Σὴευσίπποι)
821 943 894 967 και
939 925 1245 980 Ξενοκράτους
1285 927 1411 983 φιλο-

52 985 242 1039 σοφίας,
283 981 328 1022 in
378 996 466 1036 quo
515 983 837 1025 controversias
882 982 996 1025 inter
1043 981 1326 1025 Academiam
1370 988 1414 1024 et

48 1037 245 1095 Lyceum
273 1037 450 1080 videtur
477 1044 772 1093 pertractasse
802 1040 1099 1095 imprimisque
1129 1040 1415 1096 impugnasse

50 1096 265 1137 rationem
295 1094 622 1137 Platonicorum
651 1096 774 1138 lectis
804 1097 943 1153 ipsius
983 1097 1185 1139 Platonis
1215 1095 1414 1154 vesti‘giis

51 1151 379 1194 immoderatius
395 1153 480 1194 iam
502 1153 537 1193 P
572 1152 880 1210 thagoreorum
899 1154 1074 1209 placitis
1094 1153 1412 1210 indulgentem,

52 1224 187 1264 quum
232 1209 328 1265 ipse
367 1209 454 1251 illis
497 1208 528 1250 fi
562 1209 671 1251 elius
715 1209 987 1253 Socraticam
1019 1209 1247 1252 dialectice
1280 1225 1414 1265 quae-

53 1265 178 1308 rendi
208 1266 322 1307 viam
352 1272 534 1308 teneret.
567 1283 608 1308 v,
641 1266 806 1323 Diog.
841 1267 1027 1309 Laert.
1061 1267 1119 1309 V.
1153 1269 1223 1311 25.
1242 1267 1341 1310 coll.
1373 1269 1413 1309 3.

52 1322 136 1366 IV.
178 1325 244 1366 10.
315 1322 601 1366 Plutarch.
663 1323 732 1365 De
782 1323 895 1366 Virt.
944 1325 1062 1366 Mor.
1111 1340 1155 1380 p.
1205 1325 1304 1366 452.
1353 1324 1412 1366 D.

53 1379 258 1436 Sympos.
298 1395 341 1436 p.
385 1381 483 1421 713.
523 1378 574 1424 C.
619 1379 718 1422 coll.
768 1381 970 1425 Luzac.
1008 1381 1155 1424 Lectt.
1197 1381 1336 1423 Attic.
1368 1397 1412 1437 p.

58 1438 154 1480 142.
222 1436 596 1493 Wympersee
635 1437 838 1481 Diatribe
878 1438 949 1480 De
983 1438 1239 1480 Xenocrate
1280 1437 1414 1480 Chal-

53 1493 209 1536 cedon.
246 1493 394 1550 Lugd.
433 1494 533 1538 Bat.
581 1495 706 1536 1822.
746 1496 784 1537 8.
825 1511 926 1552 pag.
961 1496 1030 1537 ⁵28,
1064 1510 1162 1551 sqq.
1194 1502 1238 1538 et
1269 1511 1313 1552 p.
1344 1496 1413 1538 60.

53 1565 152 1606 sqq.
220 1550 390 1593 Exorta
429 1551 564 1608 igitur
601 1552 687 1593 ista
726 1551 974 1594 scholarum
1015 1553 1298 1594 contentione
1334 1552 1414 1594 mi-

53 1623 149 1649 rum
187 1613 303 1650 certe
340 1623 429 1650 non
472 1614 564 1662 est,
618 1608 738 1663 quod
786 1608 1020 1666 Stagirites
1058 1610 1190 1651 etiam
1228 1610 1274 1651 in
1314 1610 1414 1664 ipso

54 1664 266 1718 Platone,
303 1664 493 1707 familiae
522 1665 747 1721 principe,
777 1666 979 1723 cupidius
1011 1672 1055 1708 et
1094 1666 1415 1709 contentiosius

55 1722 238 1775 notavit,
272 1736 384 1776 quae
414 1722 554 1778 prima.
584 1723 732 1778 specie
764 1723 1020 1766 viderentur
1048 1724 1193 1766 minus
1215 1737 1415 1779 compro-

55 1778 151 1820 bari
180 1793 327 1834 posse,
358 1785 406 1820 ut
435 1793 570 1834 quum
602 1779 713 1821 dixit
741 1779 866 1822 Libr.
900 1781 961 1823 II.
994 1795 1030 1825 e.
1062 1782 1099 1823 3.
1133 1796 1231 1823 eum
1261 1781 1307 1822 in
1327 1780 1415 1822 Le-

58 1835 187 1891 gibus
227 1837 420 1889 quinque
458 1835 593 1877 millia
631 1844 893 1880 armatorum
924 1838 1084 1880 civium
1115 1837 1415 1891 constituisse,

60 1891 234 1947 qualem
280 1906 505 1934 numerum
554 1892 827 1936 ardelionum
876 1910 930 1937 ne
977 1894 1183 1951 Babylon
1240 1892 1417 1949 quidem

61 1953 253 2004 caperet,
287 1958 421 2003 quum
449 1955 594 1990 tamen
624 1949 754 1991 Plato
782 1951 827 1992 in
855 1951 941 1994 hoc
972 1966 1104 2007 opere
1134 1950 1295 1992 milites
1324 1965 1416 1992 non

61 2011 231 2047 tantum
272 2019 391 2046 arma
430 2011 642 2060 tractare,
685 2006 763 2048 sed
804 2008 935 2050 etiam
972 2007 1117 2049 civilia
1153 2007 1334 2063 negotia
1372 2012 1417 2049 et

61 2076 242 2104 munera
271 2061 392 2103 obire
421 2062 622 2116 iusserit,
663 2069 713 2104 ut
752 2064 797 2105 in
834 2064 1035 2121 Legibus
1075 2063 1207 2106 iidem
1246 2063 1335 2106 sint
1370 2069 1416 2106 et

60 2118 220 2161 milites
259 2123 306 2159 et
335 2118 480 2174 cives,
521 2119 748 2162 ordinibus
787 2121 947 2163 civium
983 2121 1160 2163 omnino
1191 2120 1319 2163 aliter
1348 2125 1415 2162 at-

62 2190 148 2230 que
188 2175 232 2217 in
287 2175 450 2217 Politia
501 2176 767 2219 constitutis.
844 2177 920 2220 Ad
967 2177 1074 2220 haec
1123 2177 1267 2219 omnia
1310 2191 1415 2220 vero

64 2233 195 2274 etiam
225 2230 334 2273 illud
359 2232 546 2288 accedit,
580 2233 699 2288 quod
729 2233 995 2277 Aristoteles
1022 2249 1103 2290 pro
1133 2234 1316 2277 consilio
1334 2248 1415 2276 suo

69 2289 115 2331 in
146 2288 349 2331 Politicis
388 2289 535 2332 civilia
572 2296 743 2332 tantum
779 2291 984 2334 instituta
1014 2291 1222 2333 Platonis
1254 2290 1416 2333 exami-

70 2346 217 2399 navit,
264 2359 442 2388 caussas
483 2352 528 2388 et
565 2347 759 2389 rationes
799 2363 948 2390 eorum
986 2363 1040 2390 ex
1069 2348 1187 2391 illius
1218 2347 1418 2390 doctrina

73 2402 302 2445 aestimare
346 2403 564 2460 neglexit,
603 2404 649 2445 in
691 2419 830 2460 eaque
876 2421 923 2447 re
962 2405 1149 2447 fortasse
1188 2403 1320 2447 etiam
1362 2404 1417 2447 iis

73 2459 171 2501 nnis
214 2459 400 2501 maxime
444 2460 639 2503 confisus
672 2467 762 2515 est,
808 2477 920 2517 quae
962 2477 1015 2504 ex
1062 2462 1235 2518 Legum
1284 2475 1417 2516 opere

66 2515 169 2557 olim
211 2522 415 2571 excerpta
457 2523 502 2558 et
528 2518 575 2559 in
603 2517 780 2560 brevius
810 2525 1036 2561 contracta
1064 2518 1258 2560 haberet.
1317 2517 1420 2571 Qua

65 2571 234 2613 ratione
277 2571 480 2615 facillime
523 2573 619 2615 fieri
646 2575 815 2630 potuit,
855 2582 904 2618 ut
938 2576 984 2617 in
1023 2574 1185 2617 iudicio
1225 2590 1304 2617 suo
1345 2589 1418 2615 su-

63 2627 195 2669 binde
236 2627 474 2681 laberetur3
516 2645 779 2686 quamquam
821 2647 918 2675 eum
957 2632 1103 2674 multis
1141 2632 1186 2672 in
1216 2630 1415 2686 partibus

1050 2699 1146 2740 D*
