1612 2872
223 99 395 141 CLXX
649 96 1121 139 PROLEGOMENA

223 209 382 251 ctanda
413 210 686 265 proponitur,
716 214 765 248 ut
795 208 919 262 quasi
949 207 1148 248 deorsum
1178 207 1341 263 fulgeat
1371 205 1555 259 indeque

222 265 487 319 intelligatur
549 270 781 304 extremum
842 269 972 316 atque
1030 277 1240 304 summum
1273 261 1555 316 reipublicae

224 322 351 361 finem
383 319 588 360 altissime
618 333 712 359 esse
745 320 1052 369 constitutum,
1083 319 1142 358 ita
1170 318 1215 358 in
1238 318 1431 373 Legibus
1460 315 1577 357 idea,

224 391 350 417 verae
391 374 675 428 reipublicae,
717 373 798 415 hoc
824 380 917 427 est,
948 373 1046 414 idea
1075 374 1227 415 summi
1259 374 1360 414 boni
1391 373 1445 413 in*
1464 372 1559 426 ipsa

224 432 313 471 vita
353 429 599 484 conspicui,
640 444 790 471 revera
838 429 1076 485 spectanda
1117 429 1371 484 praebetur,
1420 442 1558 481 eoque

225 488 320 541 ipso
359 486 474 526 vitae
518 486 755 526 communis
795 487 981 528 societas
1022 499 1108 538 qua
1132 486 1296 525 ratione
1336 483 1390 524 ad
1431 497 1558 536 quam

227 540 451 582 max'ima'm
494 556 591 582 cum
630 555 818 583 summae
891 541 1135 582 erfectionis
1172 540 1316 595 specie
1347 538 1488 580 animo
1519 547 1562 579 et

225 603 367 638 mente
406 597 632 638 informata
671 597 846 638 similitu
882 598 992 638 inem
1031 603 1075 637 et
1113 596 1410 652 cognationem
1438 593 1561 635 evehi

226 662 355 706 atque
400 653 592 694 converti
644 659 798 707 queat,
847 653 1163 709 elegantissime
1217 650 1469 694 ostenditur,
1510 663 1561 692 ac

227 709 556 750 demonstratur.

339 794 485 846 Atque
525 791 630 833 haec
679 795 810 847 quum
851 791 998 834 nostro
1037 790 1207 846 quidem
1248 789 1407 831 iudicio
1445 795 1563 830 certa

227 853 271 888 et
289 847 511 903 explorata
539 847 793 901 habeantur,
825 864 877 890 ne
908 848 985 891 has
1008 845 1194 902 quidem,
1228 861 1338 900 quae
1363 861 1414 886 ex
1444 843 1560 886 idea-

228 918 319 944 rum
360 903 559 944 doctrina
603 905 808 959 repetitae
845 911 967 957 sunt,
1007 903 1147 958 operis
1186 902 1238 943 de
1270 901 1463 957 Legibus
1496 915 1560 942 re-

228 959 533 1014 prehensiones
572 960 679 1000 tales
728 974 821 1001 esse
869 959 1145 1015 intelligitur,
1196 958 1351 1012 quibus
1400 954 1561 1010 aliquid

228 1013 505 1056 tribuendum
537 1014 616 1068 sit,
646 1014 691 1055 id
721 1014 839 1070 quod
867 1014 1024 1057 clarius
1054 1015 1179 1054 etiam
1212 1013 1457 1069 apparebit,
1490 1011 1562 1052 ubi

229 1069 282 1111 de
325 1069 563 1111 disserendi
606 1072 771 1112 ratione
803 1071 845 1112 in
877 1071 943 1112 his
974 1070 1094 1112 libris
1125 1078 1330 1124 usurpata
1360 1066 1562 1124 peculiari

230 1142 362 1181 opera
392 1127 634 1182 expositum
666 1127 805 1170 fuerit.

760 1478 882 1554 Cap.
922 1477 1051 1538 XlV.

238 1572 531 1646 {Disputatur
554 1601 617 1635 de
642 1577 789 1635 rebus
814 1599 1098 1646 quibusdam
1125 1595 1326 1640 singulis
1350 1595 1398 1628 in
1426 1593 1564 1637 hegi-

305 1658 394 1692 bus
420 1657 596 1696 obviis,
623 1665 750 1700 quae
776 1656 966 1691 erinnis
991 1653 1190 1689 fuerunt
1218 1651 1492 1686 offensioni.

347 1769 436 1808 Iam
475 1773 579 1814 ‘vero
626 1768 691 1810 his
731 1768 793 1808 ita
834 1766 1066 1820 disputatis
1104 1766 1284 1805 transire
1313 1763 1486 1804 tandem
1518 1762 1566 1802 li-

234 1826 350 1866 cebit
376 1824 431 1864 ad
471 1839 536 1877 ea,
569 1820 679 1878 quae
718 1822 878 1879 passim
913 1821 1177 1877 dei-singulis
1217 1819 1344 1861 rebus
1374 1818 1442 1860 vel
1471 1832 1567 1859 sen-

235 1880 384 1921 tentiis
423 1895 449 1920 a
478 1880 639 1921 criticis
669 1885 816 1921 notata
847 1884 974 1931 sunt,
1015 1892 1100 1932 quo
1133 1876 1298 1918 scilieet
1327 1885 1569 1929 suspectam

236 1935 464 1977 redderent
492 1936 652 1977 horum-
672 1936 876 1977 librorum
897 1934 1025 1982 fidem
1060 1940 1104 1974 et
1128 1931 1442 1973 auctoritatem.
1501 1929 1570 1969 De

236 1992 394 2045 quibus
435 1991 607 2045 quidem
648 1992 800 2042 rebus,
843 1990 1045 2044 quoniam
1086 1994 1189 2030 sunt
1229 1987 1341 2028 inter
1369 1999 1414 2026 se
1445 1983 1570 2025 valde

236 2047 463 2090 dissimiles
500 2054 631 2102 atque
667 2047 892 2099 diversae,
916 2046 976 2087 ita
1005 2043 1334 2099 disputabimus,
1365 2046 1412 2082 ut
1441 2040 1571 2081 misso

237 2110 353 2149 certo
393 2103 696 2159 disputationis
735 2102 884 2144 ordine
927 2101 1170 2156 promiscue
1212 2097 1264 2138 de
1293 2096 1475 2152 singulis
1506 2094 1570 2136 di-

237 2162 382 2200 camus
414 2165 456 2200 et
494 2158 616 2214 quasi
652 2174 729 2214 per
768 2159 931 2198 lancem
974 2164 1165 2198 saturam
1204 2152 1431 2194 afferamus
1461 2165 1571 2205 quae

238 2214 488 2256 disserenda
527 2214 765 2255 videantur.
833 2213 944 2255 Sunt
982 2212 1101 2263 ‘enim
1140 2211 1223 2251 ista
1263 2208 1405 2249 omnia
1443 2208 1569 2249 etiam

237 2270 291 2311 al)
335 2271 386 2311 iis
414 2272 666 2324 'promiscue
706 2270 746 2310 in
782 2268 965 2310 medium
997 2267 1184 2323 prolata,
1227 2264 1432 2305 adversus
1463 2277 1572 2316 quos

239 2327 365 2367 nobis
395 2325 702 2379 disputandum
734 2325 826 2367 erit.
1339 2371 1342 2374 Δ

350 2381 505 2435 Itaque
536 2382 717 2436 primum
749 2381 921 2434 quidem
952 2379 1165 2431 affingere
1196 2377 1338 2431 placet
1366 2388 1430 2426 ea,
1462 2387 1578 2425 quae

241 2437 496 2478 Zellerus
549 2436 673 2480 stud.
707 2437 873 2478 Platon.
921 2450 963 2490 p.
1003 2433 1070 2475 32.
1110 2447 1174 2486 sq.
1215 2429 1573 2478 commemoravit.

240 2492 655 2537 Haesit-·eni1n,vir
705 2492 979 2534 doctissimus
1023 2488 1080 2529 ibi
1133 2500 1390 2542 magnopere
1431 2484 1473 2524 in
1506 2497 1572 2533 eo,

241 2548 356 2600 quod
391 2548 510 2600 *libro
550 2548 684 2603 primo
723 2558 905 2589 exeunte·
937 2545 1216 2595 ebrietas,
1247 2543 1278 2593 ἡ.
1303 2545 1453 2595 μέθη,
1485 2538 1573 2578 lau·-

241 2604 366 2646 detur
397 2603 509 2650 ideo,
542 2604 641 2656 quia
670 2603 798 2644 faeiat
829 2603 883 2644 ad
914 2599 1078 2643 laudem
1100 2597 1404 2652 temperantiae
1425 2608 1573 2636 eonsc-
