1612 2872
222 99 306 140 216

709 89 1081 133 PLATONIS

226 214 377 266 χωρίς,
422 207 577 261 λόῖθυς
620 203 782 263 manaim
823 209 881 253 δὶς
923 208 1058 259 μέτρα
1103 206 1320 252 τιθέντες,
1355 205 1480 257 μέλος
1516 200 1553 243 δ’
1605 189 1612 244 ³2

158 280 195 321 E
227 269 285 318 αὖ
320 276 391 317 καὶ
424 270 612 329 ῥυθμὸν
641 266 745 311 ἄνευ
767 269 987 327 ῥημάτων,
1011 270 1119 327 ψιλῇ
1153 272 1374 322 ῃθαρῑσει
1410 283 1455 310 ts
1490 270 1559 309 καὶ
1610 299 1611 302 ¹

230 337 407 390 αὐλήσει
450 334 771 390 προςχρώμενοι
790 350 798 358 ·

834 339 879 376 ἐν
925 332 990 383 οἷς
1036 333 1088 384 δὴ
1130 332 1412 388 παγχάλεπον
1457 329 1561 374 ἄνευ

231 403 365 457 λόγου
396 399 653 455 γιγνόμενον
702 398 883 456 ῥυθμόν
935 415 978 441 τε
1025 401 1095 441 καὶ
1144 398 1362 453 ἁρμονίαν
1410 397 1561 450 γιγνώ-

329 529 370 560 Ε.
419 528 488 559 καὶ
514 524 705 568 ῥυθμὸν]
730 525 789 558 Sic
817 527 854 558 Α.
880 525 920 556 Β.
950 523 987 556 Ω.
1014 537 1044 558 v.
1071 525 1093 558 f.
1119 525 1152 555 h.
1178 535 1204 555 r.
1231 535 1263 556 o.
1290 523 1318 555 δ.
1350 516 1466 564 Vulgo
1491 529 1565 556 erat

232 642 352 669 annot.
382 636 457 670 106.
498 635 667 668 Similiter
695 640 800 676 atque
831 637 862 667 ll.

231 683 254 715 l.
286 682 329 713 de
372 682 471 723 poesi
512 682 610 722 epica
644 681 794 714 Phaedr.
830 691 862 721 p.

231 726 307 761 278.
326 725 365 759 C.
392 727 452 758 ubi
478 737 510 759 v.
535 727 646 766 intpp.
681 725 751 757 lam
782 735 864 757 vero

231 771 363 804 Plato
394 771 477 812 quid
510 770 552 802 de
576 771 691 811 poesis
718 780 739 802 a
763 774 866 802 cantu

233 817 451 848 seiunctione
477 817 632 852 senserit,
646 816 746 846 docet
770 817 865 847 locus

232 861 389 902 Reipubl.
413 861 460 892 X.
485 870 506 900 p
546 859 624 893 600.
648 861 689 891 Ε.
718 877 759 883 -
786 859 863 894 601.

232 905 274 937 Β.
324 906 495 944 Alterum,
520 905 613 945 quod
639 905 867 945 vituperatur,

233 950 385 990 pertinet
398 950 554 990 eo,quod
565 950 726 981 oratione
739 951 868 981 omissa

234 994 328 1026 nuda
351 995 565 1026 citharistica
595 998 629 1025 et
657 995 868 1034 tibicinaria,

233 1039 268 1071 h.
290 1049 319 1072 e.
345 1040 486 1070 omnino
511 1048 598 1079 pura
620 1044 703 1080 puta
726 1040 869 1077 musica,

233 1089 429 1124 usurpetur.
471 1084 607 1115 Etenim
632 1094 696 1115 nee
721 1084 788 1116 hoc
812 1095 869 1115 ve-

233 1129 300 1160 teri
338 1129 544 1169 disciplinae
582 1128 650 1159 fuit
687 1134 869 1160 consenta-

233 1183 346 1205 neum.
394 1174 562 1214 Antiquis
592 1175 682 1205 enim
707 1175 870 1215 tempori-

233 1218 298 1250 bus
348 1228 418 1250 vox
460 1219 612 1255 humana
658 1219 776 1250 habita
818 1223 871 1250 est

232 1263 372 1304 potior,
401 1263 456 1294 cui
488 1264 718 1295 instrumenta
740 1265 872 1295 musica

234 1308 433 1339 serviebant
487 1313 521 1339 et
574 1308 870 1349 obtemperabant,

234 1353 362 1393 quippe
386 1361 532 1393 quorum
557 1354 635 1384 soni
660 1364 722 1394 per
740 1364 776 1385 se
793 1354 871 1392 soli,

235 1403 359 1438 quum‘
383 1402 497 1428 essent
544 1398 783 1436 obscuriores.
816 1399 871 1434 ,ad

234 1442 372 1473 animos
396 1442 608 1474 erudiendos
621 1444 870 1475 moderandos-

233 1495 301 1526 que
337 1496 458 1527 parum
500 1487 616 1518 valere
654 1489 869 1520 viderentur.

235 1529 339 1569 Quod
362 1532 476 1572 ipsum
501 1531 567 1562 fuit
591 1533 692 1564 etiam
715 1534 868 1565 Platonis

232 1576 411 1615 iudicium,
432 1577 532 1607 sicuti
558 1582 703 1618 apparet
726 1588 768 1609 ex
793 1588 869 1609 ver-

232 1620 287 1651 bis
318 1621 508 1673 proximis·
533 1619 569 1651 ἐν
599 1618 652 1653 οἷς
676 1620 716 1663 δὴ
741 1620 867 1662 παγχά-

233 1665 335 1695 λεπον
364 1682 406 1687 —-
438 1660 629 1706 ἀξιολόγων
664 1677 867 1707 μιμημαῑωι.

232 1709 316 1740 Fuit
337 1713 453 1740 autem
477 1709 865 1752 ψιλοκιθαριστικῆςαιι-

232 1758 308 1785 otor
333 1753 553 1785 Aristonicus
583 1754 709 1795 Chius,
739 1766 867 1797 aequa

229 1799 274 1829 lis
297 1798 370 1829 fere
398 1798 613 1837 Archilochi3
638 1805 741 1842 atque
766 1798 867 1842 ψιλὴν

232 1840 374 1883 αὔλησιν
397 1842 460 1873 sub
489 1843 624 1874 initium
660 1845 866 1886 Pythiadum

232 1887 387 1921 exercuit
430 1885 601 1925 Sacadas;
653 1890 695 1921 de
742 1891 866 1931 quibus

232 1933 335 1963 docte
381 1933 543 1971 exposuit
585 1932 614 1963 Β
625 1943 669 1965 ar
678 1934 719 1964 th
730 1936 794 1966 ele
804 1946 835 1966 m
846 1945 867 1975 y

236 1977 311 2007 ltin.
348 1976 542 2007 Anachars.
578 1977 650 2009 Vol.
675 1979 738 2010 111.
765 1990 797 2019 p.
823 1979 867 2014 83

232 2031 284 2062 sq.
309 2021 362 2051 ed.
387 2019 537 2052 Biester.
563 2027 597 2053 et
619 2023 867 2057 Boeckhius

231 2066 285 2097 De
313 2065 437 2098 Metris
468 2066 608 2098 Pindari
639 2068 717 2099 libr.
743 2069 811 2100 ΙΙΙ.
837 2079 865 2102 c.

233 2110 288 2144 11.
322 2120 355 2150 Ρ,
387 2109 456 2143 238
487 2120 539 2151 sq.
596 2113 653 2143 Ad
685 2117 866 2154 utramque

232 2155 460 2186 exercendam
494 2157 746 2195 posterioribus
782 2160 865 2189 tem'-

231 2200 376 2239 poribus
399 2200 541 2232 inventa
573 2201 736 2235 videntur
759 2202 866 2234 fuisse

231 2244 478 2275 artificiosiora
501 2254 647 2285 organa,
675 2257 763 2287 quae
787 2258 866 2288 par-

231 2288 292 2319 tim
332 2298 376 2318 ne
406 2288 536 2320 ferrent
570 2291 710 2330 quidem
744 2297 864 2324 cantus

231 2333 475 2364 accessionem.
505 2344 536 2364 v.
564 2333 787 2368 Schaefer.
814 2338 859 2368 ad

231 2376 379 2454 &guyn
404 2376 459 2407 De
483 2387 634 2419 compos.
666 2381 802 2412 verbor.
828 2391 863 2422 p.

275 2465 318 2496 E.
367 2465 496 2504 μέλος
531 2464 566 2497 δ’
611 2464 662 2499 αὖ
698 2470 761 2500 καὶ
801 2466 865 2510 ῥυ-

230 2506 346 2549 θμὸν
369 2507 467 2542 ἄνευ
493 2507 716 2553 ῥημάτιον]
745 2514 865 2546 Auda-

231 2555 303 2586 nius
319 2554 376 2587 hic
391 2555 547 2587 adhibita
559 2561 612 2588 est
635 2558 748 2598 figura
762 2568 863 2599 zeug-

231 2600 350 2639 matis,
372 2601 654 2642 quandoquidem
693 2612 735 2634 ex
767 2607 861 2635 ante-

932 645 1053 676 gresso
1086 633 1272 665 διασπῶσιν
1302 633 1564 674 intelligendum

931 681 1140 720 relinquitur
1164 679 1304 710 verbnm
1335 679 1563 719 generalioris

932 725 1222 766 significationis
1235 724 1396 755 ποιοῦσιν
1429 727 1489 755 aut
1520 723 1564 754 si-

931 771 1011 802 mile
1038 769 1214 822 quiddam.

979 814 1056 845 τῶν
1103 810 1346 854 ἀξιολόγων
1394 809 1563 852 μιμημά-

934 859 1035 899 των]
1073 858 1241 890 Similiter
1272 859 1338 889 boe
1362 858 1489 888 dictum
1515 862 1567 888 est

934 909 1039 945 atque
1070 914 1174 944 supra
1204 914 1237 943 p.
1268 902 1345 937 668.
1370 903 1412 933 Ε.
1445 899 1482 932 τὸ
1513 911 1566 940 με·

935 947 1118 989 μιμημένον
1169 949 1272 988 ζῶον,
1326 947 1566 986 significatque

935 1005 1010 1033 τες,
1054 1003 1139 1034 quae
1185 993 1379 1024 imitatione
1420 992 1566 1032 exprimi

936 1039 1059 1070 solent.
1098 1037 1267 1075 Quocirca
1299 1047 1368 1068 non
1395 1042 1448 1067 est
1473 1037 1567 1077 quod

936 1085 1012 1124 quis
1037 1093 1113 1114 eum
1137 1084 1266 1114 Astio
1293 1082 1443 1121 corrigat
1471 1092 1566 1121 μιμη-

937 1129 1021 1166 τιῦν;
1053 1137 1259 1168 quamquam
1291 1128 1321 1158 is
1351 1137 1420 1157 non
1450 1127 1568 1166 inepte

937 1173 1144 1214 provocavit
1179 1174 1224 1204 ad
1247 1172 1441 1212 Xenoph.
1464 1172 1569 1203 Mem.

937 1218 1005 1250 111.
1021 1218 1077 1258 10,
1092 1217 1123 1250 5.
1140 1218 1198 1248 nbi
1216 1219 1296 1248 item
1321 1217 1465 1248 confusa
1489 1220 1568 1249 sunt

937 1260 1056 1303 μιμητά
1081 1267 1114 1294 et
1138 1260 1313 1302 μιμήματα.

983 1304 1069 1339 ἀλλ’
1098 1304 1337 1348 ὑπολαβεῖν
1367 1302 1424 1339 ἅν
1435 1305 1446 1347 ]
1471 1306 1568 1338 Haec

938 1362 1076 1394 quoque
1116 1353 1303 1384 cohaerent
1349 1361 1425 1382 eum
1466 1360 1567 1391 prae-

937 1408 1058 1438 gresso
1092 1395 1128 1428 ἑν
1162 1394 1214 1429 οἷς
1237 1394 1287 1438 δή.
1338 1395 1567 1433 Quamobrem

934 1444 1023 1474 male
1080 1442 1184 1483 vulgo
1239 1447 1320 1483 post
1377 1438 1569 1482 μιμημάτων

934 1489 1036 1527 plene
1067 1488 1335 1527 interpmgunt,
1369 1487 1460 1527 quod
1493 1490 1568 1517 tan-

935 1532 1011 1564 dem
1050 1534 1270 1565 mutavimus.
1331 1531 1568 1571 Reprehendit

934 1582 1047 1608 autem
1071 1577 1300 1617 philosophus
1329 1576 1364 1606 in
1391 1577 1459 1606 ista
1483 1577 1567 1607 artis

933 1622 1183 1653 exercitatione
1213 1621 1361 1652 maxime
1391 1620 1457 1651 hoc
1481 1625 1567 1651 tam·

934 1676 1036 1707 quam
1058 1667 1221 1697 stolidum
1237 1671 1270 1697 et
1285 1666 1451 1705 ineptum,
1473 1665 1568 1705 quod

933 1721 954 1742 a
978 1711 1093 1742 multis
1118 1712 1233 1742 omnia
1258 1711 1302 1742 ad
1323 1710 1508 1741 celeritatis
1534 1714 1568 1741 et

934 1765 1099 1787 sonorum
1131 1756 1310 1787 varietatis
1344 1755 1481 1786 laudem
1513 1765 1567 1786 re-

934 1801 1108 1838 ferantur,
1140 1801 1227 1832 adeo
1258 1805 1296 1831 ut
1319 1809 1381 1830 nec
1406 1810 1446 1831 ea
1470 1800 1506 1831 in
1529 1809 1567 1831 re

934 1846 1130 1876 saltationis
1167 1849 1225 1876 aut
1263 1849 1383 1876 cantus
1420 1845 1566 1884 amplius

933 1891 1023 1922 ratio
1050 1891 1205 1921 ducatur.
1249 1890 1386 1920 Etenim
1412 1894 1486 1920 tota
1510 1899 1566 1920 ars

934 1939 1095 1975 coeperat
1119 1935 1164 1965 ad
1188 1935 1396 1966 artificiosae
1416 1935 1565 1965 dexteri-

933 1980 1015 2011 tatis
1040 1980 1178 2011 laudem
1201 1980 1369 2015 revocari,
1382 1980 1430 2010 ita
1445 1984 1482 2009 ut
1507 1980 1566 2018 qui

933 2034 1039 2056 sonos
1077 2025 1225 2056 maxime
1262 2024 1379 2055 varios
1416 2024 1566 2055 maxima

933 2079 1009 2100 cum
1044 2069 1218 2100 eeleritate
1249 2078 1291 2099 ex
1328 2069 1565 2100 instrumentis

931 2114 1071 2144 musicis
1089 2114 1237 2152 eliceret,
1254 2114 1283 2144 is
1308 2114 1344 2144 in
1362 2123 1402 2144 ea
1417 2114 1566 2144 maxime

932 2158 1099 2189 excellere
1143 2162 1332 2198 putaretur.
1387 2158 1565 2189 pertinent

931 2203 998 2233 hue
1036 2212 1123 2242 quae
1154 2208 1274 2234 narrat
1304 2202 1480 2236 Plutarch.
1510 2203 1565 2234 De

931 2257 1018 2278 mus.
1051 2246 1093 2277 T.
1125 2246 1173 2277 11.
1206 2258 1227 2288 p
1277 2247 1379 2281 1141.
1402 2248 1563 2281 Aristox.

932 2291 1097 2323 Hal-mon.
1130 2291 1239 2324 Elem.
1273 2293 1323 2324 11.
1363 2303 1396 2333 p.
1438 2292 1494 2325 53.
1531 2297 1564 2324 et

931 2336 1005 2376 ipse
1046 2336 1167 2366 Plato
1199 2336 1297 2377 Reip.
1323 2338 1397 2369 Vll.
1422 2347 1453 2378 p.
1479 2336 1561 2370 531.

929 2381 988 2412 ubi
1006 2380 1118 2412 facete
1136 2381 1227 2412 ridet
1251 2383 1436 2422 organicos
1461 2391 1563 2423 quum

934 2426 1136 2457 tenuissima
1166 2435 1330 2457 sonorum
1365 2427 1564 2458 discrimina

934 2470 1069 2501 curiose
1107 2471 1348 2510 observantes,
1380 2475 1414 2502 et
1449 2471 1561 2510 Legg.

933 2512 1013 2546 VII.
1038 2525 1071 2555 p.
1098 2514 1175 2547 812.
1197 2515 1315 2546 B-E,
1341 2515 1432 2547 conf.
1459 2516 1562 2547 etiam

931 2558 1160 2591 Aristotel.
1197 2560 1251 2590 De
1283 2560 1367 2601 Rep.
1406 2559 1498 2592 Vlll.
1532 2570 1560 2590 c.

929 2606 960 2637 6.
988 2608 1021 2635 et
1046 2605 1087 2636 de
1117 2605 1309 2643 imitatione
1340 2613 1462 2636 vocum
1486 2605 1560 2636 ani-
