1612 2872
139 99 222 141 DE
254 96 529 141 LEGIBUS
560 96 680 139 LIB.
711 95 772 138 II.
805 95 854 138 P.
886 96 981 136 653.
1015 95 1109 136 654.
1143 92 1209 136 St.

1322 95 1399 135 153

0 199 2 222 ἶ
52 215 341 278 φθεγγόμενα
392 230 539 266 πασας
575 231 741 272 φωνας.
792 209 849 256 τὰ
893 213 974 268 μὲν
1019 204 1100 255 οὖν
1143 209 1260 254 ἄλλα
1309 211 1398 264 ζῶα

53 285 134 330 οὐκ
169 288 277 341 ἔχειν
311 284 527 336 αἴσθησιν
562 284 650 326 τῶν
684 286 730 325 ἐν
766 288 864 331 ταῖς
892 278 1086 333 κινήσεσι
1111 278 1273 331 τάξεων
1296 276 1399 322 οὐδὲ

53 353 266 405 ἀταξιῶν,
303 349 368 402 οἷς
406 349 459 403 δι]
498 347 678 407 ῥυθμὸς
712 346 858 404 ὄνομα
908 350 981 391 καὶ
1026 344 1242 402 ἁρμονία·

1294 344 1400 401 ἡμῖν

54 422 99 463 δὲ
149 417 226 470 οὓς
261 418 442 467 εἴπομεν
487 415 591 468 τοὺς
638 414 777 465 θεοὺς
820 412 1118 472 συγχορευτὰς
1166 412 1400 465 δεδόσθαι,

53 486 241 537 τούτους
275 487 386 530 εἶναι
407 488 477 528 καὶ
502 485 602 534 τοὺς
621 482 866 534 δεδωκότας
886 481 968 535 τὴν
998 481 1229 539 ἔνρυθμόν
1257 498 1302 526 τε
1326 484 1399 526 καὶ

53 554 319 610 ἐναρμόνιον
365 553 582 605 αἴσθησιν
616 550 724 607 μεθ’
777 549 968 606 ἡδονῆς,
1011 543 1038 611 ’ᾗ
1084 548 1136 602 δὴ
1183 558 1319 594 κινεῖν
1354 567 1399 593 τε

145 712 180 744 Ρ.
217 709 295 744 654.
344 707 418 750 τῆν
442 705 675 751 ἔνρυθμόν
706 706 761 750 τε]
799 703 982 748 εὔρυθμον
1005 705 1077 739 v.'r.
1109 711 1145 740 et
1172 718 1279 750 marg.
1304 707 1399 742 Flor.

53 767 85 790 a.
110 755 140 791 δ.
167 765 241 789 curn
273 755 352 788 Bas.
378 756 410 790 1.
435 756 467 790 2.

144 795 165 843 ᾖ
191 799 239 844 δὴ
266 805 402 834 κινεῖν
426 801 493 843 -]
521 799 584 844 ἤδη
614 802 658 834 A.
673 800 711 833 Β.
728 797 765 834 Ω.
778 799 815 833 Ξ.
828 799 848 834 f.
862 799 1008 832 h.r.a.c.
1022 797 1092 832 δ.ο.
1122 798 1255 832 vitiose.

56 936 171 974 ἀνοίας
194 935 408 980 ἐφικόμενος.
434 935 532 968 Idem
560 936 608 969 vir
631 935 693 968 do·

56 989 131 1015 ctus
156 983 220 1016 huc
251 984 364 1015 retulit
388 982 540 1024 Sophist.
561 994 593 1025 p.
614 983 692 1017 253.

56 1030 104 1062 B:
125 1042 180 1061 xm
203 1027 286 1061 κατά
310 1032 376 1061 τῶν
389 1028 498 1060 ἄλλων
512 1026 552 1069 δὴ
571 1032 694 1070 τεχνῶν

54 1075 110 1106 καὶ
134 1087 247 1115 αἶέχΗ
259 1089 294 1107 υ,
319 1087 418 1106 ῚΟΙΠΠ
428 1088 468 1106 ru
499 1086 643 1118 ἒυρηῦθί
635 1087 694 1106 [etv

55 1120 165 1176 ἕτεραι.
192 1121 276 1154 ibid.
305 1132 336 1162 p.
362 1122 440 1155 262-
465 1122 509 1153 C:
529 1117 693 1163 ου’δεμίιιν

54 1166 121 1210 γιὶρ
161 1167 243 1199 οὔτε
282 1166 321 1198 οὗ
313 1166 393 1202 ι’τως
439 1166 521 1198 οὔτε
560 1168 645 1198 hel»
632 1178 694 1200 νως

55 1214 177 1256 πρᾶξιν
202 1209 279 1245 ou'd’
303 1208 451 1260 α’πραέίιι
431 1212 622 1254 ιν-δηληῖ
651 1226 692 1244 τα

56 1261 274 1301 ‹fumeis-111.
298 1259 365 1291 Pro
382 1271 414 1291 οι
405 1263 433 1296 ἐς
449 1258 695 1291 Boeckhius

59 1316 91 1347 p.
117 1305 196 1340 129.
222 1305 437 1338 scribendum
469 1306 603 1337 censuit
626 1318 661 1336 ιιι
651 1300 695 1345 2⁸„-

57 1351 150 1392 quod
175 1350 216 1384 ad
241 1348 376 1386 τάξεσιν
401 1351 596 1384 referretur.
625 1329 695 1384 Sed

58 1402 211 1430 nentrum
223 1398 437 1440 pronominis
447 1397 577 1429 relativi
591 1398 694 1430 etiam

56 1447 137 1484 pust
161 1444 295 1476 nomina
329 1443 476 1476 seminini
502 1449 537 1474 et
562 1454 695 1476 mascu-

57 1490 79 1521 li
104 1490 241 1530 generis
256 1491 424 1531 usurpari,
451 1489 506 1521 ubi
521 1490 615 1521 notio
637 1500 696 1522 eo-

58 1545 130 1567 rum
157 1540 313 1577 tanquam
340 1535 509 1567 indefinita
526 1534 694 1577 quaedam

58 1581 261 1614 informatur
290 1591 353 1614 nec
378 1582 574 1613 accuratius
599 1587 695 1614 tene·

56 1631 123 1664 tur,
147 1626 181 1659 id
209 1638 289 1660 vero
307 1627 420 1660 multis
443 1627 528 1659 iocis
550 1626 693 1660 demon—

56 1674 156 1705 strari
189 1678 317 1715 potest.
347 1673 438 1705 conf.
480 1673 694 1707 Matthiae

58 1719 119 1750 Gr.
145 1719 176 1759 §.
201 1719 280 1755 439.
307 1724 342 1752 et
373 1718 404 1760 ξ.
430 1719 508 1754 472.
538 1719 570 1754 2.
597 1730 627 1752 e.
658 1731 690 1762 p.

56 1764 135 1799 987.
175 1776 251 1798 ann.
287 1766 319 1802 1,
358 1766 413 1806 qui
450 1766 554 1798 ‘nobis
585 1767 690 1798 otium

57 1811 151 1843 fecit.
178 1811 295 1853 ltaque
332 1808 387 1845 οἷς
411 1812 581 1853 explicare
611 1813 691 1844 lice-

58 1857 124 1890 bit:
157 1858 321 1898 quibus
351 1857 524 1900 quidem
563 1859 692 1890 rebus

58 1906 122 1934 ctr.
157 1903 206 1935 De
231 1901 387 1945 rhythmo
411 1907 446 1935 et
471 1902 640 1936 harmenia
659 1915 690 1936 v.

59 1947 143 1980 infra
165 1949 201 1980 V.
228 1959 260 1990 p.
285 1949 362 1984 655.
380 1950 423 1981 A.
444 1948 521 1983 660.
551 1951 596 1981 A.
613 1949 691 1984 665.

54 1995 93 2026 A
119 1993 251 2027 Phileb.
278 2005 311 2037 p.
339 1996 394 2030 17.
421 1994 460 2027 C.
486 1996 531 2027 al.

104 2038 178 2077 οιῖς
212 2041 390 2084 εἴπομεν
428 2053 530 2077 τους
560 2039 695 2078 θεοὺς

57 2085 195 2140 aurp]
234 2087 486 2131 Stephanus
516 2088 693 2120 articulum

58 2129 143 2168 τούς
189 2133 316 2165 omisit.
369 2133 504 2167 Nollem
554 2133 697 2167 facturn.

58 2176 145 2210 Nam
185 2180 350 2212 sententia
390 2180 571 2212 verborum
613 2179 696 2212 haec

61 2228 134 2256 est:
150 2225 274 2257 nobis
293 2231 433 2259 autem
452 2226 556 2258 deos
572 2225 695 2267 iilos,

59 2269 611 2311 quosdiximuschororum
631 2283 696 2305 so-

60 2315 154 2348 cios
179 2317 301 2348 nobis
325 2317 452 2351 datos
477 2328 595 2358 esse,
620 2318 696 2351 hos

61 2362 190 2394 etiam
230 2362 405 2397 dedisse
437 2363 622 2406 rhythmi
656 2369 697 2397 et

59 2406 305 2441 harmoniae
330 2420 499 2444 sensum
517 2420 604 2443 cum
629 2422 695 2444 vo-

60 2453 234 2494 luptate
259 2456 547 2488 coniunctum.

107 2499 149 2530 P
175 2499 253 2534 654.
294 2498 592 2544 ‘niventon-Quo
604 2515 622 2534 ν
652 2515 693 2535 τε

60 2544 130 2576 καὶ
152 2545 412 2589 ἐναρμόνιον
431 2547 487 2590 —]
505 2548 598 2581 Libri
620 2549 694 2591 qui-

60 2590 160 2623 dam
164 2600 246 2624 mas.
272 2602 348 2626 cum
367 2593 420 2626 ed.
442 2594 520 2627 Bas.
535 2595 567 2629 2.
591 2595 694 2639 εὔρυ-

61 2638 158 2679 θμον
187 2638 349 2680 scriptum
386 2640 566 2681 exhibent,
601 2642 693 2684 quod

61 2682 280 2722 Stephano
303 2685 483 2727 placebat,
515 2687 613 2721 nobis
642 2690 695 2722 vel

761 940 904 979 propter
928 934 1083 967 additum
1111 932 1314 977 ἐναρμόνιον
1332 933 1401 967 dis-

762 984 875 1025 plicet.
904 981 974 1013 Sed
1001 982 1186 1014 intercedit
1212 981 1314 1014 etiam
1340 981 1402 1013 aii-

760 1029 839 1071 quid
866 1028 1072 1060 discriminis
1105 1029 1193 1060 inter
1219 1033 1403 1069 utrumque

761 1075 977 1108 vocabuinm.
1019 1074 1105 1107 Nam
1131 1074 1271 1116 εὕριιιθμ
1277 1086 1317 1104 ον
1341 1084 1403 1105 vo-

761 1127 858 1155 catur
890 1120 984 1163 quod
1018 1131 1250 1154 numerose
1282 1120 1405 1154 cadit

760 1167 1012 1210 opponiturque
1048 1170 1094 1210 τῷ
1147 1165 1155 1179 ’
1170 1169 1178 1179 ’
1191 1168 1199 1176 ’
1215 1165 1222 1175 ’

764 1214 866 1256 Reip.
895 1214 951 1247 ΙΙΙ.
978 1223 1010 1254 p.
1034 1200 1227 1248 40001).
1253 1191 1333 1248 413
1359 1212 1399 1245 Ε.

763 1260 837 1293 vn.
864 1271 896 1301 p.
922 1258 1002 1294 522.
1035 1262 1075 1294 A.
1109 1259 1219 1302 Legg.
1246 1259 1295 1292 11.
1322 1259 1401 1293 670.

764 1306 803 1339 B.
827 1307 906 1341 VH.
933 1305 1011 1341 795.
1038 1305 1078 1339 Ε.
1125 1305 1196 1339 Sed
1223 1305 1403 1348 ἔνρυθμον

762 1364 790 1385 s.
822 1351 1000 1394 ἔρῤνθμον
1032 1352 1202 1395 significat
1234 1351 1402 1385 numeri

763 1400 935 1440 iegibus
976 1397 1237 1432 adstrictum
1284 1398 1401 1431 ideo·

761 1456 842 1489 que
878 1446 1040 1478 numeri
1085 1449 1268 1478 naturae
1307 1455 1403 1477 con-

760 1501 942 1535 gruens,
975 1491 1141 1525 numeri
1170 1492 1403 1534 particeps

761 1543 895 1579 atque
915 1548 1075 1578 capax;
1095 1537 1188 1569 unde
1205 1548 1283 1570 cum
1305 1538 1402 1581 ἔναρ-

759 1583 884 1628 μόνιον
908 1584 1140 1627 coniungitur.
1177 1585 1276 1627 Apte
1295 1584 1404 1627 igitur

760 1640 884 1663 sensus
910 1632 1044 1674 numeri
1062 1635 1095 1663 et
1108 1630 1307 1663 harmoniae
1329 1631 1403 1663 ani-

761 1678 826 1710 mis
852 1678 980 1709 nostris
1013 1678 1236 1719 ingeneratus
1260 1682 1403 1709 vocatur

760 1723 954 1765 ἔνρυθμος,
991 1722 1022 1756 h.
1058 1734 1088 1759 e.
1121 1722 1312 1766 rhythmi
1345 1724 1401 1756 ΙΕ-

761 1770 886 1809 gibus
912 1770 1208 1812 conveniens,
1235 1771 1398 1811 quoniam

761 1816 804 1848 iis
844 1817 943 1858 plane
979 1815 1196 1858 respondere
1239 1816 1401 1857 adeoque

762 1871 882 1894 eorum
922 1863 1096 1904 particeps
1130 1872 1209 1894 esse
1245 1862 1402 1895 videtur:

761 1908 874 1940 minus
899 1909 1082 1940 commode
1098 1906 1274 1940 diceretur
1297 1908 1400 1951 εὔρυ-

761 1955 868 1996 θμος,
892 1952 926 1986 h.
946 1965 977 1986 e.
1001 1963 1255 1986 numerosus
1279 1965 1305 1986 s.
1328 1963 1400 1986 nu—

760 2009 936 2032 merose
968 1999 1136 2032 cadens.

760 2046 828 2077 vim
855 2047 890 2076 et
921 2045 1207 2088 significationem
1243 2046 1405 2079 vocabuli

759 2091 947 2132 ἔνρυθμος,
995 2091 1099 2124 docet
1153 2093 1256 2126 etiam
1306 2094 1404 2126 locus

763 2137 913 2176 Quinti
925 2139 931 2170 Ι
941 2139 953 2169 i
963 2148 980 2169 a
990 2148 1022 2170 u.
1032 2139 1202 2171 Institutt.
1217 2139 1278 2173 Or.
1292 2138 1357 2172 IX.
1367 2138 1402 2182 4,

763 2183 794 2224 ξ.
809 2183 865 2218 56.
891 2183 1030 2225 quue
1050 2184 1210 2218 Cicero
1235 2187 1402 2228 optime

762 2229 833 2262 vid
846 2231 891 2271 eit
907 2241 924 2262 a
939 2240 958 2262 c
982 2235 1175 2264 testatur
1199 2230 1402 2274 frequen-

764 2279 847 2314 ter,
884 2286 928 2309 se
971 2277 1084 2318 quod
1128 2288 1401 2311 numerosum

764 2323 827 2354 ait
851 2331 1086 2363 quaerere,
1113 2330 1158 2357 ut
1172 2335 1306 2368 maon
1321 2334 1401 2358 non

766 2365 1008 2411 ἄρῤιιθμον,
1044 2370 1155 2412 quod
1187 2376 1308 2404 esset
1340 2372 1401 2403 in-

763 2415 943 2448 scitum
985 2420 1130 2457 atque
1173 2422 1400 2460 agreste,

764 2470 886 2502 quam
913 2462 1274 2506 hottepe-»mund
1303 2474 1401 2506 poe-

762 2507 896 2539 ticum
922 2512 1010 2546 est,
1029 2511 1399 2552 compositionem

763 2563 866 2586 esse
891 2554 1024 2595 velit3
1048 2555 1109 2588 ubi
1132 2560 1280 2599 apparet
1305 2556 1401 2597 ἔνρυ-

763 2600 859 2639 θμον
883 2599 951 2632 dici
975 2601 1067 2642 quod
1097 2603 1328 2635 severioribus
1351 2603 1401 2634 le-

765 2645 866 2684 gibus
906 2646 1051 2689 rhythmi
1092 2648 1297 2682 adstrictum
1337 2653 1399 2682 est.

763 2690 966 2735 Respicitnr
999 2703 1083 2727 vero
1123 2705 1142 2728 a
1185 2695 1402 2730 Quintitiano

1430 426 1513 467 654

1195 2000 1295 2033 Hanc
1325 2008 1404 2033 esse
1426 2021 1431 2026 ·
