1612 2872
197 104 277 146 DE
310 100 591 146 LEGIBUS
624 100 744 144 LIB.
773 99 861 142 111.
896 100 944 142 Ρ.

978 101 1071 141 701.
1106 97 1170 141 St.
1311 100 1384 138 361

41 223 254 278 κὰθάπερ
299 221 514 279 ἀχάλινον
559 225 820 275 κεκτημένον
866 216 915 264 τὸ
969 216 1136 273 στόμα,
1182 217 1260 271 βίᾳ
1305 213 1390 258 ὑπο

41 293 120 334 τοῦ
157 290 293 344 λόγου
327 288 575 348 φερόμενον
610 286 724 331 κατὰ
763 285 845 340 τὴν
880 289 1126 343 παροιμίαν
1159 282 1250 326 ἀπὸ
1270 299 1393 333 τινος
1424 285 1467 326 D

40 357 150 402 ὄνου
186 365 345 406 πεσεῖν,
380 355 483 399 ἀλλ’
527 357 811 412 ἐπανερωτᾶν
847 351 896 398 τὸ
935 356 1017 397 νῦν
1052 351 1105 405 δὴ
1143 354 1314 407 λεχθέν,
1347 348 1394 393 τὸ

41 429 159 476 τίνος
194 424 247 478 δὴ
282 425 415 482 χάριν
448 429 572 467 ἕνεκα
607 426 751 466 ταῦτα
787 424 979 478 ἐλέχθη,-

43 593 298 634 permutatione
322 593 503 632 interpret.
530 595 697 623 nostram.

43 745 107 780 est,
120 744 160 771 ut
182 739 219 770 ἰῐι
244 739 362 771 multis
388 740 491 772 codd.
519 741 687 782 scriptum

43 791 139 818 extet
163 781 234 817 ἀπὸ
259 785 343 822 νοῦ,
367 790 473 827 atque
510 786 568 819 hic
600 797 686 828 quo-

45 842 112 874 que
135 834 173 864 in
199 832 408 874 quibusdam
432 833 532 865 libris
550 834 686 875 legatur

45 875 114 910 ἀπό
149 887 242 910 τινος
275 878 352 909 νοῦ.
401 880 451 910 At
484 880 576 912 enim
602 890 686 912 vero

45 935 122 958 eam
149 925 354 967 scripturam
377 924 444 956 hoc
468 925 545 958 loco
572 927 686 958 doctis

46 972 281 1014 grammaticis
330 975 507 1012 acceptam
549 973 687 1013 referri,

47 1019 106 1060 qui
122 1017 330 1058 sapientiam
345 1018 476 1049 scilicet
494 1029 590 1051 suam
606 1020 688 1052 data

46 1064 309 1106 opportunitate
334 1069 511 1096 ostentare
545 1066 689 1107 vellent,

46 1111 238 1143 certissime
287 1119 330 1141 ex
377 1120 419 1142 eo
467 1112 687 1153 intelligitur,

46 1156 143 1199 quod
194 1157 442 1198 interpositum
493 1168 688 1199 pronomen

44 1201 153 1242 τινός,
179 1203 275 1244 quod
299 1203 385 1234 lenit
409 1213 451 1235 ac
473 1205 613 1246 mitigat
636 1207 687 1238 rei

43 1250 268 1289 mentionem,
283 1259 422 1281 omnem
434 1251 549 1283 lusum
563 1253 689 1285 verbo-

44 1306 121 1328 rum
135 1296 253 1327 reddit
269 1295 446 1328 inficetum
468 1302 502 1328 et
518 1299 687 1340 ineptum.

90 1341 136 1374 D.
201 1339 246 1373 τὸ
301 1343 422 1373 rivos·
470 1341 520 1386 δὴ
567 1343 688 1388 χάριν

47 1387 174 1420 ἕνεκα
199 1399 224 1419 ι.
250 1386 321 1429 ἕλῃ]
352 1355 520 1421 Iteratur-n
531 1391 586 1424 his
610 1403 687 1426 ver-

46 1435 114 1475 bis,
138 1439 178 1465 ut
204 1434 356 1466 diximus
380 1440 500 1473 antea,
526 1441 687 1480 superior

46 1481 296 1522 interrogati0‚
321 1481 383 1512 sed
407 1483 599 1522 paullulum
624 1487 688 1518 im-

45 1532 190 1566 mutata,
201 1528 487 1568 quandoquidem
503 1539 595 1562 nune
609 1538 689 1574 post

45 1570 142 1616 χάριν
158 1574 261 1605 etiam
275 1572 373 1605 ἕνεκα
385 1574 546 1608 infertur.
582 1577 687 1612 Quod

45 1620 281 1661 grammaticis
306 1625 411 1661 atque
448 1622 579 1655 criticis
609 1635 687 1666 per-

49 1673 153 1708 quam
200 1666 384 1698 molestum
431 1668 569 1700 accidit.
641 1671 689 1702 Et

45 1711 296 1744 Boeckhius
329 1713 470 1753 quidem
511 1726 616 1756 quum
649 1718 687 1749 in

50 1768 91 1790 ea
117 1762 208 1789 esset
233 1760 419 1799 sententia,
435 1765 474 1791 ut
488 1761 574 1794 duas
588 1773 688 1804 prae-

46 1804 244 1846 positiones
280 1809 420 1844 putaret
465 1807 515 1838 ita
553 1813 689 1841 tantum

48 1850 218 1891 geminari
252 1860 376 1890 posse,
402 1852 431 1883 si
462 1853 573 1885 altera
596 1859 689 1886 esset

48 1896 208 1928 adverbii
237 1896 367 1936 instar,
392 1898 594 1931 alterutram
626 1911 688 1932 vo-

51 1952 124 1974 cem
149 1942 257 1973 deleri
280 1942 396 1975 iussit.
444 1943 486 1975 In
513 1955 580 1987 quo
607 1956 689 1978 eon-

51 1989 256 2020 sentientem
290 1988 395 2020 habet
424 1989 691 2024 Wunderum

51 2034 111 2066 ad·
121 2033 288 2076 Sophocl.
306 2034 455 2067 Philoct.
480 2047 513 2068 v.
538 2037 617 2072 546
635 2039 690 2071 ed.

51 2079 159 2113 Goth.
197 2080 236 2112 C.
275 2079 339 2113 Fr.
378 2082 690 2126 Hermannum,

51 2127 110 2169 qui
121 2124 218 2168 χάριν
230 2129 394 2160 cancellis
409 2129 563 2166 inclusit,
580 2131 639 2163 W
630 2142 640 2162 ι
651 2142 689 2163 ιι-

52 2173 364 2216 ckelmannum‚
403 2176 464 2216 qui
511 2177 548 2207 in
585 2177 690 2210 Zim-

52 2221 326 2252 mermanni
373 2222 506 2253 diario:
555 2222 640 2256 Zei
660 2228 690 2255 t-

53 2264 170 2297 schri
183 2265 216 2297 ft
275 2265 344 2298 fiir
398 2268 689 2302 Alterthums-

54 2312 606 2352 wissenschaft‚a.1842
655 2327 689 2358 Ρ

53 2356 131 2392 295.
170 2356 268 2388 ἕνεκα
304 2359 510 2393 eiiciendum
555 2364 687 2395 statuit.

54 2405 105 2435 At
136 2404 313 2436 enimvero
342 2405 423 2438 hnic
454 2409 595 2440 conatui
626 2409 688 2440 du-

54 2450 136 2481 dum
186 2450 324 2482 fortiter
365 2452 503 2485 obviam
542 2455 607 2486 ivit
644 2454 687 2486 G.

54 2495 345 2537 Hermannus,
371 2499 428 2540 qui
453 2499 490 2531 in
505 2498 688 2532 Commen-

54 2542 188 2574 tatione
212 2543 255 2573 de
274 2543 402 2584 Eliipsi
426 2551 460 2576 et
480 2545 689 2580 Pleonasmo

54 2587 101 2618 W
116 2587 214 2619 olfii
241 2593 275 2619 et
299 2589 548 2624 Buttmanni
564 2593 690 2625 Museo

57 2635 290 2675 Antiquitatis
321 2634 523 2669 Studiorum
559 2640 692 2672 inserta

56 2679 91 2721 p.
113 2679 194 2715 202.
221 2686 254 2712 et
284 2681 328 2713 ad
361 2682 504 2723 Sopho
518 2684 567 2716 cl.
601 2685 692 2717 Phil.

57 2724 134 2759 550.
188 2728 390 2761 certissimis
444 2730 693 2764 demonstravit

754 737 942 780 exemplis,
975 738 1078 770 etiam
1119 735 1219 768 binas
1250 742 1399 775 praepo-

754 786 913 824 sitiones,
930 794 1018 827 quae
1038 784 1082 815 ad
1098 790 1208 815 unum
1233 779 1401 811 eundem-

755 842 823 873 que
846 841 965 863 casum
997 830 1152 862 nominis
1187 827 1398 869 pertineant,

755 878 950 910 consociari
983 887 1101 918 posse.
1151 873 1282 907 Attulit
1306 872 1398 905 enim

755 925 852 957 haec.
892 924 1086 966 '.1⁸hucyd
1125 921 1214 955 Vlll·
1244 919 1310 954 92:
1343 918 1397 950 καὶ

758 967 776 1002 ὁ
808 969 868 1010 μὲν
903 968 1104 1012 Θηραμένης
1133 987 1178 992 --
1207 963 1298 998 ὅσον
1328 961 1398 997 α’πὸ

756 1017 848 1059 βοῆς
882 1016 982 1048 ἕνεκα
1012 1013 1172 1059 ωργιζετο
1205 1017 1278 1044 τοῖς·
1302 1008 1396 1044 ὁπλι-

757 1072 847 1101 taes,
883 1064 907 1095 i.
946 1074 976 1095 e.
1016 1068 1057 1095 et
1093 1061 1397 1093 Theramenes

757 1110 931 1152 quidem
955 1120 1040 1143 non
1066 1109 1184 1141 serio
1202 1111 1242 1139 et
1257 1106 1398 1144 facto,

756 1157 831 1189 sed
875 1161 1086 1198 quantum
1138 1163 1241 1186 voce
1284 1152 1397 1184 fieri

755 1207 992 1245 poterat,
1052 1199 1399 1243 reprehendebat

756 1250 911 1290 gravis
935 1251 1187 1281 armaturae
1211 1246 1397 1278 milites.

754 1295 953 1337 Xenoph.
978 1296 1113 1328 Histor.
1139 1292 1200 1326 Gr.
1217 1292 1258 1324 ll.
1275 1291 1309 1332 4,
1333 1291 1396 1325 21:

755 1342 985 1386 προςέβαλλεν
1044 1337 1132 1373 ὅσον
1190 1335 1258 1372 ἀπὸ
1306 1337 1399 1379 βοῆς

755 1387 878 1420 ἕνεκεν.
903 1389 946 1421 de
962 1398 1078 1430 quov.
1093 1384 1397 1429 Wyttenbach.

755 1436 801 1467 ad
817 1434 944 1467 Select.
971 1435 1089 1467 Princ
1114 1433 1250 1466 Hister.
1268 1442 1302 1473 p.
1315 1431 1397 1465 414

757 1481 966 1523 Sophocl.
1008 1480 1175 1513 Trachin.
1221 1489 1254 1512 V.
1289 1477 1399 1512 1160.

756 1526 846 1570 πρὸς
869 1529 937 1560 τῶν
961 1525 1137 1559 πνεόντων
1159 1523 1309 1567 μηδενὸς
1330 1524 1402 1556 &aa

756 1578 828 1607 νεῖν
853 1573 955 1608 ὕπο]
978 1575 1122 1615 Eurip.
1153 1572 1265 1614 lphig.
1292 1571 1402 1603 Taur.

755 1633 787 1653 v.
815 1621 924 1657 1138:
949 1619 999 1652 εἰς
1021 1616 1218 1661 Ἀθηναίων
1243 1617 1297 1649 ἐπὶ
1323 1617 1399 1660 γᾶν,

755 1667 926 1700 Similiter
964 1666 1192 1707 Aristoph.
1230 1664 1324 1696 Plnt.
1363 1675 1397 1695 v.

755 1714 857 1749 1002.
875 1711 1034 1755 καὶπρὸς
1053 1711 1108 1745 ἐπὶ
1132 1709 1270 1743 τούτοις
1293 1707 1399 1745 εἶπεν.

755 1771 965 1803 quamquam
1011 1760 1061 1791 ibi
1107 1756 1196 1801 πρός
1238 1758 1400 1790 adverbii

755 1808 867 1839 instar
891 1817 966 1839 esse
990 1810 1119 1847 potest,
1145 1810 1183 1836 ut
1210 1805 1257 1836 sit
1281 1814 1401 1846 prae-

757 1858 889 1884 terea.
947 1852 1098 1893 Sopho
1112 1852 1162 1883 cl.
1212 1851 1401 1883 Philoctet.

757 1910 789 1931 v.
826 1897 906 1932 554.
938 1898 992 1930 ed.
1032 1897 1204 1928 Brunck.:
1236 1893 1258 1927 ἃ
1292 1900 1401 1928 τοῖσιν

756 1941 960 1986 Ἀργείοισιν
1002 1939 1088 1982 ἀμφὶ
1132 1939 1282 1974 σοῦνεκα
1312 1942 1400 1984 βου-

758 1988 893 2030 λεύματ’
922 1988 1005 2021 sort:
1031 1988 1092 2021 ubi
1117 1989 1214 2031 quod
1238 1999 1402 2021 correxe-

757 2042 840 2069 runt
879 2033 965 2076 ἀμφὶ
997 2036 1064 2068 σοῦ
1101 2035 1177 2074 νέα,
1215 2035 1252 2067 id
1283 2036 1327 2068 ab
1363 2046 1402 2068 re

757 2086 835 2126 ipsa
882 2083 1061 2115 abhorret.
1133 2081 1203 2114 Sed
1254 2092 1402 2123 prorsus

759 2131 882 2162 eodem
895 2129 1000 2161 modo
1019 2129 1150 2161 Plato
1174 2129 1251 2170 ipse
1264 2129 1400 2162 Politic.

758 2187 792 2218 p.
825 2175 905 2210 302.
938 2175 988 2206 B:
1031 2171 1166 2207 ἅπανθ’
1203 2173 1301 2207 ἕνεκα
1337 2175 1403 2207 τοῦ

759 2220 922 2254 τοιούτου
962 2219 1086 2253 πάντες
1127 2219 1259 2264 δρῶμεν
1292 2219 1400 2264 χάριν.

756 2269 816 2300 ubi
839 2279 873 2300 v.
900 2278 981 2301 ann.
1008 2272 1174 2300 nostram.
1215 2267 1291 2300 Nec
1315 2279 1400 2301 vero

757 2315 976 2348 mirabuntur
987 2314 1081 2346 hunc
1096 2324 1197 2346 usum
1215 2315 1399 2358 loquendi,

756 2362 816 2403 qui
858 2361 1099 2402 meminerint,
1135 2370 1244 2402 quam'
1274 2362 1398 2394 crebro

756 2408 884 2445 Graeci
922 2408 1064 2439 omnino
1098 2417 1203 2440 voces
1241 2419 1395 2450 synony-

756 2465 830 2486 mas
848 2451 885 2485 ἐκ
899 2451 1115 2496 παραλλήλου
1130 2456 1399 2496 usurpaverint3

757 2501 800 2533 de
826 2510 897 2542 quo
923 2500 1089 2541 loquendi
1114 2509 1242 2542 genere
1257 2512 1291 2533 v.
1309 2511 1399 2543 quae

758 2552 995 2588 exposuerunt
1018 2547 1128 2588 intpp.
1144 2548 1188 2579 ad
1204 2548 1398 2590 Xenoph-

759 2593 886 2635 Cyrop.
921 2593 962 2624 V.
998 2591 1039 2633 4,
1073 2592 1129 2627 30.
1169 2594 1235 2626 ΠΙ,
1274 2594 1312 2634 1,
1344 2595 1399 2628 25».

759 2639 985 2671 Schaefer.
1018 2640 1062 2671 ad
1098 2639 1219 2671 Lamb.
1246 2640 1331 2671 Bos.
1358 2640 1401 2671 de

758 2686 881 2727 Ellips.
908 2696 941 2727 p.
963 2684 1044 2719 871.
1078 2686 1122 2717 ad
1156 2685 1306 2726 Gregor.
1333 2684 1402 2717 Co-

759 2732 861 2764 rinth.
895 2742 926 2772 p.
966 2731 1032 2764 189
1064 2742 1115 2771 sq.
1157 2733 1200 2763 ad
1234 2732 1403 2764 Brunckii
