1612 2872
228 87 310 128 300
714 88 1078 137 PLATONIS

226 200 283 250 ὡς
313 199 451 256 χρεών
486 203 550 254 εἴη
585 201 660 244 τὸν
706 203 891 254 ἀγαθὸν
939 208 1194 259 νομοθέτην
1242 207 1386 249 πάντα
1431 210 1558 250 πολέ··

225 284 310 322 μου
358 267 491 323 χάρινν
533 266 587 309 τὰ
640 267 801 322 νόμιμα
846 273 1046 318 τιθέναι,
1091 268 1140 315 τὸ
1177 272 1212 314 δ’
1263 271 1367 327 ἐμὸν
1398 275 1554 324 ἔλεγον,

228 334 297 377 ὅτι
344 335 474 374 τοῦτο
517 336 595 386 μὲν
638 333 748 388 πρὸς
792 339 898 389 μίαν
943 334 1107 391 ἀρετὴν
1150 337 1292 381 οὐσῶν
1337 339 1554 392 τεττάρων

228 396 391 442 κελεύοι
425 401 645 441 τίθεσθαι
679 399 783 450 τοὺς
828 401 1002 455 νόμους,
1033 405 1118 445 δέοι
1161 406 1205 446 δὲ
1241 404 1292 455 δὴ
1328 403 1436 458 πρὸς
1471 407 1554 447 πᾶ-

227 480 311 507 σαν
341 465 420 518 μὲν
453 466 641 517 βλέπειν,
685 466 874 520 μάλιστα
923 471 966 510 δὲ
1011 474 1079 525 καὶ
1127 468 1236 524 πρὸς
1266 470 1440 525 πρώτην
1474 470 1554 521 τὴν

228 532 305 581 τῆς
367 529 590 582 ξυμπάσης
639 529 830 584 ἡγεμόνα
891 533 1069 589 ἀρετῆς,
1134 535 1344 594 φρόνησις
1397 535 1428 578 δ’

230 598 363 638 τοῦτο
426 599 497 639 καὶ
554 596 658 647 νοῦς
705 602 776 641 καὶ
839 599 945 651 δόξα
1012 600 1096 653 μετ’
1158 602 1321 656 ἔρωτός

227 665 468 714 ἐπιθυμίας
514 662 688 714 τούτοις
729 669 949 720 ἑπομένης.
987 665 1077 718 ἥκει.
1117 665 1168 719 δὴ
1204 669 1334 710 πάλιν
1370 667 1391 710 ὁ
1426 666 1555 719 λόγος

226 732 285 778 εὶς
319 727 508 778 ταύτόν,
545 733 616 773 καὶ
661 729 684 774 ὁ
730 734 862 784 λέγων
905 731 983 784 ἐγώ
1022 736 1102 776 νῦν
1136 737 1239 787 λέγω
1276 733 1408 777 πι”λιν
1441 731 1552 787 ἅπερ

224 792 348 858 τότε,
396 799 430 837 εὶ
475 797 554 849 μὲν
587 795 817 850 βούλεσθε,
849 796 906 847 ὡς
942 802 1125 851 παίζων,
1159 804 1194 842 εἰ
1229 799 1285 850 δ’,
1321 798 1377 849 ὡς
1421 815 1555 842 σπου-

1492 537 1555 587 εἴη

1386 619 1429 645 τε
1485 606 1555 643 καὶ
1610 641 1612 643 ,

315 934 356 966 B.
406 933 496 975 ἥκει
521 934 567 976 δὴ
593 934 735 978 πάλιν]
774 937 809 967 V.
851 936 902 975 δέ
934 939 1027 979 quod
1057 942 1246 970 correctum
1271 949 1312 970 ex
1339 940 1381 969 A.
1412 936 1447 968 Ω.
1475 950 1506 970 v.
1529 939 1552 969 f.

225 981 258 1011 h.
284 991 313 1011 a.
340 991 367 1012 e.
395 978 423 1011 δ.
450 991 482 1011 x.
520 981 576 1012 Ad
601 982 724 1013 verba·
750 982 802 1012 καὶ
834 979 851 1013 ὁ
878 983 982 1024 λέγων
1007 981 1083 1024 ἐγω,
1100 985 1135 1015 in
1160 994 1267 1036 marg.
1293 985 1371 1015 Vat.
1394 982 1430 1014 Ω.
1457 984 1551 1015 Flor.

227 1036 256 1057 a.
285 1037 312 1057 e.
340 1031 512 1057 notatum·
538 1023 682 1067 ἀλλαχοῦ
707 1028 759 1058 καὶ
786 1024 805 1059 ὃ
832 1028 947 1069 ἔλεγον
971 1027 1053 1070 εγώ·
1082 1040 1145 1060 ουκ
1170 1024 1220 1060 εὖ.

315 1068 411 1102 si‘fi

424 1096 432 1109 ,
458 1068 514 1102 ὥς
541 1070 816 1115 σπουδάζων]
845 1074 880 1105 V.
897 1074 972 1105 εἴθ’
998 1071 1045 1105 ὥς
1070 1084 1124 1106 σπ.
1150 1073 1295 1107 correxi
1319 1076 1361 1106 de
1384 1074 1555 1106 Boeekhii

226 1118 406 1149 sententia.
453 1118 614 1150 Veterem
640 1128 793 1150 errorem
817 1121 928 1151 tenuit
951 1119 1150 1152 Schneider.

274 1238 317 1271 τὸ
345 1236 379 1270 δ’
404 1237 502 1278 ἐμὸν
524 1239 671 1281 ἔλεγον
688 1243 744 1280 —1
766 1240 854 1272 Lau·

221 1284 285 1316 dat
305 1286 386 1316 haec.
407 1285 622 1318 Stobaeus
637 1286 747 1317 Serm.
761 1285 856 1317 XLI.

226 1341 257 1371 p
282 1330 359 1364 265.
382 1341 425 1346 -
458 1330 530 1364 Vol.
560 1331 600 1363 ΙΙ.
634 1341 666 1372 p.
691 1330 768 1364 139
803 1329 856 1362 ed.

226 1376 339 1407 Gaisf.
376 1375 470 1416 lips.
504 1385 612 1416 usque
644 1376 685 1407 ad
723 1373 857 1407 τούτοις

225 1419 399 1461 ἑπομένης.
428 1439 471 1443 --
502 1418 546 1452 τὸ
578 1418 612 1452 δ’
644 1419 744 1475 ἐμόν
774 1421 855 1452 ἕλε-

227 1478 304 1507 γον
329 1463 391 1497 ὅτι
423 1467 553 1497 τοῦτο
586 1468 667 1498 κτλ.
704 1469 724 1498 i.
755 1477 783 1498 e.
819 1464 855 1497 τὸ

226 1508 254 1543 δ’
277 1509 359 1551 ἐμὸν
385 1511 618 1552 παρακέλευμα
648 1513 764 1554 ἔλεγον
789 1513 853 1543 κτλ.

225 1558 412 1599 Perperam
438 1558 524 1588 enim
554 1561 577 1589 Α
592 1559 701 1589 stius
720 1555 757 1588 τὸ
774 1555 859 1595 ἐμὸν

227 1612 290 1644 pro
322 1600 387 1644 ἐγώ
417 1606 535 1633 censet
573 1604 720 1643 positum
758 1612 856 1640 esse3

228 1657 314 1688 quae
345 1647 503 1687 loquendi
535 1647 621 1679 ratio
651 1648 734 1678 licet
764 1646 858 1677 Atti-

228 1694 279 1724 cis
323 1692 368 1723 sit
391 1692 628 1732 usitatissima,
663 1696 775 1723 tamen
815 1691 857 1723 ab

228 1738 291 1770 hoc
316 1737 392 1768 ior-o
416 1737 523 1768 aliena
551 1741 614 1768 est.

276 1783 314 1814 Β.
353 1779 531 1820 μάλιστα
569 1780 612 1812 δὲ
651 1782 716 1812 καὶ
757 1778 860 1821 πρὸς

229 1825 399 1870 πρώτην
423 1827 488 1868 —-]
526 1827 756 1859 stobaeus:
799 1823 859 1865 μά-

229 1875 320 1905 λιστα
352 1871 388 1903 δὲ
418 1872 471 1904 καὶ
502 1871 589 1913 πρὸς
621 1870 694 1912 τὴν
726 1869 861 1912 πρώτην

230 1920 283 1951 καὶ
321 1919 379 1958 τῖε
415 1917 590 1960 ξυμπάσης
625 1914 677 1959 ἠγ.
725 1913 859 1958 ἀρετῆς.

230 1966 401 1999 Praestat,
426 1963 559 2004 opinor,
587 1965 686 1995 lectio
711 1963 859 2003 vulgata,

229 2019 329 2052 quam
371 2008 510 2040 Stobaei
555 2009 661 2040 critici
700 2007 860 2039 videntur

229 2054 481 2097 perspicuitatis
513 2052 732 2089 adiuvandae*
754 2052 860 2093 gratia

230 2100 426 2132 mutavisse.
454 2098 580 2131 ibidem
607 2109 685 2132 mox
699 2098 861 2139 scriptum

229 2146 400 2187 reperitur
424 2143 613 2184 ἑπομένοις.

278 2189 497 2231 φρόνησις
544 2186 578 2221 δ’
625 2190 688 2230 εἴη
737 2189 863 2219 τοῦτο

233 2235 297 2267 καὶ
326 2237 428 2267 νοῦς
449 2235 515 2267 καὶ
539 2233 668 2276 δόξαΙ
705 2237 803 2270 Conf.
838 2233 862 2265 l·

230 2291 262 2323 p.
290 2280 366 2314 631.
399 2280 439 2312 C.
472 2291 543 2322 sqq.
592 2280 740 2315 Adverte
768 2289 863 2319 vero,

232 2330 368 2368 praeter
405 2326 606 2378 sapientiam
643 2330 677 2358 et
715 2332 862 2360 mentem

233 2371 412 2404 memorari
438 2371 539 2403 etiam
559 2363 687 2411 δόξαν,
719 2377 757 2404 ut
780 2370 863 2403 infra

235 2427 266 2458 p.
292 2416 369 2450 689.
394 2415 481 2449 A.B.
506 2419 540 2447 et
565 2417 654 2449 alibi.
677 2417 862 2449 Enimvero

191 2497 198 2501 ,
234 2461 336 2494 etiam
376 2465 493 2493 rectae
529 2462 676 2503 opinioni
713 2461 860 2505 phiioso-

235 2506 321 2550 pbus
347 2507 379 2538 in
403 2506 505 2538 rebus
533 2507 689 2538 humenis
713 2516 859 2548 cognos-

237 2551 350 2584 cendis
388 2551 644 2591 indicandisque
683 2553 859 2584 maximnm

238 2597 356 2629 statuit
378 2597 534 2638 pretinm.
567 2596 656 2628 conf.
688 2598 794 2638 Legg.
819 2596 859 2628 11.

239 2654 269 2685 p.
297 2641 364 2677 653
402 2642 443 2675 A.
476 2641 566 2675 Men.
599 2653 630 2683 p.
657 2642 711 2676 97.
742 2642 778 2674 Β.
802 2641 857 2676 98.

924 1240 962 1273 C.
997 1241 1079 1272 Phil.
1121 1252 1151 1283 p.
1183 1241 1237 1275 66.
1281 1243 1318 1272 Α.
1349 1251 1424 1282 sqq.
1468 1239 1554 1272 Tim.

923 1296 955 1327 p.
986 1287 1041 1321 37.
1079 1287 1114 1318 Β.
1163 1286 1462 1320 Quemadmodum
1495 1296 1557 1318 au-

923 1336 991 1364 tem
1035 1333 1069 1363 in
1107 1331 1249 1364 Philebo
1288 1341 1454 1363 summum
1496 1331 1555 1363 bo-

924 1387 999 1409 num
1027 1378 1115 1409 vitae
1152 1376 1315 1411 humanae
1341 1377 1470 1408 absolvi
1495 1386 1557 1408 vo-

924 1423 982 1454 luit
1018 1423 1212 1462 cognitione
1245 1426 1279 1454 et
1319 1421 1459 1454 scientia
1499 1421 1557 1454 ad-

923 1468 1043 1499 iunctis
1067 1467 1298 1508 voluptatibus
1327 1467 1387 1505 iis,
1411 1477 1494 1507 quas
1518 1467 1557 1498 ii-

924 1513 985 1544 lius
1011 1517 1127 1544 natura
1153 1513 1258 1544 ferret
1288 1515 1322 1543 et
1347 1512 1557 1551 admitteret,

925 1558 968 1589 ita
1001 1556 1063 1588 hoe.
1093 1558 1171 1588 loco
1197 1555 1365 1597 φρόνησιν
1394 1556 1557 1587 iudicavit

924 1603 1065 1643 primam
1092 1612 1168 1633 esse
1186 1603 1343 1633 virtutem
1363 1600 1555 1639 humanam,

924 1647 1183 1687 obtemperante
1222 1646 1252 1678 ei
1280 1645 1467 1699 cupiditate
1502 1649 1555 1678 at-

923 1701 988 1731 que
1012 1702 1148 1730 amore,
1182 1701 1208 1722 s.
1235 1691 1334 1722 animi
1359 1691 1487 1732 impetu
1512 1690 1554 1722 nd

924 1737 1014 1769 iliius
1038 1738 1134 1778 leges
1158 1740 1364 1791 temperato

971 1780 1067 1822 ἥκει
1073 1763 1138 1822 ξ,δὴ
1165 1779 1285 1812 πάλιν
1311 1777 1330 1812 ὁ
1355 1778 1555 1821 λόγος-]

927 1836 1115 1859 reversa
1138 1826 1285 1869 igitur
1313 1827 1460 1858 oratio
1492 1830 1556 1857 est

927 1873 1087 1904 eodem.
1126 1871 1184 1904 Sic
1208 1873 1298 1904 enim
1322 1869 1363 1913 δή
1387 1872 1556 1911 aecipien-

927 1919 1027 1957 dum,
1051 1918 1145 1958 quod
1173 1921 1195 1948 Α
1213 1928 1228 1949 s
1244 1918 1281 1948 ti
1297 1927 1366 1948 um
1391 1918 1557 1948 miramur

925 1973 988 2005 per
1013 1960 1076 2004 ἤδη
1101 1964 1290 1995 declarare.

969 2007 1009 2039 εἰ
1035 2005 1083 2047 δ’,
1112 2005 1164 2040 ὥς
1187 2004 1459 2047 σπουδάζων]
1486 2005 1556 2037 Ve-

925 2054 1062 2085 rissima
1117 2058 1169 2085 est
1223 2053 1309 2085 haee
1360 2051 1556 2083 emendatio

927 2098 1012 2130 Boe
1024 2099 1154 2130 ckhii.
1178 2099 1273 2130 Vett.
1291 2098 1387 2128 editt.
1404 2101 1437 2128 et
1455 2097 1555 2128 codd.

929 2141 1004 2174 εἴθ’
1025 2141 1082 2175 αἱς»
1096 2142 1216 2175 σπουδ.
1233 2143 1325 2184 quod
1350 2142 1479 2174 iniuria
1501 2151 1554 2173 re-

928 2188 1342 2221 tinuitSchneiderus.
1376 2187 1465 2219 Nam
1490 2187 1555 2219 etsi

929 2233 1072 2266 Graecis
1096 2238 1176 2276 post
1194 2233 1227 2265 εἰ
1237 2234 1384 2266 subinde
1408 2233 1557 2264 infertur

929 2280 1002 2318 εἴτε,
1016 2285 1054 2311 ut
1066 2280 1201 2313 Latinis
1226 2281 1316 2312 sive
1331 2283 1412 2320 post
1427 2278 1555 2309 nudum

930 2326 984 2366 si,
1022 2326 1064 2356 de
1109 2336 1177 2368 quo
1215 2335 1280 2357 usu
1319 2323 1483 2365 loquendi
1521 2333 1554 2354 v.

931 2371 1157 2403 Hermann.
1191 2372 1235 2402 ad
1259 2370 1379 2410 Viget.
1410 2379 1443 2410 p.
1476 2367 1553 2402 834.

930 2415 1118 2448 Bentlei.
1154 2416 1198 2448 ad
1222 2416 1363 2447 Terent.
1388 2414 1500 2446 Andr.
1525 2413 1555 2444 Ι.

929 2461 963 2502 3,
987 2460 1055 2502 11.,
1079 2466 1194 2493 tamen
1217 2461 1299 2493 inde
1322 2460 1482 2500 vulgatae
1504 2459 1554 2490 le-

930 2507 1034 2538 ctioni
1073 2507 1161 2538 nihil
1202 2506 1334 2539 accedit
1376 2504 1551 2546 praesidii.

930 2550 1072 2584 Talibus
1103 2553 1192 2584 enim
1221 2553 1259 2583 in
1290 2551 1376 2583 locis
1406 2550 1441 2581 si
1466 2552 1499 2581 et
1518 2548 1559 2593 *sl

929 2597 1053 2629 dicitur
1082 2599 1117 2629 in
1152 2598 1303 2629 membro
1339 2596 1455 2638 priore
1488 2603 1553 2634 pro

929 2643 1021 2675 sive
1046 2648 1079 2675 et
1103 2643 1175 2680 εἴτε,
1192 2643 1285 2684 quod
1307 2642 1343 2674 in
1367 2641 1456 2672 bunc
1479 2640 1553 2680 qui-
