1612 2872
156 73 237 116 DE
269 70 546 116 LEGIBUS
578 71 698 114 LIB.
731 69 811 114 IV.
845 70 893 112 Ρ.
927 70 1023 112 709.
1056 69 1161 117 710.
1184 68 1248 112 St.

1339 70 1422 110 403

60 194 137 245 τῆς
176 190 342 247 ἀρετῆς
385 194 555 248 μέρεσι,
592 196 667 234 καὶ
712 191 795 232 νῦν
840 190 892 250 τῇ
936 192 1267 249 τυραννουμένη
1304 191 1424 250 ψυχῆ-

59 260 192 302 τοῦτο
229 257 508 311 ξυνεπέσθιυ,
543 256 623 301 ἐὰν
656 259 789 317 μέλλη
826 273 914 299 των
949 253 1096 299 ἄλλων
1127 252 1421 311 ὑπαρχόιτων

57 324 219 385 ὄφελος
253 325 367 369 εἶναι’
400 341 452 368 τι.

155 393 259 438 KA.
330 390 650 451 Σωφροσύνην
683 407 762 446 μοι
797 394 916 434 δοκεῖ
941 389 1141 449 φράζειν,
1163 381 1195 430 ὦ
1218 391 1422 441 Msyu‘ih,

55 461 147 504 δεῖν
183 458 294 502 εἶναι
333 457 416 511 τὴν
450 459 750 514 ξυνεπομέιην
786 456 810 502 ὁ
843 457 975 510 ξένος.
1013 450 1039 510 ἦ
1077 458 1187 512 ςιέος

156 527 255 569 ΛΘ.
332 524 426 579 Τὴν
471 524 650 581 δηιιιόδη
703 544 716 579 2
720 542 775 574 s,

57 750 162 786 clia.
215 749 442 789 Quodnam
499 749 702 782 tandem?

55 796 149 831 Ath.
174 797 337 829 Hocce.
369 796 482 828 Date
508 796 611 827 mihi
637 799 704 827 ete.

101 840 326 883 τύραννος
350 838 506 874 δ’ἕσιω
528 841 702 880 νέος-1

18 911 29 920 .
55 889 109 921 De
142 888 229 931 Rep.
264 887 506 929 V1.p.487
544 890 589 919 Α.
602 911 611 927 ,
643 887 702 918 ubi

55 935 224 968 Socrates
271 935 462 976 imaginem
499 933 702 976 philosophi

55 982 239 1023 proposuit
272 981 316 1013 ad
356 981 534 1012 civitatem
577 981 702 1021 guber-

54 1028 206 1059 nandam
237 1028 376 1058 idonei:
415 1023 434 1057 ὃ
466 1023 514 1067 μή
544 1022 625 1057 ποτ’
659 1023 701 1057 ἄν

54 1082 102 1105 τις
128 1070 204 1105 οἶός
231 1084 262 1104 ιε
288 1072 422 1115 yssi-0110
445 1071 572 1104 mannis·
588 1071 699 1113 ἐπιιν-

53 1119 191 1156 δεῦσαι,
216 1118 250 1151 εἰ
270 1116 316 1160 μὴ
342 1116 447 1158 φύσει
471 1119 522 1160 εἴν
547 1117 699 1160 μνήμων,

54 1164 226 1207 ευμαθήε,
252 1163 524 1207 μεγαλοπρεπής,
552 1162 700 1206 ευχαρις,

55 1213 157 1253 φίλος
182 1222 216 1243 τε
240 1211 294 1242 καὶ
330 1208 501 1253 ξυγγενὴς
523 1208 700 1252 ἀληθείας,

52 1255 295 1298 δικαιοσύνης,
336 1253 517 1299 αἰ-δρειάε,
559 1267 699 1299 σωφρο-

15 1338 22 1341 *
53 1303 173 1346 σιὶνης.
190 1302 291 1335 -ἐν
315 1307 409 1336 τοῖς
431 1303 701 1344 ἔμπροσθεν,

0 1359 10 1388 ²2
52 1360 162 1394 supra
186 1351 266 1382 libr.
291 1350 359 1382 111.
385 1361 419 1392 p.
445 1348 525 1383 688.
551 1350 596 1382 A.
621 1360 699 1391 sqq.

51 1413 96 1423 —
121 1396 170 1439 τῇ
204 1395 539 1437 τυραννουμένῃ
572 1396 700 1437 ψυχῇ,

53 1444 75 1474 i.
111 1453 142 1475 e.
181 1442 378 1484 τυραννικῇ.
450 1441 699 1474 Cornarius

51 1490 205 1522 malebat
238 1489 277 1530 τῇ
309 1490 371 1520 τοῦ
397 1485 570 1530 τυράννου
596 1488 697 1529 ψιχῇ.

52 1535 130 1568 sine
157 1545 282 1568 caussa
305 1535 446 1566 idonea.

96 1581 138 1613 P.
163 1581 242 1616 710.
297 1578 380 1622 Τὴν
417 1576 592 1621 δημώδη
634 1589 699 1621 γε,

7 1644 26 1668 g
51 1620 79 1658 ὦ
105 1626 304 1664 Κλεινία,
329 1626 396 1667 -]
433 1626 544 1657 intell.
578 1623 698 1666 φράζω

0 1672 6 1681 “
50 1673 104 1705 vel
128 1672 226 1715 λέγω.
265 1673 476 1713 popularem
500 1676 697 1720 temperan-

0 1717 11 1757 ,’
49 1719 134 1751 tiam
160 1719 257 1761 quod
273 1719 442 1750 discernit
455 1717 499 1750 ab
514 1718 589 1758 illa,
607 1728 698 1760 quae

2 1770 19 1800 ἃ,
50 1765 171 1797 eadem
209 1766 255 1797 sit
292 1770 399 1806 atque
436 1764 626 1805 prudentia
663 1769 699 1796 et

50 1811 239 1852 sapientia,
257 1810 361 1842 Plato
378 1819 476 1842 suam
493 1810 603 1852 ipsius
619 1815 697 1842 sen-

50 1858 196 1889 tentiam
235 1857 278 1888 de
323 1856 492 1897 gradibus
529 1856 700 1888 virtutum

50 1903 251 1944 respexisse
275 1902 389 1934 videri
405 1901 519 1934 debet.
557 1902 698 1934 Etenim

53 1958 217 1990 magnum
249 1948 437 1980 discrimen
468 1949 593 1979 statuit
618 1947 698 1989 phi-

50 1994 222 2036 losophus
254 1994 346 2026 inter
382 1995 547 2026 virtutem
584 1993 699 2035 perfe-

50 2045 152 2080 ctam,
171 2050 260 2083 quae
286 2044 380 2072 esset
401 2039 699 2082 philosophorum

50 2087 216 2135 propria,
253 2090 360 2128 atque
402 2086 566 2118 virtutem
609 2095 698 2125 eam,

51 2142 153 2174 quam
185 2142 314 2165 vocare
349 2133 439 2165 solet
473 2129 610 2174 δημώδη
643 2132 697 2163 καὶ

51 2176 236 2219 πολιτικήν.
293 2178 396 2210 Illam
442 2178 535 2210 enim
573 2178 698 2210 tribuit

50 2224 107 2262 iis.
125 2225 185 2266 qui
204 2224 288 2256 boni
311 2224 522 2266 honestique
548 2225 697 2256 seientia

50 2269 223 2311 pollerent
253 2274 360 2312 atque
402 2274 565 2303 aeternas
605 2271 696 2302 veri-

50 2316 136 2348 tatis
163 2316 375 2358 virtutisque
401 2317 536 2357 speeies
567 2317 696 2348 animis

51 2361 125 2394 suis
150 2362 383 2402 intuerentur,
400 2367 440 2394 ut
462 2362 596 2394 iudicia
618 2372 695 2399 sua.

51 2407 219 2447 consilia,
258 2407 414 2440 actiones
458 2408 613 2450 denique
648 2409 694 2440 ad

51 2462 171 2484 earum
198 2462 356 2486 normam
379 2458 486 2495 atque
507 2455 623 2496 legem
638 2464 694 2486 re-

51 2507 136 2539 gere
188 2503 336 2540 possent
387 2504 423 2531 et
469 2509 692 2542 componere.

52 2542 166 2582 Quam
210 2544 350 2585 quidem
386 2546 551 2578 virtutem
588 2557 694 2587 quum

49 2589 134 2623 alibi
189 2590 391 2633 descripsit,
437 2595 512 2624 tum
567 2593 694 2624 eximie

50 2635 244 2668 illustravit
274 2635 456 2669 Phaedon.
492 2647 526 2679 p.
559 2636 616 2670 82.
652 2637 692 2669 C.

50 2690 127 2723 sqq.
163 2681 311 2713 Theaet.
347 2693 380 2723 p.
422 2681 501 2717 173.
535 2682 575 2714 C.
619 2694 694 2725 sqq.

817 544 848 566 ω
891 527 1096 574 Κλεινιᾋα
1134 543 1205 567 και
1248 524 1329 578 οὐχ
1365 522 1420 575 ἢν

775 748 832 780 Ab
866 748 932 781 hac
963 759 1046 781 vero
1086 749 1263 781 diversam
1304 748 1421 785 voluit

774 805 853 827 esse
876 796 1040 827 virtutem
1066 795 1205 827 civilem
1229 799 1337 837 atque
1353 804 1417 836 po-

771 841 942 883 pularem,
961 851 1050 883 quae
1069 842 1172 873 etiam
1195 842 1232 873 in
1256 851 1419 883 magnam

771 888 893 928 populi
920 888 1181 919 multitudinem
1202 889 1418 920 conveniret.

772 932 911 975 Quippe
947 935 1051 966 istam
1095 933 1237 975 quidem
1283 935 1420 966 censuit

770 980 941 1011 contineri
966 981 1188 1022 potissimum
1213 990 1323 1021 more,
1337 990 1420 1012 con-

772 1027 975 1067 suetudine,
1022 1026 1213 1067 disciplina
1254 1027 1419 1068 denique,

770 1072 920 1113 ideoque
951 1082 971 1104 a
1004 1073 1172 1104 scientiae
1213 1072 1318 1104 laude
1355 1073 1417 1104 ali-

770 1123 938 1160 quantum
978 1118 1114 1151 abesse.
1182 1116 1419 1156 Quamobrem

770 1164 956 1196 Phaedon.
972 1174 1005 1206 p.
1021 1164 1077 1199 69.
1094 1163 1136 1196 Β.
1163 1174 1240 1196 eam
1264 1165 1420 1206 appellat

770 1206 895 1252 ἀρετῆς
911 1212 1154 1252 σκιαγραφίαν,
1163 1211 1326 1252 adeoque
1343 1221 1418 1251 eos,

770 1258 828 1298 qui
860 1258 975 1298 ipsam
1007 1262 1261 1299 sequerentur,
1285 1256 1416 1288 ibidem

769 1313 803 1344 p.
829 1303 886 1337 68.
912 1302 954 1334 B.
979 1313 1055 1345 sqq.
1088 1303 1155 1334 τῶν
1189 1300 1334 1344 φαύλων
1358 1312 1418 1345 ge-

767 1359 852 1380 nere
885 1350 1163 1390 comprehendit.
1189 1349 1282 1381 conf.
1310 1350 1416 1381 etiam

770 1395 953 1427 Phaedon.
987 1406 1022 1437 p.
1054 1395 1111 1430 81.
1145 1396 1191 1427 D.
1226 1405 1260 1437 p.
1285 1394 1342 1429 82.
1369 1397 1416 1428 A.

768 1451 844 1483 sqq.
872 1446 906 1473 et
930 1441 987 1472 De
1017 1441 1106 1483 Rep.
1132 1442 1182 1473 X.
1205 1451 1240 1484 p.
1267 1441 1347 1475 619.
1370 1441 1416 1473 D.

767 1485 988 1529 Quamquam
1014 1489 1118 1520 etiam
1142 1497 1306 1529 magnam
1323 1487 1415 1520 eius-

767 1533 846 1565 dem
876 1535 946 1565 vim
971 1543 1047 1566 esse
1071 1534 1245 1566 iudicavit
1276 1534 1312 1565 in
1338 1534 1418 1576 ipsa

767 1578 949 1611 hominum
966 1581 1040 1622 vita
1057 1590 1164 1622 quum
1179 1581 1320 1622 privata
1342 1584 1416 1612 tum

766 1625 920 1666 publiea,
942 1630 980 1657 ut
998 1636 1059 1658 eos
1080 1627 1263 1667 praeclare
1287 1628 1415 1658 mereri

766 1672 1036 1713 existimaverit,
1051 1673 1110 1713 qui
1123 1672 1286 1704 civitates
1309 1672 1416 1705 bonis

765 1717 903 1758 legibus
931 1719 1150 1750 instruerent
1175 1723 1282 1760 atque
1299 1718 1413 1751 homi-

765 1773 828 1795 nes
854 1764 898 1795 ad
924 1764 1063 1797 laudem
1085 1765 1260 1797 bonorum
1277 1775 1415 1797 morum

768 1813 802 1841 et
826 1810 981 1841 civilium
1014 1810 1214 1843 officiorum
1248 1810 1414 1843 observa-

767 1857 900 1887 tionem
925 1856 1168 1896 perducerent.
1193 1868 1227 1888 v.
1247 1855 1413 1898 Sympos.

766 1911 800 1942 p.
816 1901 896 1935 209.
924 1902 969 1932 A.
988 1912 1064 1943 sqq.
1090 1901 1137 1933 D.
1154 1912 1233 1944 sqq.
1259 1907 1294 1933 et
1311 1901 1414 1944 Reip.

767 1947 831 1978 VI.
857 1958 891 1988 p.
917 1946 996 1980 500.
1023 1947 1069 1979 D.
1095 1947 1176 1980 VII.
1202 1958 1236 1990 p.
1258 1947 1339 1982 518.
1366 1948 1400 1980 D

766 1993 814 2024 Et
838 1993 874 2024 in
899 1992 1035 2034 Legum
1061 1994 1202 2035 quidem
1228 2004 1350 2036 opere,
1376 1995 1414 2026 in

766 2048 837 2080 quo
863 2048 947 2070 vera
971 2039 1136 2071 conditur
1157 2040 1283 2073 civitas
1297 2041 1413 2082 leges·

766 2095 833 2127 que
864 2085 1066 2117 scribuntur
1096 2086 1166 2128 ipsi
1203 2087 1299 2120 vitae
1322 2087 1414 2119 veri-

764 2131 829 2163 tati
854 2132 1154 2172 accommodatae,
1176 2131 1413 2175 philosophus

765 2178 808 2210 ad
834 2177 902 2209 hoc
934 2178 1157 2219 potissimum
1181 2179 1324 2212 virtutis
1348 2189 1410 2222 po-

763 2223 897 2264 pularis
930 2233 1041 2264 genus
1065 2225 1232 2266 respexit.
1279 2222 1409 2264 Quam-

762 2269 883 2301 obrem
914 2279 980 2301 nec
1011 2274 1200 2312 tyrannum
1241 2271 1304 2304 hic*
1331 2282 1410 2304 eum

762 2315 985 2354 informavit,
1013 2317 1073 2357 qui
1110 2321 1203 2349 esset
1231 2317 1409 2359 perfectus

762 2362 906 2403 sapiens
930 2365 1035 2403 atque
1058 2363 1208 2396 rationis
1231 2375 1298 2396 usu
1317 2365 1407 2396 adeo

761 2408 958 2448 excellens,
995 2411 1034 2440 ut
1074 2409 1224 2451 publicis
1269 2411 1409 2451 legibus

760 2463 832 2485 non
846 2464 934 2495 opus
946 2454 1137 2494 videretur,
1149 2456 1288 2497 qualem
1305 2457 1408 2488 finxit

761 2499 818 2531 De
848 2499 936 2542 Rep.
970 2499 1026 2533 lv.
1067 2511 1100 2543 p.
1141 2501 1220 2536 423.
1251 2502 1298 2535 D.
1331 2512 1407 2544 sqq.

762 2545 841 2577 coll.
874 2545 1014 2578 Politia.
1055 2558 1090 2589 p.
1129 2548 1208 2582 294.
1242 2549 1309 2588 A„
1345 2548 1406 2580 sed

762 2591 876 2623 voluit
914 2602 991 2624 esse
1033 2594 1160 2634 talem,
1200 2595 1258 2634 qui
1302 2603 1406 2635 quum

762 2637 855 2670 bona
900 2642 1047 2673 naturae
1100 2640 1221 2671 indole
1266 2639 1405 2680 praedi-

762 2687 817 2715 tus
845 2690 948 2723 esset,
977 2689 1052 2716 tum
1079 2686 1260 2725 vulgarem
1287 2685 1406 2716 saitem

1023 2741 1135 2782 26*

1455 253 1536 294 710
