1612 2872
266 124 468 168 CXXVI
693 120 1168 166 PROLEGOMENA
1190 131 1193 135 ⁴

269 249 360 275 rum
397 231 791 288 philosophantium
830 231 1012 272 semovit
1041 232 1084 272 in
1114 232 1291 284 eiusque
1321 231 1462 273 locum
1494 231 1592 273 sub-

268 289 408 330 stituit
446 302 520 328 eos
558 285 856 340 magistratus,
890 286 988 340 qui,
1020 287 1213 339 quamvis
1243 287 1329 328 sint
1358 286 1593 342 prudentes

269 352 399 397 atque
429 342 532 382 artis
562 341 700 382 civilis
730 341 878 396 gnari,
916 347 1059 382 tamen
1092 341 1427 396 philosophandi
1462 341 1593 383 subli-

269 400 416 440 mitate
453 396 654 451 perfectis
694 396 960 451 sapientibus
1006 398 1179 452 propria
1217 398 1388 439 omnino
1432 403 1592 440 carent.

269 455 337 494 De
368 466 452 506 qua
481 466 526 492 re
556 466 641 504 quo
671 451 828 492 certius
849 451 1029 493 iudicari
1051 453 1203 507 possit,
1231 459 1481 506 repetamus>
1505 466 1594 494 rem

269 508 412 563 paullo
443 506 584 558 altius,
615 512 744 560 atque
780 505 833 547 de
864 507 1033 549 virtutis
1062 508 1284 563 gradibus,
1317 522 1425 562 quos
1456 507 1594 562 philo-

269 562 433 616 sophus
465 561 629 614 statuit,
661 562 761 602 data
789 561 869 603 hac
899 563 1127 604 occasione
1156 563 1216 604 ita
1237 562 1515 615 disseramus,
1548 570 1597 604 ut

273 632 480 658 summam
531 631 676 658 eorum
723 618 977 668 referamus,
1030 633 1140 672 quae
1187 619 1231 659 in
1273 619 1595 674 Programmate

269 673 351 714 De
409 671 678 727 gradibus
731 672 999 715 virtutum
1057 687 1221 715 secun
1239 673 1353 714 dum
1406 674 1595 715 Plato-

270 743 403 780 nem,
434 727 603 769 nomine
633 726 816 769 Scholae
847 728 1094 770 Thomanae
1123 729 1240 770 edito
1271 729 1448 783 Lipsiae
1475 730 1594 771 1844.

270 788 309 826 4.
341 782 394 824 de
423 782 506 824 hoc
536 783 632 824 loco
664 784 954 838 exposuimus.
1438 811 1441 813 Δ

383 837 545 880 Statuit
589 838 721 894 igitur
764 838 887 880 Plato
938 839 1110 880 omnino
1157 839 1330 880 virtutis
1379 847 1597 893 tamquam

270 893 430 949 gradus
461 894 725 946 aliquantum
755 895 868 935 inter
896 909 941 936 se
971 894 1180 936 diversos.
1241 892 1384 946 Quod,
1402 895 1595 950 profecto

269 954 394 990 ne‘mo
423 949 665 1002 mirabitur,
707 950 779 1002 qui
808 949 1110 1005 philosophum
1139 950 1424 1005 reputaverit,
1463 963 1596 1004 quan-

270 1005 427 1046 tumvis
465 1019 628 1046 summa
657 1005 879 1058 sequenda
907 1006 1159 1057 statuisset,
1199 1016 1340 1046 tamen
1369 1006 1470 1046 item
1500 1020 1596 1060 per-

270 1066 466 1115 spectum
494 1059 708 1113 habuisse,
741 1061 913 1113 quantis
943 1075 1040 1102 cum
1061 1060 1386 1102 difficultatibus
1415 1061 1484 1102 vel
1510 1075 1597 1102 me-

269 1115 386 1157 lioris
424 1121 600 1157 naturae
634 1115 878 1157 hominibus
920 1122 1034 1158 esset
1063 1115 1419 1170 conflictandum,
1459 1116 1597 1158 sicubi

270 1171 427 1212 vellent
465 1170 577 1212 ultra
615 1171 836 1226 vulgarem
876 1179 1036 1214 sortem
1076 1178 1120 1212 et
1154 1171 1443 1213 conditionem
1483 1171 1597 1213 vitae

270 1226 482 1268 humanae
513 1241 744 1282 emergere.
1315 1254 1317 1256 -

383 1282 537 1335 Itaque
566 1281 771 1324 discrevit
797 1282 982 1336 primum
1011 1282 1212 1324 virtutem
1246 1281 1598 1338 philosophorum

270 1338 512 1392 propriam,
554 1352 663 1392 quae
694 1344 808 1379 esset
836 1338 1173 1392 perfectissima,
1218 1353 1242 1378 a
1274 1339 1431 1379 virtute
1459 1353 1596 1393 popu-

269 1393 347 1434 lari
378 1400 422 1434 et
448 1393 590 1446 civili,
630 1394 752 1434 cuius
782 1393 908 1434 etiam
938 1409 1092 1448 magna
1120 1392 1349 1435 multitudo
1410 1393 1596 1447 articeps

269 1448 363 1489 fieri
402 1454 580 1503 posset,
622 1455 753 1502 atque
789 1449 903 1490 inter
941 1455 1164 1504 utramque
1203 1455 1369 1490 tantum
1403 1463 1469 1489 em
1507 1449 1597 1490 fere

270 1503 527 1546 discriminis
555 1504 692 1546 voluit
721 1503 1000 1556 intercedere,
1031 1511 1238 1559 quantum
1277 1505 1501 1546 interesset
1528 1504 1596 1547 in-

270 1565 337 1601 ter
358 1557 611 1613 ὲπιστῆμην,
642 1575 768 1614 quam
789 1559 912 1613 dixit,
943 1559 1027 1602 hoc
1047 1568 1126 1614 est,
1156 1565 1386 1601 aeterna
1402 1575 1424 1601 e
1452 1560 1597 1601 veri-

269 1616 409 1656 tatis
471 1616 867 1671 cognitionem,
929 1622 1058 1669 atque
1108 1613 1258 1670 ὀρθὴν
1305 1614 1465 1668 δόξαν,
1506 1615 1596 1657 sive

310 1670 620 1712 robabilem
650 1671 920 1712 rationem
951 1677 1003 1711 et
1031 1677 1233 1712 rectam
1265 1671 1595 1726 opinionem.

269 1686 391 1766 {llam
422 1725 533 1767 enim
563 1726 731 1768 censuit
758 1726 855 1767 unis
887 1726 976 1767 fere
1005 1726 1135 1768 tribui
1164 1741 1290 1781 posse
1319 1726 1387 1779 iis,
1419 1726 1463 1767 in
1490 1741 1596 1780 quo-

269 1796 363 1823 rum
393 1781 545 1823 animis
575 1781 742 1837 vigeret
769 1781 998 1836 perfectior
1030 1782 1239 1835 quaedam
1269 1781 1371 1823 boni
1399 1781 1594 1835 scientia,

270 1837 429 1891 quique
473 1842 658 1878 mentem
696 1851 817 1879 suam
856 1837 979 1890 quasi
1010 1836 1193 1878 defixam
1223 1837 1431 1878 haberent
1457 1837 1502 1891 in
1529 1852 1596 1878 re-

268 1907 362 1934 rum
404 1891 644 1934 divinarum
674 1892 1060 1947 contemplatione,
1100 1899 1150 1934 ut
1178 1893 1378 1934 amissam
1407 1906 1483 1948 per
1510 1898 1595 1934 ter-

269 1948 360 1989 reni
400 1947 596 2002 corporis
625 1962 723 1989 cum
753 1948 893 1990 animo
922 1948 1264 1990 coniunctionem
1296 1954 1493 1990 aeternae
1522 1962 1595 1989 ve-

269 2003 408 2044 ritatis
455 2002 782 2058 intelligentiam
837 2003 1182 2059 redintegrarent
1228 2009 1271 2044 et
1328 2002 1595 2044 recordando

268 2060 557 2101 instaurarent
586 2058 774 2112 indeque
809 2058 958 2100 tuendi
996 2059 1156 2110 interni
1193 2058 1321 2100 animi
1359 2065 1594 2100 concentus

270 2114 322 2155 ad
376 2114 578 2156 virtutem
634 2114 865 2156 necessarii
920 2113 1178 2170 praesidium
1233 2113 1594 2155 nanciscerentur.

268 2170 498 2211 Enimvero
549 2169 906 2224 quemadmodum
956 2171 1127 2225 sapiens
1177 2168 1450 2211 Christianus
1509 2183 1595 2223 quo

269 2231 428 2266 certam
458 2225 642 2280 aliquam
673 2232 1028 2280 constantemque
1063 2225 1177 2266 vitae
1218 2224 1505 2267 moderandae
1534 2225 1595 2266 le-

268 2294 366 2336 gem
395 2294 446 2321 ac
473 2296 664 2322 normam
703 2281 860 2323 habeat
888 2280 960 2336 pie
987 2280 1033 2323 in
1064 2280 1203 2322 Deum
1232 2281 1426 2322 intuetur
1455 2294 1594 2334 eoque

269 2335 397 2377 modo
438 2336 624 2377 animum
662 2351 787 2378 suum
829 2351 966 2391 usque
1005 2335 1174 2390 recenti,
1206 2335 1392 2390 quodam
1419 2336 1595 2377 virtutis

267 2390 528 2433 nutrimento
556 2391 708 2434 imbuit
737 2399 866 2446 atque
894 2391 1055 2444 reficit,
1090 2391 1152 2433 ita
1183 2391 1418 2433 secundum
1447 2391 1595 2433 Plato-

268 2462 366 2488 nem
403 2446 466 2499 is,
509 2446 583 2499 qui
622 2462 749 2501 quam
788 2447 1125 2502 perfectissimae
1174 2453 1304 2500 atque
1349 2446 1594 2489 verissimae

268 2502 440 2544 virtutis
478 2501 696 2557 particeps
731 2504 900 2545 futurus
939 2503 1021 2557 sit,
1074 2502 1117 2543 in
1162 2508 1360 2544 aeternae
1399 2502 1593 2543 veritatis

267 2557 628 2613 contemplatione
656 2572 795 2612 usque
825 2558 956 2601 debet
981 2557 1143 2600 versari
1173 2563 1301 2611 atque
1328 2557 1428 2599 inde
1466 2556 1612 2599 animis

269 2613 348 2655 sui'
373 2611 596 2656 excolendi
635 2618 680 2655 et
708 2613 835 2665 boni,
876 2613 966 2656 veri
1002 2619 1132 2667 atque
1174 2613 1310 2669 pulcri
1349 2626 1490 2655 amore
1529 2616 1612 2666 req*

1610 2672 1612 2690 Ι
