1612 2872
238 94 317 135 342
709 92 1079 136 PLATONIS

240 210 341 259 ἐνῆν
374 224 438 258 τις
472 204 626 257 αἰδώς,
662 206 716 249 δι’
755 205 810 258 ἢν
845 207 1121 257 δουλεύοντες
1161 217 1248 258 τοῖς
1286 208 1382 252 τότε
1421 207 1568 264 νόμοις

243 275 318 325 ζῆν
352 272 584 325 ἠθέλομεν.
620 273 693 314 καὶ
728 269 838 327 πρὸς
869 271 1040 322 τούτοις
1087 272 1138 324 δὴ
1183 271 1232 316 τὸ
1268 277 1455 329 μέγεθος
1491 276 1568 316 τοῦ

241 337 400 381 στόλου
435 337 548 379 κατά
584 353 629 380 τε
665 339 747 391 γῆν
781 340 852 380 καὶ
900 338 1011 381 κατὰ
1051 338 1288 381 θάλατταν
1323 339 1569 394 γενόμενον,

195 409 202 424 “
243 405 390 461 φόβον
423 400 599 458 ἄπορον
635 402 850 458 ἐμβαλόν,
887 406 1087 446 δουλείαν
1122 409 1181 446 ἔτι
1215 407 1390 459 μείζονα
1425 408 1570 455 ἐποίη-

244 484 317 510 σεν
352 467 468 522 ἡμᾶς
504 476 594 517 τοῖς
626 484 671 511 τε
706 469 889 524 ἄρχουσι
923 471 995 524 agai
1016 477 1123 519 ,τοῖς
1151 467 1300 525 νόμοις
1328 473 1569 512 δουλεῦσαι.

244 536 314 576 καὶ
351 532 422 576 διὰ
462 533 610 576 πάντα
645 532 783 576 ταῦθ’
834 533 936 589 ἡμῖν
970 535 1165 586 §virtutos
1200 535 1310 589 πρὸς
1346 533 1456 589 ἡμᾶς
1492 537 1570 577 αὑ-

239 602 344 649 τοὺς
378 597 551 656 σφόδρα
584 602 722 656 φιλία,
770 599 921 655 σχεδὸν
967 599 1051 656 γὰρ
1087 603 1185 642 δέκα
1219 604 1327 644 ἔτεσι
1377 600 1459 655 πρὸ
1498 602 1573 651 τῆς

333 726 373 759 Β.
400 723 539 767 φόβον
564 726 756 771 ἄπορον]
784 730 824 760 V.
853 727 1001 770 ἄπειρον,
1025 728 1118 770 quod
1141 739 1255 762 rursus
1275 731 1370 762 solus
1397 731 1468 763 fere
1485 732 1568 763 Ven.

246 773 283 805 Ξ
309 775 436 811 tuctur,
462 774 566 804 ceteri
593 775 757 815 ignorant.

335 816 374 847 C.
401 820 491 848 τοῖς
516 828 556 849 τε
578 818 773 860 ἄρχουσι]
800 819 857 851 Sic
878 821 920 851 A.
948 823 982 851 et
1006 827 1094 850 corr.
1117 815 1154 849 Ω.
1182 827 1259 850 cum
1282 818 1382 851 codd.
1402 818 1431 851 h.
1451 829 1476 851 r.
1495 819 1570 852 α.δ.

244 861 376 902 Vulgo:
402 865 473 893 tols·
494 862 572 894 τότε
601 862 672 905 ἅρχ.
722 866 803 896 Dein
829 866 873 896 A.
910 869 944 895 et
975 872 1079 902 marg.
1111 860 1149 893 Ω.
1187 872 1263 894 cum
1291 863 1379 896 Flor.
1407 874 1437 896 c.
1463 875 1495 896 ο.
1520 865 1572 895 καὶ

244 904 298 938 διὰ
313 905 378 938 πάι
382 918 418 938 ια
433 906 532 939 ταῦθ’
545 905 629 949 ἡμῖν,
641 909 731 951 quod
745 907 900 942 dedimus
916 919 977 951 pro
991 907 1080 947 vulg.
1100 907 1153 938 καὶ
1169 905 1223 938 διὰ
1237 909 1342 940 ταῦτα
1361 906 1466 940 πάνθ’
1485 907 1571 948 υμῖν

243 1015 311 1052 108
344 1026 416 1058 seq.
456 1016 703 1054 Schb‘mann.
738 1019 871 1060 Antiqq.

244 1061 325 1095 iur.
337 1062 432 1095 Publ.
454 1064 580 1117 Graec.
608 1075 640 1106 p.
668 1065 746 1100 174
795 1064 874 1096 ΗΜ

243 1111 401 1149 spectant
426 1107 464 1139 τὰ
485 1107 654 1151 τιμήματα,
678 1121 764 1167 quae
779 1119 873 1143 com-

243 1158 488 1186 memorantur.
542 1155 627 1188 Nam
660 1158 783 1198 τίμημα
822 1158 875 1188 est

244 1207 409 1232 census.
461 1197 513 1236 Ex
556 1199 748 1234 divitiarum
793 1209 875 1233 vero

241 1243 463 1286 possessione
494 1244 604 1277 Solon
638 1248 740 1279 etiam
770 1246 875 1279 hono·

243 1298 300 1321 res
336 1289 488 1330 publicos
519 1290 778 1331 quodammodo
815 1301 871 1322 su-

243 1343 388 1375 spensos
417 1344 494 1366 esse
522 1336 689 1368 voluerat.
737 1337 872 1369 Etenim

243 1380 390 1413 honores
425 1383 460 1411 et
496 1380 715 1422 magistratus
755 1392 874 1415 omnes

244 1435 287 1457 ex
326 1423 456 1465 legibus
487 1425 558 1457 eius
595 1435 613 1457 a
648 1427 757 1459 tribus
800 1432 873 1459 tan-

242 1476 313 1502 turn
345 1469 577 1510 superioribus
606 1471 772 1504 classibus
802 1473 875 1514 capi

247 1518 419 1557 poterant,
442 1520 587 1557 excepta
605 1516 802 1550 archontum
820 1518 870 1550 di·

243 1561 394 1602 gnitate,
425 1560 608 1602 paucisque
643 1562 717 1594 aliis
753 1573 871 1595 mune-

243 1605 337 1637 ribus
365 1604 521 1645 publicis,
546 1616 636 1646 quae
649 1616 750 1646 quum
772 1607 873 1641 fidem

239 1649 453 1692 postularent
477 1651 759 1691 locupletiorem,
791 1662 873 1694 pen-

240 1693 559 1727 tacosiomedimnis
586 1696 874 1736 relinquebantur.

241 1750 272 1773 v.
297 1742 433 1781 praeter
457 1749 531 1779 eos,
555 1749 643 1780 qnos
668 1746 767 1773 antea
801 1743 873 1774 lau-

242 1784 409 1825 davimus,
429 1783 622 1817 Perizon.
631 1785 673 1816 ad
692 1787 763 1818 Ael.
777 1787 871 1819 Varr.

247 1830 393 1862 Histoi-r.
422 1828 516 1861 Vlll.
552 1829 606 1863 10.
654 1830 706 1863 De
728 1830 874 1864 dictione

244 1875 333 1908 conf.
372 1873 474 1913 Reip.
514 1874 604 1906 Vlll.
646 1886 678 1917 p.
714 1875 792 1910 553.
834 1880 871 1908 A.

245 1918 330 1961 αὕτη
362 1915 381 1962 ἦ
412 1919 569 1957 πολιτεία,
602 1916 644 1961 ἢν
684 1917 874 1963 ὀλιγαρχίαν

246 1965 402 2001 καλοῦσι,
440 1962 477 1994 ἐκ
516 1962 703 2006 τιμημάτων
750 1966 875 2007 ἔχουσα

246 2020 328 2043 τους
354 2007 526 2050 αρχονταε.

290 2052 487 2088 δεσπότις
544 2053 642 2095 ἐνῆν
704 2064 765 2087 τις
816 2043 872 2087 ἀί-

245 2101 325 2134 διός
348 2100 414 2142 -Ῑ
442 2099 690 2132 Verecundiam
718 2100 766 2133 ait
788 2100 875 2133 inter

243 2146 527 2181 Atlienienienses
568 2145 615 2176 ita
661 2146 874 2188 regnavisse,

243 2198 280 2225 nt
308 2201 428 2225 omnes
452 2192 541 2222 ultro
571 2194 674 2231 atque
688 2195 811 2232 sponte
826 2192 876 2223 le-

242 2239 344 2278 gibus
370 2235 514 2278 publicis
541 2234 688 2269 debitam
714 2236 875 2268 obedien-

245 2285 327 2315 tiam
360 2284 590 2324 praestarent,
627 2286 730 2322 atque
763 2282 895 2323 legum*

243 2328 332 2361 servi
359 2337 436 2359 esse
461 2327 606 2363 vellent,
635 2337 706 2368 quo
733 2327 798 2368 ipsi
830 2327 868 2358 li-

243 2373 314 2406 !›eri
355 2375 610 2413 permanerent,
656 2375 693 2404 ut
727 2372 876 2412 loquitur

242 2419 316 2452 scre
346 2417 501 2449 Cicero
532 2417 591 2449 Or.
623 2426 685 2458 pro
715 2416 874 2448 Cluentio

242 2475 268 2496 c.
296 2462 351 2497 53.
379 2461 513 2494 Etenim
540 2461 742 2494 verecundia
761 2465 795 2493 et
813 2471 875 2503 pu-

244 2509 308 2542 dor
339 2517 401 2539 nna
437 2516 511 2538 cum
546 2506 673 2539 iustitia
703 2511 738 2539 et
763 2507 874 2548 legum

241 2553 457 2587 observantia
482 2551 673 2585 certissima
704 2555 781 2584 sunt
812 2561 874 2592 pu-

243 2601 350 2632 blicae
381 2598 497 2629 salutis
523 2595 752 2629 fundamenta.
792 2596 877 2628 Hinc

242 2642 448 2677 Graeciitam
468 2651 571 2681 saepe
597 2641 874 2685 coninngnntiac’-

243 2688 292 2721 δῶ
319 2701 348 2720 γε
374 2688 425 2720 καὶ
452 2685 555 2726 δίκην.
583 2685 624 2717 dc
650 2697 717 2726 quo
749 2698 777 2718 v.
799 2697 872 2718 ann.

940 1018 982 1050 ad
1018 1018 1199 1061 Protagor.
1235 1030 1268 1061 p.
1306 1018 1384 1053 322.
1419 1018 1514 1050 Β.-
1535 1019 1573 1050 Ι).

940 1063 1102 1097 Nimirum
1152 1069 1308 1097 custos
1367 1064 1572 1096 virtutum

942 1109 1145 1149 omnium,
1185 1109 1371 1142 dedecus
1402 1108 1574 1150 fugiens

942 1154 1195 1195 laudemque
1223 1154 1402 1187 maxime
1426 1163 1573 1186 conse-

942 1208 1099 1240 quens,
1125 1199 1392 1232 verecundia
1418 1202 1505 1240 est,
1537 1203 1575 1230 ut

943 1244 991 1276 ait
1026 1244 1176 1276 Cicero
1216 1245 1351 1285 Bartitt.
1390 1243 1500 1276 Oratt.
1543 1253 1572 1275 c.

940 1288 994 1324 23.
1029 1289 1140 1322 Quam
1172 1289 1307 1330 quidem
1342 1289 1443 1321 etiam
1477 1288 1575 1320 Plato

940 1334 1101 1366 iudicavit
1124 1334 1168 1366 ad
1188 1334 1347 1366 tuendam
1370 1342 1572 1365 conservan-

941 1379 1089 1420 damque
1114 1379 1321 1421 reipublicae
1336 1379 1478 1411 salutem
1500 1379 1573 1418 plu-

941 1425 1062 1456 rimum
1088 1425 1212 1456 valere.
1238 1423 1327 1467 conf.
1355 1423 1463 1464 Legg.
1488 1423 1518 1457 I.
1541 1434 1572 1463 p.

945 1469 1022 1503 617.
1063 1470 1102 1500 A.
1137 1480 1213 1511 sqq.
1250 1469 1315 1500 IV.
1354 1478 1387 1510 p.
1421 1468 1496 1502 729.
1533 1468 1573 1500 Β.

947 1515 996 1547 De
1006 1514 1095 1554 Rep.
1108 1513 1144 1546 V.
1158 1513 1277 1556 p.465.
1298 1514 1342 1545 A.
1356 1514 1393 1545 B.
1413 1514 1572 1555 Sympos.

945 1570 976 1601 p.
1013 1558 1090 1592 178.
1123 1559 1167 1590 D.
1201 1560 1244 1591 al.
1293 1558 1379 1590 Cum
1406 1569 1446 1591 ea
1477 1567 1574 1590 vere·

944 1604 1065 1636 cundia
1094 1608 1207 1635 autem
1243 1604 1392 1644 scriptor
1421 1604 1470 1634 ait
1496 1607 1574 1634 tunc

943 1650 1044 1680 etiam
1064 1645 1181 1688 φόβον
1197 1648 1302 1679 fuisse
1325 1648 1571 1686 consociatum,

943 1693 972 1725 h.
999 1703 1027 1726 e.
1053 1698 1178 1724 metum
1195 1692 1352 1732 hostium,
1380 1692 1435 1732 qui
1461 1693 1571 1732 legum

942 1738 1165 1770 reverentiam
1210 1738 1417 1769 immensum
1466 1746 1571 1778 qnan-

941 1786 1011 1814 tum
1051 1784 1194 1814 auxerit.
1253 1781 1356 1815 Quod
1396 1782 1574 1822 eleganter

942 1828 1098 1869 profecto
1128 1828 1174 1859 ita
1207 1826 1386 1868 exposuit,
1418 1836 1573 1868 praeser-

941 1874 1000 1905 tim
1032 1882 1133 1914 qunm
1167 1872 1291 1904 Graeci
1330 1871 1493 1912 pudorem
1538 1875 1574 1903 et

941 1922 1066 1950 metum
1093 1927 1158 1949 non
1185 1927 1262 1949 raro
1288 1916 1502 1948 coniunxisse
1518 1925 1571 1949 re-

942 1963 1123 2005 periantur.
1139 1962 1197 1993 Sic
1212 1963 1275 1993 iam
1294 1961 1571 1995 Homeruslliad.

941 2008 1015 2040 XV.
1048 2007 1130 2042 657:
1172 2008 1240 2048 ἴσχε
1277 2004 1342 2048 γὰρ
1384 2004 1486 2037 αἰδὼς
1519 2006 1571 2037 καὶ

942 2051 1030 2085 δέος.
1067 2052 1365 2085 Celebratissimus
1389 2052 1471 2083 item
1509 2050 1572 2082 fuit

941 2098 1128 2130 versiculus
1153 2096 1276 2129 veteris
1298 2095 1472 2128 cuiusdam
1489 2099 1572 2136 poe·-

939 2147 1013 2175 tae:
1041 2143 1094 2174 ἴια
1120 2140 1184 2184 yde
1209 2140 1303 2179 δέος,
1330 2140 1417 2172 ἔνθα
1443 2142 1495 2172 καὶ
1519 2140 1569 2172 αἰ-

942 2187 1019 2224 δαίς
1043 2188 1086 2220 de
1110 2197 1180 2227 quo
1205 2187 1338 2227 integro
1364 2186 1509 2218 diximus
1530 2185 1570 2217 sd

941 2231 1217 2275 Eutliypliron.p
1222 2231 1313 2264 .12.
1341 2233 1384 2263 A.
1411 2229 1571 2272 Sopho
1594 2248 1596 2250 -

942 2280 1032 2310 cles
1069 2278 1160 2309 Aiac.
1195 2287 1225 2308 v.
1259 2276 1358 2311 1087.
1397 2275 1475 2307 δέος
1507 2274 1570 2317 γὰρ

941 2317 968 2365 ᾦ
1000 2321 1180 2363 πρόσεστιί
1213 2320 1352 2362 αἰσχύνη
1392 2317 1436 2352 θ’
1471 2317 1569 2360 ὁμοῦ,

943 2369 1107 2409 σωτηρίαν
1132 2368 1249 2408 ἔχοντα
1274 2364 1369 2398 τόνδ’
1396 2365 1568 2397 ἐπίστασο.

945 2414 1116 2446 Platon.
1159 2413 1300 2445 Pliaedr.
1339 2423 1369 2453 p.
1411 2410 1489 2445 254.
1529 2411 1567 2443 Ε.

944 2459 994 2491 De
1016 2458 1104 2499 Rep.
1131 2459 1174 2489 V.
1202 2468 1234 2499 p.
1260 2456 1338 2491 465.
1367 2461 1406 2489 A.
1425 2457 1510 2489 Vlll
1536 2467 1566 2498 p.

987 2529 1136 2589 φ’·όβον
1160 2545 1323 2588 ἄπορον
1348 2543 1567 2586 ἐμβαλωι]

946 2594 1055 2635 Vulgo
1089 2592 1301 2624 scribebatur
1332 2589 1489 2631 ἄπειρον,
1519 2589 1567 2620 in

941 2640 1018 2671 vitis
1052 2637 1152 2670 codd.
1197 2635 1411 2677 melioribus,
1447 2634 1569 2674 quibus

939 2684 1116 2727 suppetias
1153 2682 1217 2715 fert
1250 2663 1423 2714 Aristid
1469 2679 1565 2711 Orat
