1612 2872
259 95 342 138 DE
375 72 648 137 mamus
678 92 797 134 121ss.
829 91 890 133 11.
929 91 976 135 P.
1010 92 1106 133 (553.
1140 89 1203 132 St.

1339 91 1415 130 149

65 214 429 272 προςαγυρεύων,
476 210 588 256 κατά
627 227 673 266 γε
707 207 791 263 τὴν
825 209 954 266 ἐμήν,
998 207 1154 264 ὀρθῶς
1189 204 1246 249 ἂν
1283 223 1415 262 προς·

64 283 304 340 αγορεύοις.

168 351 270 393 ΚΛ.

631 337 650 355 7

340 349 433 390 Καὶ
467 345 577 402 γάρ,
621 362 652 386 ω
691 343 803 397 ξένε,
853 343 957 400 ἡμῖν
993 345 1067 386 καὶ
1102 339 1158 385 τὰ
1196 340 1414 397 πρότερον

63 417 221 473 ὀρθῶς
257 431 326 459 σοι
364 416 563 463 παιδείας
597 417 695 468 πέρι
729 414 802 455 καὶ
838 411 892 454 τὰ
930 412 1012 454 νῦν
1037 412 1248 465 εἰρῆσθαι
1285 411 1416 452 δοκεῖ.

167 486 268 527 ΑΘ.
306 484 467 531 Καλῶς
515 483 681 523 τοίνυν.
721 478 890 522 τούτων
927 475 1011 533 γὰρ
1048 479 1100 529 δὴ
1137 480 1223 520 τῶν
1260 475 1416 533 ὀρθῶς

61 555 384 608 τεθραμμένων
415 547 589 602 ἡδονῶν
609 548 681 590 καὶ
703 548 866 598 λυπῶν,
904 547 1115 589 παιδειῶν
1149 543 1308 596 οὐσῶν,
1332 561 1414 600 χα-

62 735 140 764 eat.
165 730 233 761 vid.
260 727 343 760 infra
370 727 528 769 explicat.

152 775 191 810 C.
218 771 322 806 κατά
348 785 391 816 γε
416 770 490 815 τὴν
514 769 589 813 ἑμη
598 772 639 816 ν]
670 774 754 805 Post
778 769 861 814 ἐμήν
880 770 1033 803 additum
1053 770 1156 812 vulgo
1174 766 1292 812 δόξαν,
1316 767 1409 812 quod

63 822 240 856 omisimus
265 830 341 854 cum
371 824 396 852 Α
424 817 461 851 Ω.
473 829 502 850 v.
510 819 576 851 f..h
587 829 613 852 r.
625 830 654 852 a.
668 829 696 853 c.
707 817 737 851 δ.
749 829 779 851 ο.
789 829 822 851 x.
848 817 922 851 Nec
947 816 1051 850 habet
1073 815 1155 849 illud
1181 816 1311 848 Euseb.

63 979 320 1023 Bernhardy
361 979 503 1022 Syntax.
549 991 580 1022 p.
619 979 699 1015 327.

63 1027 167 1063 Quod
201 1036 282 1059 vero
308 1024 433 1058 dicitnr
466 1024 506 1057 τὸ
539 1028 700 1069 τεθραμ-

60 1077 179 1118 μένον,
209 1072 242 1105 id
267 1072 336 1104 noii
361 1082 440 1105 cum
469 1072 632 1115 Vigero
658 1073 702 1104 ad

61 1119 251 1153 Eusebium
286 1118 307 1151 Ι.
335 1127 364 1150 c.
392 1119 426 1150 in
470 1117 703 1162 τετραμμένον

61 1172 209 1199 mutare.
259 1164 337 1196 Hoc
368 1165 456 1197 enim
498 1175 516 1196 a
549 1175 585 1197 re
618 1165 702 1197 alie-

62 1223 142 1245 num
168 1215 240 1249 est3
266 1209 352 1242 iilud
369 1216 481 1243 autem
499 1220 604 1251 quam
622 1215 702 1253 apte

62 1258 210 1298 dicatur,
236 1265 337 1298 quum
369 1255 411 1288 de
426 1256 567 1288 παιδεία
583 1256 701 1299 dispu-

62 1309 170 1344 tetur,
193 1302 249 1335 vix
269 1305 348 1343 eget
370 1303 437 1334 nlla
457 1302 699 1335 admonitione.

62 1348 154 1384 Neo
161 1358 242 1383 vero
269 1357 347 1380 cum
368 1350 501 1381 Astio
526 1350 702 1391 corrigen-

63 1395 144 1431 du'm
184 1390 365 1433 α’τιοιεμών
407 1397 473 1426 τοῦ
511 1394 638 1436 λόγου,
683 1406 704 1426 a

46 1438 235 1496 ratione
274 1449 494 1482 separans.
543 1441 630 1474 Nam
657 1443 704 1483 τῷ

63 1485 152 1531 λόγῳ
184 1490 240 1519 est
266 1495 375 1518 nunc:
414 1486 700 1530 definitione,

61 1544 131 1576 qua
173 1532 250 1574 quia
289 1531 459 1573 quodnam
504 1543 628 1566 munus
667 1537 702 1565 et

63 1579 215 1612 officium
253 1578 466 1610 educationis
500 1580 564 1620 sit,
599 1589 700 1611 accu-

62 1626 171 1658 ratius
195 1622 383 1664 indicatur,
416 1624 517 1657 simul
550 1624 644 1668 quod
671 1625 700 1657 ei

62 1676 117 1709 est
153 1670 328 1714 proprium
375 1675 552 1704 resecatur
601 1670 700 1713 quasi

61 1723 165 1760 atque
190 1717 411 1758 seiungitura
428 1717 575 1759 reiiquis.
603 1718 701 1750 Haec

62 1764 165 1806 igitur
196 1762 240 1795 de
272 1762 339 1794 loci
370 1761 544 1796 inteiiectu
578 1763 700 1796 diffici-

61 1810 156 1843 lioris
190 1809 482 1850 interpretatione.
534 1809 700 1842 Ceterum

63 1855 107 1888 de
134 1854 266 1886 virtutis
291 1853 391 1886 laude
417 1864 459 1887 ex
486 1857 700 1898 voiuptatum

63 1906 99 1934 et
124 1900 280 1933 doiorum
308 1909 384 1931 cum
402 1900 535 1934 ratione
556 1911 700 1934 concen-

62 1952 99 1980 tu
112 1946 350 2036 efgorescente
362 1948 522 1979 consulas
540 1947 598 1979 De
609 1947 698 1988 Rep.

62 1993 120 2027 ΙΙΙ.
171 1991 283 2026 401.
310 1991 351 2023 Ι).
375 2002 448 2033 sqq.
475 1993 536 2025 lV
588 1992 697 2027 430.

62 2038 103 2072 Ε.
127 2048 201 2080 sqq.
225 2048 260 2080 p.
289 2035 369 2072 440.
477 2049 552 2080 sqq.
562 2004 698 2072 pPhae-

61 2084 141 2118 don.
183 2095 216 2127 p.
256 2083 312 2118 93.
363 2037 432 2115 ELE
435 2064 470 2117 et
502 2085 696 2126 Morgen-

62 2136 196 2164 stern.
233 2129 481 2165 commentatt.
531 2131 580 2170 De
606 2131 695 2164 Piat.

60 2176 152 2219 Rep.
178 2187 212 2219 p.
235 2176 304 2211 108
330 2186 405 2219 sqq.

105 2265 214 2299 κατά
239 2267 370 2309 γετῆν
392 2265 519 2310 ἰμήν]
547 2268 614 2302 Int.
637 2265 697 2299 δυ’-

62 2312 133 2352 Ean,
157 2313 249 2355 qnod
273 2315 375 2357 vulgo
399 2314 602 2347 addebatur.
637 2313 696 2346 El-

61 2359 161 2401 l³psin
187 2360 301 2392 munis
331 2360 495 2403 exemplis
529 2361 699 2393 illustrant

63 2404 225 2438 Heusd.
252 2406 402 2448 Specim.
433 2407 517 2439 Crit.
550 2418 582 2449 p.
619 2406 695 2439 102.

63 2449 193 2493 Toup.
209 2452 405 2487 Emendatt.
431 2453 464 2485 in
490 2452 586 2485 Suid.
606 2451 648 2484 Τ.
665 2452 694 2484 1.

64 2506 97 2539 p.
123 2496 177 2531 71.
204 2497 258 2530 ed.
283 2497 375 2542 Lips.
399 2500 510 2542 intpp.
541 2498 584 2531 ad
607 2499 696 2530 Gre-

63 2552 138 2585 gor.
165 2542 316 2576 Corinth.
344 2555 375 2587 ρ.
388 2544 443 2579 31.
469 2546 591 2586 quibus
606 2544 696 2577 adde

62 2598 127 2621 non
153 2588 196 2622 ad
222 2588 351 2625 Phileb.

66 2645 99 2677 p.
123 2635 202 2670 271.
228 2637 273 2668 A.

110 2681 151 2715 C.
198 2680 364 2715 τούτων
410 2681 488 2728 γὰρ
523 2683 568 2725 δὴ
617 2686 696 2715 τῶν

377 2601 410 2634 p.
425 2590 469 2626 41
497 2592 535 2624 Β.
557 2590 695 2624 Politic.

769 978 894 1023 (ι’ρθῶ
905 993 918 1017 ς
958 978 1025 1020 -]
1065 977 1113 1010 ab
1158 975 1262 1008 istis
1307 983 1410 1006 iero

769 1032 891 1060 recte
931 1024 1156 1057 institutis
1204 1026 1250 1054 et
1289 1019 1410 1062 quasi

771 1074 880 1106 bene
925 1071 1124 1104 educatis
1170 1067 1411 1110 voluptati-

769 1120 847 1161 hus
893 1123 940 1151 et
987 1115 1241 1155 doloribus,
1299 1123 1410 1155 quae

771 1170 869 1199 sunt
895 1162 1171 1197 educationis
1208 1161 1411 1193 rationes

771 1211 1003 1254 quaedam,
1038 1210 1078 1241 in
1116 1208 1205 1240 vita
1251 1210 1410 1239 morta-

772 1259 870 1292 iium
894 1257 946 1290 ab
979 1254 1227 1289 hominibus
1260 1252 1410 1286 multis

771 1304 809 1337 in
836 1303 1033 1347 partibus
1058 1299 1315 1339 remittitur,
1342 1308 1409 1331 eo-

771 1361 852 1405 que
872 1349 956 1393 (illi)
972 1351 1320 1389 corrumpuntur.
1346 1345 1408 1377 Sic

772 1399 860 1430 enim
894 1397 991 1428 locus
1024 1391 1319 1447 interpretandus,
1350 1390 1408 1424 ubi

771 1453 848 1476 cum
875 1442 971 1474 libris
990 1451 1071 1474 mss.
1088 1439 1213 1481 legitur
1224 1435 1306 1470 κατὰ
1323 1437 1407 1470 πολ-

817 1488 920 1522 .Sed
946 1488 1013 1520 alia
1040 1487 1127 1519 ratio
1153 1490 1218 1525 eat,
1244 1485 1300 1517 ubi
1324 1484 1408 1517 reti

769 1540 871 1569 netur
886 1535 976 1576 vulg.
1002 1530 1044 1564 τᾶ
1061 1529 1179 1565 πολλά.
1203 1531 1344 1573 Quippe
1361 1530 1410 1563 ita

767 1580 938 1624 iungenda
955 1580 1056 1612 verba
1075 1578 1164 1611 hunc
1188 1577 1221 1610 in
1246 1575 1408 1610 niodum:

765 1628 918 1670 χαλᾶται
946 1622 1012 1681 γὰρ
1038 1622 1078 1666 δὴ
1107 1624 1166 1655 καὶ
1203 1623 1408 1667 διαφθείρε-

767 1686 828 1706 ται
855 1676 928 1708 τοῖς
958 1667 1160 1727 ἀνθρώποις
1196 1671 1232 1702 ἐν
1269 1671 1315 1711 τῷ
1346 1669 1408 1711 βίῳ

768 1717 811 1752 τὰ
835 1716 944 1752 πολλὰ
977 1721 1039 1750 τῶν
1063 1713 1184 1758 σ’ρθῶς
1207 1718 1406 1758 τεθραμμέ-

768 1778 832 1798 νων
856 1761 988 1807 naevo-,r
1012 1763 1067 1796 καὶ
1091 1763 1215 1801 λυπῶν,
1245 1762 1409 1795 παιδειῶν

769 1808 891 1847 ου’σῶν.
915 1812 1136 1852 Quamquam
1161 1809 1192 1840 in
1209 1809 1277 1842 alia
1292 1809 1407 1841 omnia

770 1858 854 1891 abiit
877 1858 1054 1897 Antius,
1078 1857 1139 1897 qui
1164 1853 1201 1886 τὰ
1228 1852 1343 1886 πολλὰ
1362 1855 1407 1886 si-

770 1904 930 1956 gnificat-e
945 1906 1043 1945 putat
1056 1903 1220 1943 plerum
1232 1911 1252 1943 q
1263 1910 1322 1949 ue,
1345 1911 1407 1941 ge—

770 1949 894 1981 nitivos
917 1946 1105 1981 τούτων-
1118 1948 1232 1979 λυπῶν
1259 1938 1322 1988 pro
1347 1946 1408 1978 ab·

769 1994 895 2027 solutis
915 1993 1030 2034 habet,
1043 1997 1078 2025 et
1092 1992 1244 2034 χαλᾶται
1258 1991 1314 2024 καὶ
1329 1992 1406 2024 δια-

768 2040 949 2083 φθείρεται
973 2039 1149 2072 connectit
1173 2048 1248 2071 cum
1271 2037 1404 2070 παιδει-

767 2086 815 2119 ῶν
827 2083 947 2119 οὐσῶν.
964 2085 1120 2120 Quorum
1144 2085 1307 2124 omnium,
1325 2093 1404 2126 per-

767 2137 887 2176 specta
917 2133 986 2164 loci
1017 2131 1204 2172 sententia,
1237 2129 1314 2162 nihii
1346 2140 1404 2162 ne·

765 2188 965 2221 quequaque
979 2177 1192 2220 probaveris.
1215 2176 1402 2210 Numerum

766 2225 932 2267 pluralem
967 2223 1128 2255 παιδειῶν
1157 2233 1220 2265 pro
1249 2221 1404 2260 παιδείας

764 2271 913 2313 positum
936 2269 1015 2303 ideo
1040 2274 1218 2311 putamus,
1250 2268 1332 2311 qnia
1355 2271 1401 2301 si-

764 2318 971 2359 gnificantur
1009 2317 1125 2348 variae
1159 2326 1198 2348 ac
1234 2315 1400 2358 multipii-

765 2372 824 2396 ces
849 2363 1019 2403 rationes,
1053 2362 1178 2404 quibus
1204 2362 1401 2402 voluptates

765 2410 877 2442 varias
921 2408 1104 2450 variosque
1151 2407 1292 2440 dolores
1348 2417 1400 2440 re·

765 2466 849 2498 gere
875 2459 978 2497 atque
1003 2454 1174 2487 moderari
1206 2454 1323 2487 liceat:
1357 2453 1400 2487 de

765 2512 833 2543 quo
857 2510 920 2533 usu
944 2501 1115 2534 nominum
1143 2501 1399 2533 abati-actorum

764 2547 885 2590 plurali
920 2556 1062 2580 numero
1093 2547 1175 2579 aiibi
1214 2546 1400 2589 explicavi-

764 2604 853 2627 mus.
888 2593 961 2627 Iam
979 2603 1070 2626 ⁴vero
1096 2592 1304 2625 dubitaveris
1329 2592 1397 2624 sor-

763 2645 873 2679 tasse,
915 2649 1079 2682 quorsum
1121 2639 1212 2672 istud
1252 2636 1318 2682 γάρ
1357 2635 1401 2678 διί

763 2685 931 2728 pertineat
953 2691 989 2719 et
1012 2695 1114 2728 quam
1139 2685 1220 2718 illud
1246 2684 1310 2717 vim
1337 2684 1398 2716 ha-
