1612 2872
472 94 554 137 DE
587 92 867 138 LEGIBUS
901 98 981 135 etc.
1135 92 1397 136 LXXXIII

51 229 141 256 ner.
179 210 420 255 Hermanni
451 208 554 251 Vol.
597 206 679 250 VI.
718 221 763 263 p.
804 207 912 250 218.
971 205 1183 276 ἐσχάτους
1209 208 1257 250 δὲ
1285 204 1394 256 τούς

51 269 235 326 Νόμους
265 271 382 337 φασὶ
408 266 697 324 γεγράφθαι,
729 261 847 306 διότι
885 261 1203 334 ἀδιορθωτους
1230 261 1395 314 αὐτοὺς

0 375 1 378 ¹
51 329 278 370 κατέλιπεν
314 342 388 368 και
429 326 802 392 συγκεχυμένους,
841 319 903 376 μὴ
942 319 1191 390 εὐπορήσας
1224 319 1392 378 χρόνον

50 386 124 428 διὰ
167 382 248 436 τὴν
283 381 487 434 τελευτὴν
532 383 640 438 πρὸς
679 377 730 421 τὸ
773 381 1012 422 συνθεῖναι
1041 378 1227 430 αὐτούς
1270 383 1308 422 εἰ
1345 379 1393 422 δὲ

51 445 125 485 καὶ
163 443 244 484 νῦν
281 441 491 483 δοκοῦσιν
529 422 828 491 συντετάχθαι
870 434 982 479 κατὰ
1027 434 1078 480 τὸ
1133 438 1261 491 δέον,
1311 435 1393 479 οὐκ

51 498 187 542 αὑτοῦ
225 499 305 540 τοῦ
341 494 586 543 Πλάτωνος
617 496 888 543 συνθέντος,
930 492 1039 536 ἀλλα
1080 492 1202 544 τινὸς
1237 495 1392 537 Φιλίπ-

51 572 137 598 που
174 554 465 606 Ὀπουντίου,
509 549 559 600 ὸς
596 549 805 604 διάδοχος
846 554 996 604 γέγονε
1036 553 1118 593 τοῦ
1147 550 1394 602 Πλάτωνος

53 609 411 668 [διδασκαλείου]
453 610 498 650 in
537 608 697 663 quibus
735 612 1000 663 postremum
1031 607 1292 651 vocabulum
1317 607 1394 651 de-

47 667 249 722 lendum,
302 682 435 722 quum
467 665 699 732 Philippus
732 663 839 705 nihil
869 664 988 707 aliud
1018 665 1150 707 fuerit
1178 666 1264 709 nisi
1293 681 1392 709 suc-

48 741 198 769 cessor
243 724 438 766 Platonis
485 723 531 764 in
581 738 713 779 opere
775 721 947 778 Legum
1007 722 1290 779 perficiendo.
1336 749 1391 754 —

52 784 284 825 Enimvero
323 797 377 824 ex
414 780 483 822 his
522 794 759 834 sanequam
799 786 868 821 est
897 780 1202 836 perspicuum,
1241 780 1393 823 Plato-

47 855 145 883 nem
183 855 270 882 non
305 839 448 895 ipsum
484 836 675 880 edidisse
721 836 857 879 libros
906 836 961 879 de
1008 837 1217 894 Legibus
1291 837 1393 880 Hoc

48 904 192 940 autem
231 912 308 942 cur
346 895 521 938 tandem
562 909 660 936 eum
690 894 940 950 putabimus
982 894 1127 937 facere
1165 894 1392 938 omisisse?

46 954 263 997 Nimirum
297 953 476 1010 grandis
516 952 672 994 aetatis
712 966 844 994 senex
886 967 1020 1007 quum
1049 967 1125 995 eos
1155 953 1201 994 in
1228 952 1393 995 tabulis

46 1011 406 1068 consignavisset,
436 1009 664 1066 repentina
694 1015 830 1051 morte
861 1024 1099 1064 oppressus
1131 1015 1212 1052 est.
1271 1008 1393 1064 Qua-

47 1076 228 1125 propter
276 1068 508 1132 Philippus
557 1066 782 1123 Opuntius
817 1066 1064 1108 faciendum
1104 1067 1297 1123 putavit,
1341 1074 1392 1109 ut

47 1141 123 1169 eos
157 1126 254 1181 ipse
294 1141 348 1167 ex
388 1125 527 1167 cereis
562 1124 895 1166 transscriberet
931 1132 974 1165 et
1014 1124 1058 1166 in
1098 1123 1294 1167 ordinem
1323 1140 1391 1167 re-

46 1182 199 1225 dactos
255 1198 306 1225 ac
356 1181 586 1224 duodecim
632 1181 754 1223 libris
801 1181 1142 1247 comprehensos
1175 1182 1221 1223 in
1250 1181 1391 1224 lucem

46 1240 267 1296 publicam
303 1240 530 1281 emitteret.
601 1237 726 1291 Quae
767 1238 977 1303 narratio,
1017 1239 1147 1281 sicuti
1184 1239 1298 1281 infra
1328 1240 1391 1281 vi-

47 1297 268 1350 debimus,
313 1296 440 1338 etiam
478 1302 709 1352 propterea
745 1296 963 1360 quantivis
994 1297 1126 1361 pretii
1157 1304 1241 1350 est,
1272 1296 1390 1351 quod

41 1353 105 1396 ‘ad
136 1353 323 1396 indolem
353 1360 483 1408 atque
512 1353 693 1394 formam
723 1352 915 1395 universi
947 1353 1092 1409 operis
1111 1360 1230 1396 recte
1259 1355 1391 1397 aesti-

47 1410 244 1454 mandam
274 1410 638 1465 iudicandamque
668 1410 797 1467 longe
825 1410 933 1452 facit
959 1410 1203 1467 plurimum.

100 1503 104 1506 .
156 1469 305 1523 Atque
343 1468 452 1510 haec
491 1482 622 1522 quum
650 1467 713 1509 ita
742 1482 788 1509 se
818 1467 1025 1515 habeant
1065 1475 1263 1525 apertum
1294 1483 1391 1512 esse

46 1525 315 1580 arbitramur,
343 1525 449 1568 nihil
482 1525 623 1581 egisse
654 1539 743 1578 eos,
775 1525 851 1591 qui
868 1525 1040 1591 Legum
1063 1526 1391 1568 scribendarum

47 1582 272 1625 consilium
313 1598 339 1624 a
378 1582 575 1624 Platonis
614 1588 770 1624 natura
812 1583 991 1638 ingenio
1022 1589 1065 1624 et
1107 1584 1274 1626 ratione
1313 1584 1418 1626 ab»

45 1639 218 1682 horrere
247 1639 562 1682 iudicaverunt.
623 1619 919 1693 Quamobrem
957 1640 1143 1683 transire
1171 1641 1258 1683 iam
1286 1641 1390 1683 lice-

48 1696 110 1739 bit
139 1696 194 1739 ad
224 1698 399 1739 tertiam
430 1696 761 1749 dubitationem,
796 1712 924 1752 quam
955 1698 1030 1752 qui
1059 1698 1203 1754 operis
1239 1704 1388 1741 aucto-

44 1754 213 1796 ritatem
254 1770 396 1810 nuper
431 1754 676 1796 convellere
721 1755 869 1796 conati
907 1760 1034 1809 sunt,
1087 1756 1390 1799 communibus

44 1812 134 1852 fere
172 1811 331 1854 studiis
370 1811 682 1853 excitaverunt.
759 1810 1094 1854 contenderunt
1142 1814 1257 1855 enim
1308 1813 1391 1854 viri

47 1867 286 1910 doctissimi
311 1868 456 1910 fidem
472 1875 516 1909 et
545 1869 849 1911 auctoritatem
878 1869 1086 1911 librorum
1119 1869 1172 1911 de
1192 1870 1390 1927 Legibus

48 1924 177 1966 etiam
214 1923 315 1966 ideo
358 1924 532 1966 dubiam
574 1940 624 1967 ac
671 1932 919 1981 suspectam
968 1925 1118 1969 haberi
1172 1935 1389 1982 oportere,

47 1981 150 2036 quia
189 1981 286 2024 talis
330 1981 578 2038 scriptionis
618 1983 844 2024 consilium
887 1982 924 2024 si
967 1983 1144 2048 Platoni
1181 1984 1392 2027 attribua-

47 2045 139 2092 tur,
202 2053 359 2095 magno
417 2053 546 2104 opere
602 2038 858 2081 adversetur
914 2039 1000 2081 illis
1050 2040 1130 2081 viri
1180 2042 1389 2093 consiliis,

47 2110 158 2150 quae
208 2095 355 2138 efficta
394 2096 593 2161 optimae
641 2096 832 2144 civitatis
880 2097 1070 2153 imagine
1117 2113 1196 2154 pro
1244 2100 1391 2142 futuro

46 2159 237 2208 tempore
281 2153 438 2195 inierit.
499 2151 621 2206 Quid
653 2153 794 2195 enim?
833 2153 1061 2208 inquiunt3
1101 2170 1234 2210 quum
1261 2150 1389 2199 Plato

47 2209 164 2265 apud
190 2210 378 2252 animum
407 2211 683 2253 constituerit
713 2210 912 2253 absoluto
941 2210 1128 2253 Politiae
1157 2219 1202 2255 et
1222 2214 1390 2256 Timaei

48 2279 178 2321 opere
217 2267 343 2310 etiam
381 2266 564 2310 Critiam
605 2275 649 2310 et
690 2268 1018 2310 Hermocratem
1056 2283 1315 2334 componere
1345 2278 1391 2314 et

46 2322 199 2365 litteris
220 2339 462 2367 exarare—
479 2340 579 2390 nam
595 2323 776 2367 Critiam
797 2324 1005 2381 quidem
993 2341 1039 2368 1n
1057 2326 1251 2382 Timaeo,
1274 2329 1389 2371 Her-

48 2386 280 2423 mocratem
317 2388 460 2424 autem
496 2382 542 2424 in
580 2381 720 2424 Critia
756 2399 799 2440 p.
846 2384 936 2426 108.
974 2383 1031 2426 A.
1061 2399 1158 2439 sqq.
1189 2386 1391 2442 promisit

49 2461 104 2468 —
133 2453 265 2493 quum
302 2438 435 2504 igitur
477 2440 602 2482 Plato
652 2440 726 2482 illo
779 2446 972 2496 tempore
1011 2440 1119 2484 haec
1167 2443 1390 2486 scribendi

49 2495 229 2537 consilia
261 2496 516 2551 agitaverit,
561 2498 635 2552 qui
674 2496 849 2540 tandem
888 2497 983 2540 fieri
1016 2499 1215 2555 potuisse
1241 2501 1389 2544 existi-

47 2550 281 2607 mabimus,
320 2559 370 2595 ut
407 2554 718 2611 amplissimum
764 2554 883 2598 istud
921 2570 1048 2611 opus,
1092 2557 1212 2611 quod
1240 2565 1308 2601 est
1334 2557 1388 2599 de

46 2584 281 2664 Legibus,
297 2610 511 2654 conficere
542 2612 624 2654 sibi
660 2612 954 2668 proponeret?
1014 2613 1188 2657 Etenim
1221 2631 1276 2657 ne
1306 2615 1390 2657 ist-a

48 2665 219 2718 quidem
257 2682 414 2723 opera,
457 2683 567 2723 quae
606 2669 803 2725 proxime
841 2668 1159 2725 destinaverat,
1191 2671 1388 2729 perfecit,

1011 2747 1113 2789 F*
