1612 2872
201 101 442 145 CXXXVI
631 97 875 141 PROLEG
884 98 1106 140 OMENA

208 213 353 255 obrem
409 210 534 252 decet
583 208 906 264 legumlatorem
959 207 1012 249 ad
1053 208 1180 249 huius
1218 222 1408 249 normam
1439 221 1528 247 om·-

205 269 278 310 nia
306 267 489 322 dirigere
526 270 569 305 et
598 278 876 318 componere,
919 262 1133 317 siquidem
1161 277 1211 304 ea
1239 278 1325 304 una
1353 263 1397 303 in
1426 262 1529 303 scri-

208 323 360 365 bendis
391 320 559 375 legibus
586 319 954 372 praestantissima
985 318 1072 359 dux
1104 324 1147 359 et
1163 318 1421 360 moderatrix
1451 323 1530 359 est.

209 379 364 432 Neque
395 388 548 417 caussa
575 373 774 415 interitus
805 374 1212 429 rerumpublicarum
1243 373 1414 414 aliunde
1443 387 1532 413 ma-

208 433 275 489 gis
314 438 381 473 est
419 428 653 484 repetenda
691 443 819 482 quam
863 430 914 470 ab
943 445 1028 470 una
1058 431 1237 470 maxime
1268 444 1405 469 rerum
1436 442 1532 482 gra-

209 488 477 529 vissimarum
506 484 789 538 ignoratione.
858 484 983 537 Quae
1014 485 1050 525 si
1081 484 1323 538 quaerimus
1352 484 1396 524 in
1427 498 1532 537 qua-

211 558 307 583 uam
334 556 378 582 re
408 546 621 592 cernatur,
659 541 811 595 paucis
859 540 1119 594 respondere
1159 539 1318 581 licebit.
1387 539 1535 579 Posita

209 598 321 638 enim
361 596 435 637 illa
463 595 507 636 in
536 609 587 636 eo
617 601 705 647 est,
746 601 794 636 ut
823 596 918 649 quis
949 595 1066 649 quod
1095 595 1322 636 honestum
1352 595 1533 636 bonum-

210 667 292 707 que
332 666 426 693 esse
454 649 623 703 videat,
654 656 795 692 tamen
823 666 909 692 non
938 651 1243 706 amplectatur,
1283 650 1361 691 sed
1389 651 1534 705 potius

211 714 454 760 aversetur,
494 720 546 748 ac
582 705 794 759 vicissim,
844 706 960 760 quod
999 713 1127 761 turpe
1173 711 1216 747 et
1263 705 1537 746 inhonestum

212 762 375 804 iudicet
417 775 538 815 esse,
577 767 720 803 tamen
758 767 934 816 expetat
962 767 1091 816 atque
1122 767 1340 815 sequatur.
1399 759 1535 802 Cuius

210 818 272 859 rei
311 832 464 860 caussa
504 817 617 858 inest
654 817 698 858 in
736 817 914 858 rationis
953 823 996 858 et
1026 816 1278 872 cupiditatis
1308 815 1536 867 discordia.

211 873 428 926 Quocirca
457 887 621 914 summa
650 879 693 913 et
723 879 912 914 extrema
939 872 1113 914 inscitia
1143 873 1202 914 ibi
1221 872 1364 913 locum
1394 872 1538 925 habet,

211 929 285 970 ubi
324 928 489 970 animus
532 927 707 969 rectis
748 928 1144 983 opinionibus,
1192 927 1340 969 veris
1381 926 1538 968 iudi-

213 985 347 1036 ciis,
378 983 564 1037 denique
594 982 763 1024 menti
794 989 846 1023 et
874 984 1108 1036 rationi,
1148 983 1217 1024 cui
1256 983 1329 1024 uni
1360 982 1541 1023 debetur

213 1039 397 1081 hominis
426 1038 617 1080 universi
646 1038 888 1093 imperium,
920 1039 981 1079 ita
1009 1038 1290 1091 adversatur,
1321 1045 1369 1079 ut
1397 1038 1437 1079 ei
1467 1037 1541 1079 de.-

212 1095 345 1136 bitam
382 1103 550 1136 recuset
599 1093 898 1135 obedientiam.
969 1094 1072 1135 Est·
1096 1099 1238 1135 autem
1276 1094 1320 1134 in
1364 1094 1541 1135 civitate

214 1149 363 1205 populi
402 1155 445 1191 et
482 1149 620 1205 plebis
659 1148 889 1190 multitudo
928 1149 1062 1191 instar
1087 1149 1204 1191 illius
1235 1149 1362 1190 animi
1391 1149 1540 1204 partis,

214 1220 325 1260 quae
352 1205 481 1247 habet
511 1219 663 1246 sensus
693 1204 856 1246 doloris
885 1211 929 1246 et
959 1205 1218 1260 voluptatis,
1247 1204 1436 1258 itemque
1466 1219 1542 1258 ap·

214 1261 376 1315 petitus
395 1267 439 1302 et
459 1259 728 1316 cupiditates.
787 1259 857 1301 Ex
884 1275 969 1314 quo
990 1260 1173 1316 intelligi
1203 1259 1332 1301 debet
1360 1260 1544 1301 maxima

215 1316 409 1357 laborare
450 1316 620 1357 inscitia
652 1330 744 1356 eam
775 1315 1020 1368 civitatem,
1052 1317 1096 1357 in
1127 1330 1212 1369 qua
1241 1316 1426 1371 populus
1457 1328 1544 1359 non

214 1383 362 1426 pareat
392 1371 561 1426 legibus
593 1386 824 1424 earumque
846 1371 1066 1424 ministris,
1097 1371 1178 1412 hoc
1209 1370 1297 1424 est,
1319 1372 1543 1426 magistra-

212 1427 342 1468 tibus.
412 1428 510 1469 Hoc
549 1426 660 1468 enim
700 1426 837 1468 sicubi
874 1427 950 1480 fit,
998 1427 1111 1468 idem
1159 1427 1316 1467 malum
1371 1426 1543 1478 accidit,

215 1481 333 1536 quod
369 1481 745 1524 animadvertimus
785 1482 925 1523 locum
973 1482 1162 1535 habere,
1211 1497 1340 1536 quum
1387 1481 1545 1538 singuli

215 1537 405 1580 homines
444 1538 620 1579 rationis
667 1537 889 1592 imperium
928 1537 1185 1579 detrectant.
1256 1537 1544 1589 Quamobrem

215 1608 294 1634 nec
337 1593 689 1635 committendum
730 1600 822 1646 est,
863 1598 912 1633 ut
954 1593 1119 1634 civibus
1149 1593 1329 1634 rationis
1360 1593 1544 1647 imperio

215 1649 499 1704 immorigeris
530 1648 774 1703 respublica
822 1649 1123 1689 committatur.
1191 1648 1285 1691 Imo
1324 1648 1423 1700 illis,
1471 1648 1546 1702 qui

214 1703 273 1754 id,
305 1704 421 1757 quod
444 1704 600 1749 bonum
625 1709 704 1756 est,
727 1710 771 1743 et
799 1710 1011 1744 noverunt
1031 1709 1073 1744 et
1095 1711 1349 1756 sequuntur,
1378 1703 1554 1745 etiamsi

215 1759 487 1812 ceteroquin,
530 1759 650 1812 utin
692 1759 916 1812 proverbio
949 1765 1036 1812 est,
1082 1773 1161 1800 nec
1190 1759 1332 1814 legere
1361 1774 1440 1800 nec
1471 1774 1546 1800 na-

215 1821 305 1854 tare
336 1813 582 1868 didicerint,
616 1815 803 1855 civitatis
838 1814 952 1856 salus
983 1829 1032 1855 ac
1064 1815 1244 1855 felicitas
1276 1814 1401 1856 unice
1431 1830 1546 1856 com-

214 1869 425 1910 mittenda
462 1876 540 1912 est.
616 1870 729 1911 Nam
778 1871 918 1910 animo
963 1885 1106 1911 secum
1146 1870 1240 1924 ipso
1281 1869 1547 1911 discordanti
1592 1910 1593 1913 ,

214 1939 267 1966 ne
312 1925 526 1970 tantillum
581 1925 750 1979 quidem
803 1919 1050 1980 sapientiae*
1080 1927 1299 1981 proprium
1339 1941 1432 1967 esse
1469 1940 1546 1980 po-

215 1987 312 2033 test,
344 1982 544 2035 quoniam
576 1981 789 2035 sapientia
818 1996 904 2021 non
934 1981 978 2021 in
1010 1981 1092 2022 alia
1121 1997 1164 2021 re
1196 1982 1277 2023 nisi
1307 1981 1350 2022 in
1379 1981 1546 2034 pulcer·-

215 2036 320 2076 rima
360 2037 485 2077 animi
528 2036 761 2077 concordia
808 2037 1077 2087 continetur;
1128 2036 1238 2078 hanc
1291 2042 1432 2077 autem
1472 2036 1546 2090 qui

215 2091 420 2145 possidet,
453 2093 488 2133 is
518 2092 675 2133 rationi
704 2098 825 2146 paret
854 2099 982 2145 atque
1013 2091 1171 2133 obedit.
1333 2099 1342 2109 Χ

328 2147 451 2189 Haec
480 2147 613 2203 igitur
641 2147 923 2203 philosophus
955 2147 1049 2201 ipse
1079 2146 1130 2187 de
1150 2147 1379 2200 sapientia,
1416 2162 1544 2199 quam

217 2200 436 2257 φρόνησιν
473 2203 673 2258 appellat.
748 2201 870 2254 Quae
910 2204 982 2256 qui
1021 2202 1090 2243 vel
1120 2203 1271 2243 leviter
1300 2203 1548 2255 considera-7

218 2256 377 2310 verint,
418 2258 446 2298 ii
488 2257 593 2312 quid
631 2259 675 2298 in
724 2258 918 2313 Legibus
960 2257 1012 2298 de
1040 2257 1126 2298 villa
1167 2264 1383 2299 statuatur
1418 2257 1545 2299 ,haud

217 2327 320 2353 sane
359 2314 540 2354 multum
580 2310 812 2368 ambigent.
891 2313 1002 2354 Nam
1038 2314 1219 2368 primum
1262 2313 1545 2368 philosophus

217 2383 302 2408 non
341 2368 513 2421 quidem
551 2369 633 2409 iam
671 2368 880 2423 cogitavit
923 2367 975 2409 de
1014 2369 1182 2409 sublimi
1218 2368 1291 2410 illa
1333 2369 1546 2422 sapientia

216 2435 377 2475 eorum,
399 2424 471 2476 qui
492 2423 536 2463 in
554 2439 693 2464 rerum
721 2424 957 2465 divinarum
978 2425 1332 2466 commentatione
1351 2424 1547 2466 habitant

218 2476 451 2542 perpetuo,
478 2485 522 2519 at
554 2479 690 2520 simile
725 2477 926 2532 quiddam
965 2485 1105 2520 tamen
1135 2480 1300 2534 pos-uit,
1333 2479 1543 2533 siquidem

216 2534 432 2576 intellexit
461 2549 553 2575 eam
580 2535 848 2588 sapientiam,
881 2549 988 2588 quae
1009 2541 1210 2575 cernatur
1224 2536 1268 2576 in
1291 2550 1355 2588 eo,
1377 2541 1423 2576 ut
1448 2535 1543 2588 quis

217 2589 375 2631 bonum
418 2589 730 2643 honestumque
763 2596 805 2631 et
835 2590 1048 2644 intelligat
1078 2596 1142 2642 et,
1176 2605 1370 2644 repressa
1401 2590 1442 2631 vi
1472 2604 1544 2631 cu-
