1612 2872
235 75 343 116 LIV
649 75 682 115 P
688 72 1130 115 ROLEGOMENA

234 186 295 226 ita
323 185 462 226 iunxit
492 192 533 226 et
554 184 805 236 collocavit,
835 188 884 223 ut
902 181 1029 223 etiam
1050 182 1193 238 Leges
1222 183 1278 225 ad
1298 184 1558 240 reipublicae

238 241 416 282 sormam
453 247 582 294 atque
623 238 973 280 constitutionem
1005 237 1288 282 exhibendam
1319 255 1368 282 ac
1397 239 1557 282 descri-

239 296 423 338 bendam
451 297 593 336 facere
622 294 836 335 iudicasse
867 292 1095 335 videretur.

348 386 494 438 Atque
527 383 592 424 his
621 383 681 423 ita
717 382 927 437 expositis
957 381 1084 422 etiam
1125 381 1330 426 Isocratis
1367 384 1558 426 testimo-

237 440 354 481 nium
392 453 471 494 pro
501 438 725 480 Platonica
775 439 943 494 Legum
981 437 1146 493 origine
1180 437 1234 479 ad
1263 439 1560 494 posteritatem

236 494 452 551 proditum
485 494 736 548 neutiquam
777 494 1036 534 infirmatum
1067 499 1140 534 aut
1169 494 1420 536 convulsum
1450 509 1559 548 esse,

236 550 313 592 sed
363 549 505 591 adhuc
546 550 712 591 salvum
763 556 806 591 et
843 550 1147 591 inconcussum
1185 556 1299 591 stare
1330 551 1382 592 ab
1426 550 1560 592 omni-

234 606 313 647 bus
343 605 455 648 ultro
481 620 733 649 concessum
761 606 813 646 iri
845 604 1116 647 confidimus.

350 694 504 749 Itaque
541 701 762 749 superest,
811 700 859 735 ut
896 693 949 735 de
1002 694 1264 748 reliquorum
1304 694 1560 748 scriptorum

237 751 493 792 auctoritate
525 749 753 791 dicendum
785 750 864 803 sit,
898 750 971 804 qui
1002 750 1145 805 Leges
1175 749 1244 792 vel
1273 755 1562 790 memorarunt

236 806 304 846 vel
348 805 403 846 ad
449 821 573 847 usum
613 818 737 847 suum
776 811 1032 847 revocarunt
1078 811 1127 846 ut
1166 819 1276 860 opus
1320 819 1345 845 a
1381 804 1561 846 Platone

238 862 489 916 profectum.
563 861 768 902 Fatemur
798 868 939 903 autem
970 867 1139 916 aperte,
1182 875 1260 902 nos
1292 860 1362 901 hic
1392 874 1565 914 quoque

237 917 415 957 multum
447 917 673 958 dissentire
699 931 796 958 cum
826 916 988 958 Astio
1017 917 1044 957 l.
1077 931 1112 958 c.
1133 932 1174 971 p.
1207 916 1369 967 300.,Z
1388 916 1565 958 ellero

238 971 364 1014 Stud.
402 972 574 1013 Platon.
622 989 663 1028 p.
709 973 800 1013 128.
854 971 1138 1014 Sucoovio
1177 972 1204 1013 l.
1251 986 1290 1013 c.
1329 971 1446 1024 aliis,
1489 971 1562 1025 qui

237 1027 390 1068 horum
429 1029 605 1069 testium
645 1027 752 1069 adeo
792 1028 951 1068 nullam
1022 1027 1246 1068 ravitatem
1277 1042 1369 1069 esse
1399 1033 1563 1068 statue-

237 1090 351 1137 runt,
379 1090 428 1124 ut
456 1084 508 1125 iis
539 1084 711 1125 omnino
742 1082 977 1137 quidquam
1036 1097 1085 1124 ac
1115 1083 1158 1123 in
1189 1097 1344 1127 caussa
1373 1084 1565 1124 tribuen-

240 1138 341 1180 dum
385 1154 480 1181 esse
519 1140 784 1196 negaverint.
854 1139 965 1180 Nam
1005 1145 1054 1179 ut
1091 1138 1311 1180 mittamus
1344 1139 1563 1194 ingentem

240 1195 408 1236 turbam
447 1210 617 1247 eorum,
662 1195 735 1249 qui
782 1194 1093 1250 posterioribus
1144 1194 1313 1235 demum
1360 1195 1565 1235 vixerunt

240 1251 520 1305 temporibUS,
553 1258 811 1305 quamquam
830 1265 883 1291 ne
914 1251 1064 1291 horum
1095 1249 1267 1303 quidem
1299 1249 1563 1291 admirabilis

241 1307 470 1348 consensio
507 1307 629 1347 nihili
666 1305 864 1348 facienda
905 1305 1098 1358 videtur,
1141 1304 1363 1347 Ciceronis
1393 1305 1564 1359 quidem

243 1368 357 1403 certe
389 1363 622 1404 auctoritas
648 1362 979 1416 haudquaquam
1008 1376 1085 1416 pro
1116 1361 1199 1402 levi
1229 1367 1270 1402 et
1300 1361 1456 1415 exigua
1485 1361 1564 1401 du-

239 1417 376 1459 cenda
404 1425 492 1471 est,
535 1433 662 1473 quem
699 1425 867 1459 constat
896 1419 941 1458 in
969 1417 1097 1458 rebus
1127 1417 1344 1458 litterariis
1374 1417 1565 1458 fontibus

239 1487 363 1514 usum
404 1489 497 1515 esse
536 1474 873 1527 antiquioribus,
916 1472 1032 1513 unde
1070 1473 1206 1514 tutius
1235 1478 1278 1514 et
1305 1472 1565 1527 circumspe-

240 1529 351 1570 ctius
391 1528 445 1570 de
487 1530 777 1584 antiquiorum
828 1529 1086 1583 scriptorum
1122 1528 1323 1582 operibus
1360 1527 1565 1569 iudicium

239 1584 544 1626 moderaretur.
614 1585 710 1627 Nec
748 1599 849 1626 vero
892 1584 1083 1627 Senecae
1122 1585 1418 1625 auctoritatem
1461 1598 1564 1624 con-

243 1640 513 1682 temnendam
554 1655 801 1693 censemus,
845 1639 1095 1695 praesertim
1140 1654 1270 1692 quum
1301 1638 1438 1681 Stoici
1467 1639 1563 1679 illu-

240 1701 349 1736 stres
398 1697 666 1751 superiorum
713 1703 953 1750 temporum
997 1696 1041 1736 in
1091 1694 1260 1749 Legum
1311 1700 1564 1750 argumento

240 1752 570 1793 commentando
611 1767 661 1793 ac
699 1750 975 1794 dilucidando
1013 1751 1170 1792 versati
1204 1765 1298 1791 esse
1328 1756 1562 1791 narrentur.

238 1806 300 1847 Et
339 1807 435 1860 quis
477 1816 639 1861 quaeso
677 1807 899 1863 negaverit
939 1821 1017 1848 nec
1046 1805 1242 1847 Alexidis
1272 1806 1439 1847 Comici
1469 1820 1563 1847 ver-

239 1861 399 1904 siculos
428 1878 507 1904 nec
538 1864 929 1905 Alexandrinorum
950 1862 1196 1904 criticorum
1226 1861 1386 1902 iudicia
1413 1864 1457 1902 in
1487 1861 1564 1902 tali

239 1932 391 1960 caussa
433 1920 648 1960 contemni
690 1917 964 1974 oportuisse?
1024 1917 1112 1960 Sed
1144 1923 1362 1970 utcunque
1394 1916 1446 1958 de
1476 1918 1563 1959 sin-

247 1973 358 2028 gulis
388 1973 666 2027 indicaveris,
697 1974 803 2016 illud
833 1973 1004 2027 quidem
1037 1973 1209 2015 omnino
1239 1973 1437 2013 videmur
1464 1988 1563 2013 vere

245 2037 447 2083 recteque
499 2037 687 2072 statuere
733 2036 778 2072 et
807 2030 1071 2080 existimare,
1113 2042 1379 2070 communem
1410 2028 1563 2069 horum

241 2084 496 2139 scriptorum
528 2087 715 2128 omnium
746 2085 1069 2128 consensionem
1097 2089 1325 2138 propterea
1355 2099 1440 2125 non
1470 2098 1563 2124 esse

242 2154 320 2193 pro
350 2139 433 2180 levi
463 2140 725 2194 ducendam,
770 2140 888 2195 quod
929 2141 1055 2181 etiam
1095 2139 1382 2180 dubitationes
1413 2139 1563 2180 adver-

241 2209 312 2235 sus
333 2195 583 2238 Aristotelis
605 2203 648 2238 et
679 2197 883 2239 Isocratis
911 2195 1208 2237 auctoritatem
1239 2195 1444 2236 excitatas
1473 2196 1565 2250 pla·-

240 2264 294 2290 ne
322 2265 454 2292 vanas
486 2259 528 2293 et
557 2253 704 2294 inanes
736 2253 868 2294 fuisse
889 2250 1186 2303 intelleximus,
1217 2256 1265 2290 ut
1291 2265 1387 2291 cum
1413 2251 1564 2292 horum

240 2305 499 2347 testimoniis
564 2309 795 2350 coniuncta
854 2307 1080 2363 plurimum
1136 2305 1190 2346 ad
1238 2306 1562 2347 sustentandam

241 2360 455 2402 Platonici
486 2363 629 2418 operis
660 2363 788 2404 fidem
818 2362 959 2404 valere
989 2359 1219 2403 iudicanda
1248 2361 1315 2402 sit.

352 2462 499 2515 Atque
528 2461 634 2504 haec
665 2462 836 2517 quidem
866 2477 997 2518 quum
1025 2454 1085 2502 ita
1102 2475 1196 2502 sese
1225 2459 1426 2515 habeant,
1455 2459 1562 2502 illud

243 2524 358 2557 certe
401 2516 484 2558 iam
517 2517 598 2560 hac
649 2517 939 2573 disputatione
978 2522 1125 2559 nostra
1163 2516 1419 2570 consequuti
1467 2531 1560 2557 esse

241 2570 455 2626 videmur,
494 2579 541 2614 ut
582 2572 711 2616 fidem
753 2581 796 2615 ct
836 2573 1133 2616 auctoritatem
1174 2572 1340 2627 Legum
1368 2571 1560 2614 Platonis
