1612 2872
237 110 533 152 CXXXVIII
660 110 820 152 PROL
829 109 1135 152 EGOMffiNA

237 229 456 286 potentes.
507 220 795 274 Quamobrem
837 220 985 261 eadem
1023 221 1067 261 in
1097 222 1272 263 civitate
1310 238 1350 263 v1
1355 238 1457 277 rere
1487 238 1563 277 pu-

239 284 377 330 tatur,
423 278 458 318 si
494 276 689 318 ordinum
729 275 918 316 civilium
947 276 1059 316 inter
1087 276 1231 345 ipsos
1236 278 1418 319 invicem
1449 279 1566 319 iusta

235 335 462 374 consensio
486 332 555 384 sit
587 344 695 385 quae
718 330 890 384 quidem
914 338 1113 373 cernatur
1141 332 1183 373 in
1205 347 1271 396 eo,
1301 340 1351 374 ut
1370 334 1563 388 opifices,

235 388 421 440 milites,
464 387 681 450 principes
724 393 767 427 et
808 387 1085 443 magistratus
1128 388 1268 430 missis
1313 389 1462 430 alienis
1491 404 1566 430 ne-

268 444 367 484 otiis
398 457 552 483 munus
584 442 744 495 quique
774 455 897 483 suum
925 443 1125 498 religiose
1155 443 1334 495 obeant3
1363 459 1457 507 quo·
1468 444 1565 499 ipso

234 459 421 552 firmique
453 503 592 538 totum
622 497 882 552 reipublicae
913 513 1021 562 opus
1060 513 1192 540 unum
1231 499 1323 540 fieri
1363 507 1406 540 et
1446 499 1491 540 in
1520 514 1564 541 se

235 553 509 595 consentiens
547 560 760 594 censetur.
839 553 1069 595 1‹n1mver0
1109 555 1235 595 sicuti
1282 555 1326 596 in
1377 555 1564 608 homine,

235 610 295 649 ita
334 609 461 650 etiam
501 609 543 649 in
573 609 769 662 civitate,
810 624 889 664 per
914 624 1006 650 eam
1040 609 1225 652 efficitur
1254 608 1359 652 ordo
1391 610 1565 664 quidam

237 665 349 705 vitae
389 670 520 717 atque
557 664 745 705 omnium
786 665 972 718 partium
1010 667 1380 720 praestantissima
1409 680 1564 707 conve-

234 721 416 770 nientia3
448 736 487 761 v.
521 720 588 761 De
620 720 726 774 Rep.
755 720 837 762 IV.
867 736 908 775 p.
928 722 1024 763 433
1055 722 1107 762 B.
1130 736 1181 775 sq
1154 737 1224 775 qq
1255 724 1351 765 443.
1384 720 1433 762 C.
1467 735 1563 775 sqq.

233 775 330 816 coll.
361 775 533 831 Proleg.
565 774 618 816 ad
650 775 801 830 Remp.
832 776 1011 817 XXXI.
1043 791 1136 830 sqq.
1195 777 1343 818 Haec
1359 777 1491 841 igitur
1515 777 1563 818 in

232 831 352 873 libris
392 831 461 872 De
503 831 753 885 Republica.
812 832 903 872 Iam
943 847 1044 873 vero
1075 847 1171 873 cum
1201 832 1268 872 his
1299 847 1385 873 non
1414 823 1564 873 inutile
1610 855 1612 857 ·

234 887 315 928 erit
344 886 620 928 contendisse
651 901 762 952 quae
790 886 844 928 de
873 887 1036 928 iustitia
1066 887 1108 928 in
1141 888 1336 943 Legibus
1368 888 1565 943 exposita

232 943 448 1006 leguntur.
526 942 583 983 Et
637 942 823 996 pri‘mum
870 943 1041 995 quidem
1083 942 1153 985 hic
1201 943 1432 984 tenendum
1482 949 1562 996 est,

232 998 354 1039 Libr.
395 998 430 1038 I.
470 1013 512 1052 p
551 999 644 1038 631.
687 995 738 1038 C.
776 997 981 1039 iustitiam
1021 998 1106 1039 dici
1145 999 1265 1052 quasi
1297 999 1565 1041 efflorescere

235 1069 288 1095 ex
319 1053 554 1108 sapientiae
597 1052 913 1109 (φρονήσεως)
951 1059 996 1094 et
1034 1055 1339 1108 temperantiae
1371 1060 1564 1119 (ῑωᾳρρ-

233 1100 385 1163 σύνης)
408 1109 637 1151 virtutibus
667 1123 764 1150 cum
787 1108 1038 1150 fortitudine
1066 1110 1108 1151 in
1139 1125 1266 1151 unam
1288 1110 1561 1163 consociatis,

232 1166 293 1206 ita
322 1163 510 1229 quidem,
539 1171 589 1206 ut
609 1165 846 1228 sapientiae
877 1166 1055 1219 piimus,
1085 1166 1390 1220 temperantiae
1412 1180 1562 1207 secun-

232 1220 328 1274 dus,
359 1221 549 1262 iustitiae
578 1221 754 1272 tertius,
785 1220 1028 1261 fortitudini
1058 1227 1201 1263 autem
1235 1227 1413 1275 quartus
1442 1221 1563 1263 locus

231 1276 487 1317 tribuendus
526 1291 620 1317 esse
664 1270 890 1317 iudicetur
950 1276 1074 1328 Quae
1105 1277 1269 1319 etiamsi
1300 1278 1437 1332 prima
1466 1291 1563 1332 spe-

230 1333 296 1374 cie
337 1346 433 1373 cum
476 1332 553 1385 iis⁷
596 1347 706 1386 quae
746 1332 789 1372 in
834 1331 1072 1386 Republica
1108 1332 1358 1386 traduntur,
1411 1346 1563 1386 parum

231 1388 462 1430 convenire
501 1386 753 1439 videantur,
785 1394 952 1440 tamen,
992 1403 1038 1429 re
1078 1389 1323 1430 accuratius
1361 1386 1562 1429 conside·

231 1450 345 1496 rata,
388 1443 613 1484 maximam
654 1457 749 1484 cum
793 1443 877 1485 illis
918 1420 1237 1485 similitudinem
1268 1450 1312 1484 et
1341 1443 1562 1498 cognatio-

230 1514 327 1540 nem
372 1499 530 1540 habere
577 1498 861 1540 existimanda
910 1506 1047 1540 erunt.
1116 1500 1288 1540 Etenim
1337 1498 1454 1552 quod
1501 1500 1561 1540 ibi

231 1555 397 1596 iustitia
427 1554 586 1596 dicitur
615 1554 670 1595 ad
700 1569 846 1596 omnes
867 1555 993 1595 animi
1023 1556 1135 1596 vires
1139 1554 1438 1618 aequabiliter
1466 1570 1561 1609 per-

230 1611 365 1652 tinere
405 1626 544 1665 neque
582 1610 655 1650 uni
697 1610 825 1651 alicui
866 1624 959 1652 esse
1002 1611 1203 1666 propria,
1242 1610 1360 1651 idm
1391 1611 1560 1665 Legum

230 1666 342 1719 loco,
374 1681 499 1719 quem
538 1665 747 1718 diximus,
789 1666 850 1707 sic
880 1672 1087 1707 mutatum
1119 1673 1201 1719 est,
1233 1672 1281 1707 ut
1310 1665 1457 1706 eadem
1488 1666 1562 1706 illa

228 1736 324 1763 cum
355 1722 530 1775 reliquis
560 1721 698 1762 tribus
737 1721 968 1763 virtutibus
1010 1721 1178 1763 dicatur
1207 1721 1562 1762 coniunctissima

229 1788 338 1819 esse.
407 1776 539 1829 Quod
578 1776 673 1830 quis
711 1783 778 1818 est
819 1776 922 1830 quin
961 1777 1060 1818 vide
1063 1783 1107 1818 tt
1145 1777 1328 1831 denique
1367 1777 1456 1817 fere
1488 1791 1559 1817 eo-

228 1832 324 1874 dem
356 1832 522 1874 redire?
588 1832 702 1873 Nam
736 1832 951 1888 sapientia
979 1848 1108 1887 quum
1139 1832 1193 1874 ad
1229 1840 1278 1873 το·
1310 1832 1561 1884 λογιστικόν

228 1890 450 1943 referatur,
482 1888 690 1930 fortitudo
713 1894 857 1929 autem
887 1904 946 1941 τῳ
965 1890 1272 1942 ἐπιθυμητικῷ
1297 1888 1472 1954 propria
1489 1888 1561 1941 sit,

227 1958 498 1999 consequens
537 1951 626 1997 est,
665 1950 716 1985 ut
754 1943 829 1998 qui
870 1943 1077 1986 iustitiam
1116 1951 1264 1986 censet
1302 1951 1347 1985 ὲκ
1395 1943 1561 1986 τούτων

230 2001 508 2071 (φρονησεως
547 2003 619 2041 καὶ
660 1997 967 2054 σωφροσύνης)
1011 1999 1096 2053 μετ’
1136 2001 1337 2052 ἀνδρείας
1367 2001 1561 2041 κοαθέτ-

229 2072 315 2097 των
345 2056 483 2109 εἶναι,
524 2070 590 2097 ex
627 2055 920 2119 sapientia
949 2062 1001 2096 et
1030 2055 1408 2119 temperantia
1446 2069 1558 2095 cum

227 2111 574 2153 fortitudine
615 2111 944 2165 temperatis
983 2111 1253 2163 existere,
1292 2110 1403 2151 idem
1444 2110 1558 2151 illam

227 2168 443 2209 existimet
472 2166 679 2220 similiter,
710 2172 839 2220 atque
871 2166 979 2207 alter
1006 2167 1076 2208 ille
1098 2167 1265 2219 statuit,
1297 2172 1452 2207 natura
1481 2180 1560 2206 sua

229 2229 518 2277 comparatam
546 2237 654 2264 esse.
693 2222 907 2276 Apertum
932 2227 998 2262 est
1019 2227 1159 2263 autem
1182 2237 1268 2262 rem
1299 2222 1342 2263 in
1364 2221 1558 2277 Legibus

228 2279 310 2320 isto
341 2278 468 2320 modo
498 2278 597 2320 ideo
626 2278 782 2333 exponi
812 2283 855 2319 et
876 2277 1094 2330 illustrari,
1126 2277 1226 2331 quia
1251 2278 1294 2318 in
1319 2277 1400 2319 hoc
1430 2291 1558 2340 opere

228 2334 400 2398 virtutis
439 2339 592 2374 natura
629 2333 871 2398 declaratur
911 2333 1147 2388 simplicius
1177 2347 1315 2386 neque
1346 2332 1401 2373 ad
1429 2332 1556 2373 animi

228 2389 340 2431 vires
370 2396 587 2443 tamquam
616 2389 876 2453 principium
903 2404 1024 2431 suum
1045 2394 1284 2430 revocatur.
1344 2387 1559 2440 Quocirca

227 2445 319 2486 fieri
358 2459 444 2486 non
486 2445 628 2499 potuit
668 2445 771 2500 quin
810 2459 897 2486 una
933 2450 1099 2486 tantum
1138 2444 1326 2485 iustitiae
1356 2443 1557 2499 cognatio

228 2507 271 2541 et
299 2500 550 2542 coniunctio
581 2514 678 2541 cum
711 2500 867 2542 ceteris
890 2500 1120 2542 virtutibus
1141 2504 1556 2541 commemoraretur.

227 2555 322 2597 Nec
359 2570 460 2597 vero
500 2555 740 2596 mirandum
780 2562 870 2608 est,
913 2554 1029 2610 quod
1066 2555 1256 2596 iustitiae
1300 2555 1452 2596 tertius
1481 2553 1554 2594 de-

226 2626 340 2656 mum
371 2611 491 2654 loeus
522 2610 799 2662 conceditur,
840 2626 969 2665 quum
1001 2617 1142 2652 tamen
1173 2611 1229 2651 sit
1258 2611 1394 2652 omnis
1426 2610 1555 2650 virtu-
