1612 2872
462 88 547 131 DE
580 85 858 131 LEGIBUS
891 93 974 129 etc.
1213 84 1371 128 XCIII

27 203 296 246 conditiones
334 203 531 259 proxime
570 201 810 245 accedere?
881 201 975 243 Iam
1014 214 1117 242 vero
1157 200 1194 241 si
1225 200 1371 242 consi-

27 262 225 304 deramus
266 275 539 303 communem
578 260 738 302 civium
781 259 912 301 vitam
952 263 1084 313 atque
1124 256 1267 299 civilis
1298 271 1370 298 so-

27 318 201 362 cietatis
231 319 470 370 rationem,
518 317 588 360 hic
620 332 795 372 quoque
836 315 982 358 omnia
1010 320 1112 358 sunt
1150 314 1275 356 aliter
1304 319 1370 355 at-

27 375 184 431 quein
219 375 385 430 optima
412 374 488 417 illa
527 374 706 416 civitate
746 378 1009 430 comparata.
1077 371 1192 414 Nam
1232 371 1372 414 bono-

25 448 119 474 rum
151 438 195 474 et
225 432 451 474 mulierum
481 431 600 474 nulla
629 438 697 473 est
725 429 995 481 communi03
1037 429 1123 471 imo
1163 443 1242 471 sua
1280 428 1370 471 cui—

25 505 109 545 que
139 490 282 546 portio
313 501 514 546 agrorum
544 503 596 530 ac
625 487 871 530 divitiarum
913 487 974 528 ita
1005 486 1279 540 attribuitur,
1323 492 1373 527 ut

26 546 176 588 eadem
217 562 347 602 opum
385 561 574 600 summa,
616 551 826 600 quantum
865 543 960 585 fieri
999 543 1162 600 possit,
1213 543 1370 598 cuique

26 603 325 660 patrifamilias
367 603 412 644 in
452 609 709 659 perpetuum
748 599 962 643 servanda
1001 615 1097 643 esse
1128 599 1370 650 iudicetur3

24 675 154 703 sexus
192 660 413 702 muliebris
455 670 498 702 et
543 659 678 701 virilis
729 658 989 711 diversitas,
1037 672 1167 712 quam
1217 664 1373 700 natura

22 717 265 771 constituit,
300 732 388 759 non
418 716 681 774 negligitur,
713 715 792 758 sed
823 714 1068 757 accuratius
1100 714 1371 768 observatur,

23 775 84 817 ita
112 784 162 817 ut
191 775 444 817 mulieribus
473 775 611 816 maior
642 772 818 829 quidem
857 771 1051 830 dignitas
1093 778 1136 814 et
1173 771 1369 824 libertas,

23 847 154 888 quam
182 831 316 888 vulgo
348 831 443 873 fieri
475 831 667 885 solebat,
701 829 992 884 concedatur,
1033 828 1111 872 sed
1140 828 1249 871 nihil
1278 829 1369 871 fere

23 905 171 932 eorum
193 889 469 946 permittatur
492 895 568 931 aut
586 889 840 944 imperetur,
862 902 974 942 quae
1002 887 1222 929 communi
1250 902 1369 929 more

0 940 67 989 =et
96 945 412 989 consuetudine
441 946 630 989 virorum
672 960 768 988 esse
806 945 1096 1001 putabantur3
1140 943 1371 1001 disciplina

21 1011 66 1045 et
94 1004 311 1046 institutio
341 1003 500 1046 civium
532 1003 750 1046 simillima
780 1008 848 1044 est
874 1002 952 1055 illi,
985 1016 1114 1057 quam
1152 1001 1197 1042 in
1219 1001 1370 1044 cultis-

23 1061 141 1103 simis
202 1061 446 1116 quibusque
494 1059 708 1102 Graeciae
757 1059 1032 1112 civitatibus,
1095 1058 1369 1114 maximeque

22 1117 236 1172 Athenis,
277 1133 484 1174 regnasse
517 1117 738 1170 novimus,
779 1123 829 1159 ut
858 1116 988 1158 etiam
1017 1116 1164 1172 poesis
1195 1131 1245 1158 ac
1275 1131 1368 1158 mu·

21 1176 138 1217 sicae
177 1189 283 1218 usus
324 1175 546 1230 aliquanto
585 1174 785 1216 licentior
827 1174 885 1216 sit
937 1188 1067 1228 quam
1106 1173 1151 1214 in
1182 1173 1368 1225 Politia;

22 1232 272 1287 opificia‘et
300 1231 526 1274 illiberalia
554 1231 757 1289 negotia,
799 1246 912 1286 quae
951 1231 996 1272 in
1036 1230 1201 1286 optima
1239 1245 1369 1287 repu-

24 1289 138 1331 blica
166 1289 285 1331 tertii
314 1288 477 1331 ordinis
509 1289 678 1331 civibus
720 1288 951 1331 commissa
991 1294 1118 1341 sunt,
1161 1286 1217 1329 ad
1256 1303 1368 1331 unos

23 1346 258 1401 inquilinos
289 1351 334 1388 et
363 1351 535 1388 exteros
567 1345 840 1397 deferuntur3
870 1345 1058 1400 denique
1088 1344 1366 1400 iudiciorum,

24 1402 326 1460 vectigalium,
368 1403 548 1445 aliarum
589 1419 757 1456 rerum,
804 1418 916 1458 quae
954 1403 999 1444 in
1031 1402 1191 1444 Politia
1218 1417 1272 1444 ne
1304 1409 1368 1444 at-

22 1459 249 1516 tinguntur
271 1459 460 1515 quidem,
493 1460 554 1502 ita
584 1459 758 1502 ducitur
787 1460 897 1502 ratio
918 1460 978 1515 ²3),
1011 1465 1061 1501 ut
1089 1459 1160 1502 hic
1191 1474 1367 1515 quoque

22 1524 230 1572 appareat
260 1517 390 1559 alium
422 1533 517 1560 esse
549 1524 680 1573 atque
711 1517 799 1560 illic
829 1533 971 1559 rerum
995 1517 1185 1559 civilium
1206 1523 1368 1560 statum

22 1580 153 1629 atque
196 1573 404 1617 ordinem.
473 1574 691 1618 Nimirum
728 1580 831 1617 sunt
870 1575 1066 1631 proiecto
1098 1574 1229 1617 etiam
1259 1574 1367 1617 haec

23 1631 134 1673 vitae
164 1632 402 1675 communis
441 1632 680 1675 rationibus
710 1641 799 1674 tam
838 1637 1158 1686 consentanea,
1199 1637 1250 1673 ut
1289 1647 1366 1688 pa-

22 1703 115 1730 rum
157 1697 233 1730 aut
271 1689 379 1731 nihil
418 1689 471 1731 ab
511 1690 565 1732 iis
603 1689 807 1732 recedere
848 1688 1091 1731 videantur.
1161 1688 1366 1744 Denique

23 1760 76 1788 ne
112 1744 212 1787 finis
251 1745 448 1801 quidem,
502 1746 576 1802 qui
615 1747 784 1789 civitati
830 1746 875 1788 iu
914 1746 1110 1803 Legibus
1162 1745 1364 1788 conditae

20 1803 273 1859 propositus
303 1809 394 1856 est,
442 1819 620 1860 prorsus
663 1811 730 1846 est
765 1803 880 1845 idem
920 1810 1050 1858 atque
1082 1803 1272 1859 optimae
1304 1804 1364 1846 ci-

23 1859 193 1912 vitatis,
241 1860 595 1914 quandoquidem
634 1861 732 1914 ille,
783 1860 914 1903 sicuti
952 1860 1197 1903 videbimus
1235 1861 1363 1914 infra,

22 1914 273 1969 neutiquam
311 1922 378 1958 est
406 1923 495 1958 tam
532 1917 576 1959 in
607 1917 695 1960 alto
725 1918 988 1961 constitutus
1017 1924 1194 1972 tamque
1223 1917 1366 1960 excel-

23 1986 99 2014 sus
130 1986 181 2014 ac
211 1972 422 2027 sublimis,
455 1988 583 2029 quam
603 1975 679 2029 qui
702 1974 790 2016 illic
811 1975 1083 2031 proponitur.
1144 1973 1366 2028 Quocirca

22 2028 132 2071 nihil
161 2028 250 2071 fere
280 2035 369 2084 est,
411 2030 529 2085 quod
559 2046 656 2074 cum
693 2031 775 2084 iis,
817 2046 928 2086 quae
969 2046 994 2072 a
1024 2031 1208 2074 Platone
1237 2031 1283 2074 in
1312 2031 1363 2074 li-

22 2086 111 2128 bris
142 2084 196 2127 de
227 2086 390 2142 optima
419 2087 596 2130 civitate
628 2094 732 2130 sunt
782 2087 992 2144 exposita,
1032 2088 1159 2145 plane
1203 2104 1362 2132 conve-

24 2142 136 2194 niat;
166 2143 251 2185 imo
282 2144 490 2200 pleraque
520 2145 664 2187 omnia
693 2146 754 2187 ita
783 2151 1032 2202 comparata
1061 2152 1187 2199 sunt,
1227 2152 1278 2189 ut
1307 2147 1361 2189 ab

24 2198 108 2242 illis
135 2199 388 2257 longissime
418 2202 621 2245 recedere
651 2202 967 2259 plurimumque
1001 2201 1174 2245 differre
1211 2203 1360 2247 existi-

67 2434 106 2476 Ψ)
154 2438 207 2470 De
231 2448 269 2470 re
297 2439 482 2473 iudiciaria
514 2452 548 2474 v.
580 2439 677 2472 Libr.
701 2440 765 2472 IV.
791 2452 823 2484 p.
849 2441 928 2478 766.
954 2442 987 2475 D
1013 2461 1055 2466 -—-
1083 2443 1162 2478 668.
1187 2442 1234 2475 D.
1259 2442 1357 2476 Libr.

159 2483 220 2518 lX.
245 2488 366 2526 totum,
390 2491 425 2518 et
446 2486 529 2520 XIl.
557 2497 591 2529 p.
615 2487 693 2521 956.
720 2487 761 2520 B.
802 2488 874 2521 Sed
902 2490 937 2521 in
968 2490 1100 2531 optima
1129 2490 1192 2522 illa
1216 2490 1359 2521 civitate

158 2530 331 2563 iudicibus
354 2535 536 2574 etpoenis
562 2543 634 2565 non
657 2543 744 2575 opus
770 2535 894 2575 visum,
919 2537 962 2568 de
988 2546 1057 2578 qua
1080 2547 1118 2568 re
1143 2547 1174 2567 v.
1198 2535 1255 2567 De
1270 2535 1357 2576 Rep.

162 2575 219 2609 ΙΙΙ.
246 2587 278 2618 p.
296 2577 373 2612 405.
402 2580 447 2613 A.
463 2579 504 2611 Β.
518 2580 598 2612 coll.
624 2579 736 2620 Legg.
761 2580 829 2614 IX.
854 2592 888 2623 p.
914 2581 992 2616 853.
1021 2582 1060 2615 B.
1090 2582 1132 2614 C.
1180 2582 1235 2614 De
1252 2582 1356 2613 vecti-

157 2623 286 2661 galium
316 2625 441 2657 ration.
474 2627 588 2667 agitur
619 2626 730 2667 Legg.
763 2627 839 2661 Xll.
869 2639 902 2670 p.
929 2628 1007 2662 955.
1037 2629 1080 2660 D.
1115 2629 1157 2661 Ε.
1193 2628 1291 2660 vlu.
1324 2638 1355 2669 p.

155 2667 233 2703 847.
257 2669 378 2702 B—E.
404 2670 482 2706 848.
512 2672 631 2705 A—C.
659 2672 736 2707 850.
763 2673 803 2707 B.
