1612 2872
463 74 544 116 DE
582 71 862 116 LEGIBUS
899 78 980 113 etv.
1277 71 1384 112 LX}

27 205 97 232 mo
140 188 404 246 philosopho
444 189 681 246 eripiatur,
735 188 968 230 maximum
1014 185 1101 242 ipsi
1141 184 1305 241 ingenii
1346 193 1391 226 et

27 246 311 289 humanitatis
352 245 487 288 decus
520 253 564 288 et
594 251 893 287 ornamentum
926 250 1119 299 ereptum
1153 242 1205 284 iri
1237 242 1388 285 existi-

26 319 142 346 mare
172 303 422 345 debeamus.

586 561 709 638 Cap.
749 561 830 622 lv.

28 684 345 738 „laquis-itur,
373 686 491 730 quid
516 685 659 731 Plato
690 686 739 720 in
760 684 976 740 'segnius
1002 682 1278 718 scribendis
1305 692 1385 719 se-

185 732 362 776 quutus
388 732 469 767 sil.
521 733 933 814 Tiniffissiiutiibims
959 740 992 764 a
1016 728 1230 764 Platone

142 867 299 923 Itaque
329 869 515 926 primum
548 869 726 925 quidem
757 867 1029 924 quaesivisse
1058 865 1242 921 iuvabit,
1276 867 1384 922 quid

30 923 158 966 Plato
201 926 246 966 in
286 926 529 970 scribendis
561 929 732 981 Legum
772 926 895 968 libris
925 930 1136 979 sequutus
1165 924 1222 965 sit
1252 931 1384 979 atque

28 983 308 1037 spectaverit.
378 985 447 1025 Ac
488 983 542 1026 de
576 984 660 1026 hac
700 983 879 1038 quidem
917 997 962 1023 re
993 988 1043 1022 ut
1073 981 1238 1023 certius
1269 981 1384 1023 iudi-

27 1053 127 1080 care
157 1041 392 1096 possimus,
425 1057 553 1096 quam
585 1048 634 1083 ut
664 1041 810 1083 loe-um
842 1039 1002 1082 habeat
1033 1037 1268 1090 dubitatio,
1294 1054 1384 1088 ma,-

26 1095 140 1138 xime
171 1111 222 1138 eo
254 1098 470 1152 efficitur,
503 1098 622 1153 quod
652 1096 903 1154 philosophi
934 1095 1194 1137 sententiam
1224 1094 1278 1136 de
1308 1110 1384 1137 va-

26 1153 103 1194 riis
137 1153 361 1196 civitatum
393 1156 626 1212 generibus
656 1154 832 1197 aliunde
865 1153 971 1196 satis
992 1152 1217 1207 cognitam
1247 1152 1382 1194 habe-

27 1224 138 1252 mus.
208 1211 383 1254 Etenim
429 1212 555 1255 facile
597 1227 792 1255 summus
842 1209 1133 1267 philosophus
1183 1224 1264 1264 pro
1310 1224 1380 1264 eo,

29 1281 116 1321 quo
155 1268 371 1323 pollebat,
420 1270 578 1312 mentis
616 1269 856 1323 iudiciique
901 1267 1099 1309 acumine
1138 1267 1380 1322 perspexit,

29 1323 251 1366 civitatem
291 1341 400 1380 eam,
432 1342 544 1382 quae
576 1332 902 1369 consummatae
933 1323 1214 1381 perfectionis
1246 1330 1382 1378 atque

28 1381 202 1423 virtutis
220 1381 395 1424 laudem
414 1383 617 1426 habitura
655 1389 786 1436 esset,
819 1398 897 1438 per
924 1382 1064 1437 ipsam
1096 1380 1159 1421 rei
1181 1387 1383 1423 naturam

28 1436 244 1494 duplicem
263 1439 372 1496 fingi
402 1448 447 1482 et
474 1441 658 1498 cogitari
680 1455 825 1497 posse,
859 1439 1038 1480 alteram
1068 1452 1148 1493 per
1177 1452 1224 1479 se
1255 1438 1382 1480 abso-

27 1495 162 1537 lutam
203 1497 490 1553 omnibusque
530 1499 723 1540 numeris
753 1496 1017 1553 perfectam,
1058 1494 1236 1535 alteram
1269 1510 1380 1549 eam,

29 1567 140 1606 quac
178 1568 258 1608 pro
298 1570 440 1596 rerum
479 1555 764 1597 humanarum
814 1563 947 1609 atque
988 1553 1188 1594 fortunae
1230 1551 1383 1594 condi-

28 1610 146 1651 tione
176 1625 306 1664 quam
336 1612 521 1654 maxime
547 1611 781 1654 laudabilis
817 1621 860 1652 et
891 1609 1109 1652 excellens
1135 1608 1382 1651 haberetur.

27 1666 90 1707 Et
116 1666 232 1708 illam
265 1668 439 1723 quidem
468 1669 720 1711 informavit
748 1667 894 1721 talem,
926 1667 970 1708 in
997 1681 1097 1721 qua,
1130 1667 1212 1708 etsi
1244 1666 1382 1722 ipsius

30 1738 205 1778 quoque
228 1726 418 1781 origines
447 1732 750 1782 repeterentur
779 1740 805 1766 a
826 1725 965 1780 prima
996 1723 1144 1777 aliqua
1174 1724 1383 1765 societate

31 1786 75 1822 et
105 1782 411 1824 coniunctione
442 1783 692 1838 hominum,
737 1782 879 1837 qualis
918 1780 1108 1823 conditis
1146 1780 1232 1821 iam
1262 1781 1382 1822 urbi—

29 1836 111 1878 bus
150 1852 200 1879 ac
239 1839 491 1881 civitatibus
530 1840 726 1883 extitisse
766 1838 1011 1891 videretur,
1054 1837 1146 1892 (De
1177 1837 1286 1892 Rep.
1318 1837 1383 1880 II.

31 1909 73 1948 p.
106 1895 202 1935 369.
234 1896 286 1936 Β.
319 1896 464 1950 sqq.),
506 1902 675 1950 tamen,
709 1895 816 1950 quid
848 1894 1024 1937 caderet
1052 1894 1096 1934 in
1128 1908 1270 1935 rerum
1302 1893 1383 1935 hu-

31 1964 256 1993 manarum
295 1951 614 2006 conditionem,
646 1954 790 1994 minus
820 1952 1110 2007 respiceretur
1141 1956 1272 2004 atque
1304 1949 1385 1992 hu·

31 2021 254 2050 manarum
291 2008 592 2051 infirmitatum
631 2016 676 2051 et
712 2009 1021 2051 necessitatum
1061 2006 1221 2063 exigua
1249 2005 1382 2049 duce-

31 2069 150 2105 retur
187 2065 314 2107 ratio.
383 2067 601 2109 Praefecit
638 2066 773 2122 igitur
812 2065 914 2106 huic
943 2063 1111 2106 civitati
1142 2078 1272 2118 quam
1303 2079 1382 2119 op-

30 2120 162 2163 timae
201 2137 252 2164 ac
292 2123 635 2178 perfectissimae
684 2122 966 2179 magistratus
1004 2135 1104 2162 vere
1143 2120 1380 2176 sapientes,

32 2177 110 2231 qui
140 2185 358 2234 tamquam
396 2181 619 2235 perfectae
648 2180 830 2221 rationis
860 2177 1011 2221 vicarii
1043 2184 1210 2228 essent3
1241 2177 1382 2233 ipsam

33 2239 177 2276 autem
210 2241 346 2278 totam
384 2244 515 2293 atque
553 2237 768 2294 integram
807 2251 901 2278 eam
940 2234 1079 2277 voluit
1106 2234 1264 2276 referre
1294 2250 1380 2277 non

32 2290 162 2332 modo
202 2293 405 2347 unitatis,
445 2294 524 2336 sed
565 2294 695 2335 etiam
734 2298 1059 2335 consummatae
1100 2290 1382 2334 humanitatis

31 2348 220 2402 speciem
241 2356 372 2404 atque
393 2351 574 2393 formam
592 2382 604 2404 ,
630 2357 681 2392 ut
701 2351 775 2405 qui
798 2364 892 2391 eam
913 2349 1074 2391 mentis
1093 2348 1221 2402 quasi
1243 2348 1382 2391 oculis

32 2403 319 2459 intuerentur,
351 2408 395 2448 iu
417 2408 514 2464 ipsa
535 2414 585 2450 ut
605 2408 648 2448 in
679 2407 874 2463 perfecto
895 2405 1067 2448 homine
1098 2405 1383 2461 praestantis-

34 2460 164 2502 simas
194 2462 324 2504 animi
352 2463 537 2507 virtutes
567 2479 648 2520 per
683 2464 826 2506 varios
857 2463 1016 2505 civium
1047 2462 1222 2504 ordines
1253 2461 1383 2505 diffu-

37 2531 106 2558 sas
131 2519 433 2573 conspicerent
453 2521 865 2577 conspicientesque
887 2526 930 2562 et
959 2526 1139 2561 naturae
1169 2519 1383 2561 humanae

33 2576 341 2630 praestantiam
382 2578 426 2619 in
464 2594 552 2620 una
589 2578 772 2620 maxime
823 2577 993 2619 iustitia
1030 2582 1239 2631 tanquam
1279 2591 1383 2618 con-

33 2637 244 2673 summata
281 2633 440 2676 virtute
479 2635 668 2690 posit-am
717 2641 759 2676 et
797 2633 1110 2689 rempublicam
1141 2631 1197 2674 ad
1228 2631 1384 2674 summi
