1612 2872
461 62 545 106 DE
580 61 855 109 LEGIBUS
887 72 969 106 etc.
1159 62 1385 107 CXXXV

31 177 305 232 A.X11.p.
349 180 446 218 963.
487 177 538 218 U.
586 175 637 218 Ε.
680 180 778 220 964.
821 177 872 218 B.
911 178 1008 221 965.
1039 178 1094 218 A.
1128 177 1183 219 D.
1246 177 1386 219 Nimi-

31 249 125 276 rum
155 231 308 277 audias
341 232 412 274 hic
450 231 714 275 Ciceron.
757 232 890 276 offic.
923 234 956 277 1.
988 235 1060 288 4:,5
1096 235 1190 277 153.
1222 233 1387 275 Prin-

32 304 164 346 ceps
222 290 462 332 omnium
537 290 818 332 virtutum
890 290 997 332 illa
1061 290 1384 346 sapientia,

30 361 191 412 quam
222 349 438 402 σοφίαν
477 345 679 388 Graeci
708 353 914 389 vocant
942 371 997 378 -
1028 346 1385 402 prudentiam

29 403 200 456 enim,
241 418 395 458 quam
438 401 642 445 Graeci
698 402 946 457 ‹mmm-ow,
1001 403 1166 446 aliam
1211 419 1384 458 quan-

30 459 146 502 dam
187 459 604 516 intelligimus,
656 474 799 513 quae
848 467 936 502 est
983 475 1165 502 rerum
1217 475 1383 516 expe-

31 516 324 558 tendarum
354 495 870 580 fugiendarumque
912 517 1117 559 scienti
1130 532 1155 558 ·ι
1193 542 1248 548 —-
1277 516 1382 559 illa

29 589 92 615 <tu
110 581 217 615 tem
272 572 590 628 sapientia,
651 587 821 626 quam
869 573 1191 628 principem
1243 573 1381 626 dixi,

29 644 206 675 rerum
268 636 356 671 est
412 628 735 670 divinarum
796 635 964 684 atque
1024 629 1383 672 humanarum

28 686 291 729 scientia.
356 685 565 742 Disputat
596 695 740 727 autem
770 685 1060 742 philosophus
1091 685 1146 727 de
1177 702 1229 728 ea
1260 687 1383 729 Libr

28 742 63 784 Ι.
94 759 138 799 p.
168 744 266 784 631.
296 741 346 783 C.
369 757 464 798 sqq.
497 743 583 784 fere
616 741 736 783 haec.
794 742 932 807 „Duo
962 749 1081 795 sunt,
1115 743 1383 798 111ςυί1,ὺο-

29 815 180 842 norum
202 815 377 856 genera,
406 799 543 841 altera
572 799 774 852 humana,
805 798 954 842 diviua
975 800 1123 841 altera.
1183 800 1243 841 Et
1274 800 1384 841 inter

27 856 176 899 divina
217 855 393 922 quidem
433 856 724 920 principatum
765 863 885 897 tenet
929 871 1026 911 sap
1042 856 1220 898 ientia
1252 854 1382 912 (φρό-

30 914 191 969 nmis),
223 928 352 968 quam
384 911 543 954 deiude
563 912 789 977 excipiunt
806 914 993 955 virtutes
1019 913 1227 967 reliquae.
1290 914 1382 955 lam

27 985 129 1012 vero
159 969 348 1011 humana
385 970 501 1012 bona
542 970 747 1024 quoniam
789 985 843 1012 ex
872 969 1033 1012 divinis
1065 969 1283 1026 pendent,
1316 971 1382 1011 in-

27 1035 95 1069 ter
124 1026 231 1069 haec
262 1027 360 1082 ipsa
389 1033 535 1068 autem
565 1034 787 1081 tamquam
828 1042 985 1083 agmen
1016 1026 1140 1069 ducit
1168 1027 1383 1083 sapientia

26 1083 307 1140 (φρόνησις),
348 1098 623 1137 consequens
654 1089 745 1135 est,
785 1090 834 1124 ut
855 1064 1015 1148 legum
1048 1083 1249 1126 conditor
1278 1099 1381 1140 pru-

26 1140 134 1185 dens
176 1146 308 1195 atque
349 1140 526 1195 sapiens
568 1139 680 1182 hanc
726 1140 863 1205 ipsam
914 1140 1188 1196 potissimum
1229 1155 1380 1183 curare

26 1196 185 1239 debeat
213 1211 451 1251 omnesque
482 1197 533 1238 le‹
524 1211 602 1252 ges
633 1211 734 1238 suas
763 1196 826 1238 ita
854 1197 1073 1251 scribere,
1106 1203 1156 1239 ut
1182 1213 1260 1254 per
1289 1213 1380 1239 om-

25 1268 104 1296 nes
142 1269 193 1296 ac
232 1254 428 1310 singulas
483 1268 612 1308 quam
662 1253 848 1294 maxima
896 1261 1053 1310 regnet
1101 1254 1381 1310 prudentia‘·‘.

26 1310 128 1364 Quo
173 1309 347 1365 quidem
386 1310 484 1352 loco
525 1310 716 1353 notabile
747 1317 828 1364 est,
861 1289 979 1366 quod
1010 1310 1218 1367 deinceps
1249 1311 1380 1353 etiam

24 1368 167 1410 brevis
206 1366 443 1422 descriptio
491 1367 719 1409 universae
757 1367 1080 1432 legumlationis
1133 1368 1378 1422 exhibetur,

24 1424 236 1523 qualern
225 1440 270 1465 111
314 1424 487 1480 Legum
527 1439 658 1488 opere
689 1438 830 1478 usque
859 1423 915 1466 ad
945 1425 1109 1466 exitum
1139 1425 1238 1467 libri
1269 1424 1379 1467 duo-

56 1496 182 1523 6611111
212 1496 364 1522 revera
394 1481 634 1536 expositam
666 1486 710 1522 et
739 1481 1001 1523 illustratam
1030 1482 1298 1537 reperimus,
1330 1489 1379 1524 ut

24 1537 215 1580 dubitari
254 1537 452 1592 profecto
485 1537 540 1579 de
569 1538 755 1579 veritate
786 1553 962 1592 eorum,
1009 1553 1122 1593 quae
1151 1537 1283 1581 modo
1313 1539 1379 1580 iu-

24 1594 291 1648 dicavimus,
331 1594 450 1636 nullo
490 1594 620 1636 modo
666 1595 821 1650 possit.
881 1594 974 1638 Sed
1003 1594 1138 1637 multo
1166 1595 1379 1637 illustrior

25 1657 71 1693 et
96 1650 152 1693 ad
184 1650 535 1708 cognoscendam
567 1668 644 1703 της
679 1667 940 1704 φοοτησεως
968 1658 1168 1694 naturam
1201 1651 1378 1694 uberior

23 1714 91 1751 cst
126 1708 248 1750 locus
290 1707 818 1764 Libr.111.p‚687.E.
863 1709 939 1751 ubi
978 1709 1052 1764 qui
1082 1709 1204 1776 leges
1234 1709 1378 1764 publi-

23 1779 98 1807 cas
128 1765 306 1819 scribat,
336 1765 373 1807 is
402 1765 577 1807 iubetur
618 1765 730 1819 πρὸς
757 1767 906 1808 πᾶσαν
931 1767 1012 1820 μὲν
1044 1765 1242 1821 (ἀρετὴν)
1281 1767 1377 1820 βλέ-

25 1837 138 1875 πειν,
168 1821 362 1875 μάλιστα
394 1824 442 1864 δὲ
473 1839 544 1864 και
578 1821 690 1875 πρὸς
720 1821 899 1874 πρώτην
928 1821 1007 1874 τήν
1038 1840 1116 1875 της
1146 1822 1379 1876 ξιμπάσης

27 1876 222 1933 ἡγεμόνα
261 1877 445 1933 ἀρετῆς,
485 1862 647 1920 additis
687 1878 855 1921 verbis:
897 1894 1184 1946 ᾳρυνησις
1223 1881 1271 1922 δὲ
1312 1880 1378 1931 ειή

26 1936 156 1977 τοῦτο
199 1938 273 1977 καὶ
310 1936 440 1984 νοῦς
481 1933 567 1977 na?
594 1933 735 1988 δόξα
774 1935 861 1988 μετ’
909 1934 1072 1988 ἔρωτός
1101 1952 1146 1978 τε
1178 1938 1250 1977 καὶ
1281 1939 1377 1977 ἑπι-

25 1994 203 2059 θυμίας
241 1989 417 2040 τούτοις
454 1994 683 2043 ἑπυμέτης.
736 1991 782 2033 111
822 1992 983 2046 quibus
1032 1992 1207 2034 notabis
1253 1986 1377 2033 addi-

25 2055 116 2091 tum
149 2045 274 2101 δόξα,
306 2063 394 2102 quo
423 2047 551 2090 simul
572 2054 691 2090 recta
712 2048 859 2103 opinio
881 2048 1167 2104 significatur.
1228 2048 1377 2090 Enim-

25 2120 127 2147 vero
171 2112 239 2147 est
278 2104 386 2147 haec
425 2104 526 2146 talis
557 2105 774 2160 sapientia
817 2107 1018 2160 protecto
1059 2104 1288 2159 eiusmodi,
1328 2112 1378 2147 ut

26 2177 160 2216 quum
203 2177 290 2204 non
330 2168 592 2216 assequatur
641 2179 717 2212 της
766 2163 1007 2212 ἐπιστήμης
1061 2162 1375 2215 excellentiam,

25 2226 116 2260 tum
147 2233 245 2261 cum
275 2225 395 2260 recta
424 2218 631 2283 opinione
661 2219 717 2260 sit
737 2218 1105 2261 coniunctissima.
1165 2218 1378 2274 Sequitur

26 2275 140 2316 enim
181 2275 451 2330 probabilem
492 2275 717 2318 rationem.
786 2274 1062 2340 Quamquam
1103 2281 1261 2317 natura
1296 2291 1378 2318 sua

26 2332 170 2374 varios
202 2331 333 2374 habet
392 2330 549 2385 radus,
588 2338 637 2373 ut
678 2347 794 2374 nunc
824 2333 1006 2387 propius
1038 2331 1094 2375 ad
1124 2332 1279 2374 mentis
1307 2348 1376 2374 ra-

26 2388 247 2453 tionisque
278 2347 405 2430 lauti}
383 2403 451 2430 em
481 2364 721 2442 attollatur,
752 2403 866 2430 nunc
897 2404 942 2431 se
965 2389 1091 2445 plane
1123 2388 1179 2430 ad
1202 2390 1374 2445 opinio-

27 2445 94 2487 nis
123 2450 269 2486 rectae
299 2443 474 2487 modum
505 2444 719 2487 demittat.
780 2445 862 2487 Est
891 2452 1037 2488 autem
1067 2446 1259 2487 universi
1288 2445 1375 2487 loci

27 2501 243 2543 sententia
281 2501 373 2543 fere
410 2501 531 2544 haec.
602 2500 865 2557 Expetenda
894 2509 983 2556 est,
1032 2502 1177 2558 inquit
1213 2510 1374 2555 orator,

27 2563 131 2599 ante
160 2556 305 2600 omnia
333 2557 472 2600 virtus
503 2558 829 2613 sapientiae
845 2559 1121 2625 (Γρρόιησις)
1163 2568 1252 2601 tam
1285 2557 1374 2600 sin-

27 2613 140 2669 gulis
178 2613 448 2667 hominibus,
494 2629 621 2670 quam
663 2614 879 2659 universis
919 2616 1183 2659 civitatibus.
1255 2615 1379 2668 Qua-
