<?xml version="1.0" encoding="UTF-8"?>
<!DOCTYPE html PUBLIC "-//W3C//DTD XHTML 1.0 Transitional//EN"
    "http://www.w3.org/TR/xhtml1/DTD/xhtml1-transitional.dtd">
<html xmlns="http://www.w3.org/1999/xhtml" xml:lang="en" lang="en">
 <head>
  <title>
</title>
<meta http-equiv="Content-Type" content="text/html;charset=utf-8" />
  <meta name='ocr-system' content='tesseract 3.04.00' />
  <meta name='ocr-capabilities' content='ocr_page ocr_carea ocr_par ocr_line ocrx_word'/>
</head>
<body>
  <div class='ocr_page' id='page_1' title='image "./s1operaomniarece10platuoft_0136.png"; bbox 0 0 1612 2872; ppageno 0'>
   <div class='ocr_carea' id='block_1_1' title="bbox 271 132 1146 178">
    <p class='ocr_par' dir='ltr' id='par_1_1' title="bbox 271 132 1146 178">
     <span class='ocr_line' id='line_1_1' title="bbox 271 132 1146 178; baseline -0.003 0"><span class='ocrx_word' id='word_1_1' title='bbox 271 135 500 178; x_wconf 85' lang='lat' dir='ltr'>CXXXII</span> <span class='ocrx_word' id='word_1_2' title='bbox 672 132 1146 176; x_wconf 72' lang='lat' dir='ltr'>PROLEGOMENA</span> 
     </span>
    </p>
   </div>
   <div class='ocr_carea' id='block_1_2' title="bbox 257 243 1612 2694">
    <p class='ocr_par' dir='ltr' id='par_1_2' title="bbox 270 243 1597 353">
     <span class='ocr_line' id='line_1_2' title="bbox 270 243 1597 300; baseline 0 -12"><span class='ocrx_word' id='word_1_3' title='bbox 270 247 424 299; x_wconf 81' lang='lat' dir='ltr'><strong>refert,</strong></span> <span class='ocrx_word' id='word_1_4' title='bbox 466 252 512 287; x_wconf 91' lang='lat' dir='ltr'>ut</span> <span class='ocrx_word' id='word_1_5' title='bbox 542 260 704 286; x_wconf 84' lang='lat' dir='ltr'>morum</span> <span class='ocrx_word' id='word_1_6' title='bbox 735 243 973 284; x_wconf 75' lang='lat' dir='ltr'>doctrinam</span> <span class='ocrx_word' id='word_1_7' title='bbox 1004 244 1220 299; x_wconf 81' lang='lat' dir='ltr'>cognitam</span> <span class='ocrx_word' id='word_1_8' title='bbox 1253 245 1498 300; x_wconf 78' lang='lat' dir='ltr'>habeamus,</span> <span class='ocrx_word' id='word_1_9' title='bbox 1530 247 1597 289; x_wconf 85' lang='lat' dir='ltr'>cui</span> 
     </span>
     <span class='ocr_line' id='line_1_3' title="bbox 271 298 913 353; baseline -0.003 -10"><span class='ocrx_word' id='word_1_10' title='bbox 271 301 343 343; x_wconf 86' lang='lat' dir='ltr'>illa</span> <span class='ocrx_word' id='word_1_11' title='bbox 370 308 462 342; x_wconf 89' lang='lat' dir='ltr'>tota</span> <span class='ocrx_word' id='word_1_12' title='bbox 492 300 674 353; x_wconf 90' lang='lat' dir='ltr'>denique</span> <span class='ocrx_word' id='word_1_13' title='bbox 702 298 913 341; x_wconf 86' lang='lat' dir='ltr'>innititur.</span> 
     </span>
    </p>

    <p class='ocr_par' dir='ltr' id='par_1_3' title="bbox 257 353 1612 2694">
     <span class='ocr_line' id='line_1_4' title="bbox 383 353 1600 410; baseline 0.001 -14"><span class='ocrx_word' id='word_1_14' title='bbox 383 357 442 397; x_wconf 86' lang='lat' dir='ltr'>Et</span> <span class='ocrx_word' id='word_1_15' title='bbox 477 355 547 396; x_wconf 89' lang='lat' dir='ltr'>hic</span> <span class='ocrx_word' id='word_1_16' title='bbox 586 354 759 408; x_wconf 90' lang='lat' dir='ltr'>quidem</span> <span class='ocrx_word' id='word_1_17' title='bbox 803 353 927 395; x_wconf 89' lang='lat' dir='ltr'>nobis</span> <span class='ocrx_word' id='word_1_18' title='bbox 977 359 1076 395; x_wconf 87' lang='lat' dir='ltr'>ante</span> <span class='ocrx_word' id='word_1_19' title='bbox 1116 354 1258 395; x_wconf 88' lang='lat' dir='ltr'>omnia</span> <span class='ocrx_word' id='word_1_20' title='bbox 1307 356 1600 410; x_wconf 82' lang='lat' dir='ltr'>oppugnanda</span> 
     </span>
     <span class='ocr_line' id='line_1_5' title="bbox 273 407 1599 466; baseline 0.001 -14"><span class='ocrx_word' id='word_1_21' title='bbox 273 418 338 453; x_wconf 88' lang='lat' dir='ltr'>est</span> <span class='ocrx_word' id='word_1_22' title='bbox 366 411 512 466; x_wconf 84' lang='lat' dir='ltr'>opinio</span> <span class='ocrx_word' id='word_1_23' title='bbox 543 410 813 462; x_wconf 78' lang='lat' dir='ltr'>criticorum,</span> <span class='ocrx_word' id='word_1_24' title='bbox 846 409 918 462; x_wconf 88' lang='lat' dir='ltr'>qui</span> <span class='ocrx_word' id='word_1_25' title='bbox 948 407 1186 450; x_wconf 85' lang='lat' dir='ltr'>doctrinam</span> <span class='ocrx_word' id='word_1_26' title='bbox 1216 409 1269 451; x_wconf 88' lang='lat' dir='ltr'>de</span> <span class='ocrx_word' id='word_1_27' title='bbox 1299 411 1526 453; x_wconf 83' lang='lat' dir='ltr'>virtutibus</span> <span class='ocrx_word' id='word_1_28' title='bbox 1555 412 1599 452; x_wconf 89' lang='lat' dir='ltr'>in</span> 
     </span>
     <span class='ocr_line' id='line_1_6' title="bbox 272 464 1598 522; baseline 0.001 -15"><span class='ocrx_word' id='word_1_29' title='bbox 272 467 466 522; x_wconf 85' lang='lat' dir='ltr'>Legibus</span> <span class='ocrx_word' id='word_1_30' title='bbox 505 480 638 521; x_wconf 87' lang='lat' dir='ltr'>prope</span> <span class='ocrx_word' id='word_1_31' title='bbox 674 471 808 507; x_wconf 89' lang='lat' dir='ltr'>totam</span> <span class='ocrx_word' id='word_1_32' title='bbox 854 464 1052 506; x_wconf 88' lang='lat' dir='ltr'>omissam</span> <span class='ocrx_word' id='word_1_33' title='bbox 1093 479 1186 506; x_wconf 81' lang='lat' dir='ltr'>esse</span> <span class='ocrx_word' id='word_1_34' title='bbox 1228 467 1455 519; x_wconf 81' lang='lat' dir='ltr'>conquesti</span> <span class='ocrx_word' id='word_1_35' title='bbox 1484 473 1598 509; x_wconf 87' lang='lat' dir='ltr'>sunt.</span> 
     </span>
     <span class='ocr_line' id='line_1_7' title="bbox 272 518 1599 576; baseline 0.002 -14"><span class='ocrx_word' id='word_1_36' title='bbox 272 521 387 562; x_wconf 86' lang='lat' dir='ltr'>Nam</span> <span class='ocrx_word' id='word_1_37' title='bbox 427 521 680 562; x_wconf 87' lang='lat' dir='ltr'>Zellerus</span> <span class='ocrx_word' id='word_1_38' title='bbox 721 521 892 575; x_wconf 90' lang='lat' dir='ltr'>quidem</span> <span class='ocrx_word' id='word_1_39' title='bbox 939 520 984 560; x_wconf 90' lang='lat' dir='ltr'>in</span> <span class='ocrx_word' id='word_1_40' title='bbox 1033 518 1199 562; x_wconf 83' lang='lat' dir='ltr'>Studiis</span> <span class='ocrx_word' id='word_1_41' title='bbox 1243 520 1410 563; x_wconf 87' lang='lat' dir='ltr'>Platon.</span> <span class='ocrx_word' id='word_1_42' title='bbox 1450 538 1489 576; x_wconf 85' lang='lat' dir='ltr'>p.</span> <span class='ocrx_word' id='word_1_43' title='bbox 1531 524 1599 564; x_wconf 83' lang='lat'>31.</span> 
     </span>
     <span class='ocr_line' id='line_1_8' title="bbox 273 574 1599 633; baseline 0.001 -16"><span class='ocrx_word' id='word_1_44' title='bbox 273 590 368 630; x_wconf 88' lang='lat' dir='ltr'><strong>sqq.</strong></span> <span class='ocrx_word' id='word_1_45' title='bbox 411 582 455 616; x_wconf 87' lang='lat' dir='ltr'>et</span> <span class='ocrx_word' id='word_1_46' title='bbox 501 576 547 617; x_wconf 91' lang='lat' dir='ltr'>in</span> <span class='ocrx_word' id='word_1_47' title='bbox 593 577 760 618; x_wconf 88' lang='lat' dir='ltr'>Histor.</span> <span class='ocrx_word' id='word_1_48' title='bbox 800 574 1050 630; x_wconf 79' lang='lat' dir='ltr'>Philosoph.</span> <span class='ocrx_word' id='word_1_49' title='bbox 1093 574 1273 617; x_wconf 84' lang='lat' dir='ltr'>Graece.</span> <span class='ocrx_word' id='word_1_50' title='bbox 1317 577 1415 618; x_wconf 92' lang='lat' dir='ltr'>Vol.</span> <span class='ocrx_word' id='word_1_51' title='bbox 1455 577 1515 619; x_wconf 92' lang='grc' dir='ltr'>Π.</span> <span class='ocrx_word' id='word_1_52' title='bbox 1557 594 1599 633; x_wconf 88' lang='lat' dir='ltr'>p.</span> 
     </span>
     <span class='ocr_line' id='line_1_9' title="bbox 274 630 1598 686; baseline 0.002 -15"><span class='ocrx_word' id='word_1_53' title='bbox 274 632 370 672; x_wconf 81' lang='lat'>319.</span> <span class='ocrx_word' id='word_1_54' title='bbox 408 645 504 685; x_wconf 89' lang='lat' dir='ltr'>sqq.</span> <span class='ocrx_word' id='word_1_55' title='bbox 541 646 633 672; x_wconf 86' lang='lat' dir='ltr'>eam</span> <span class='ocrx_word' id='word_1_56' title='bbox 674 647 758 673; x_wconf 90' lang='lat' dir='ltr'>non</span> <span class='ocrx_word' id='word_1_57' title='bbox 801 630 938 673; x_wconf 89' lang='lat' dir='ltr'>solum</span> <span class='ocrx_word' id='word_1_58' title='bbox 978 630 1205 686; x_wconf 86' lang='lat' dir='ltr'>plurimum</span> <span class='ocrx_word' id='word_1_59' title='bbox 1245 631 1416 673; x_wconf 84' lang='lat' dir='ltr'>differre</span> <span class='ocrx_word' id='word_1_60' title='bbox 1460 634 1513 674; x_wconf 90' lang='lat' dir='ltr'>ab</span> <span class='ocrx_word' id='word_1_61' title='bbox 1545 633 1598 674; x_wconf 89' lang='lat' dir='ltr'>iis</span> 
     </span>
     <span class='ocr_line' id='line_1_10' title="bbox 274 685 1599 742; baseline 0.002 -15"><span class='ocrx_word' id='word_1_62' title='bbox 274 685 459 740; x_wconf 86' lang='lat' dir='ltr'>iudicat,</span> <span class='ocrx_word' id='word_1_63' title='bbox 501 700 608 740; x_wconf 86' lang='lat' dir='ltr'>quae</span> <span class='ocrx_word' id='word_1_64' title='bbox 645 687 689 728; x_wconf 89' lang='lat' dir='ltr'>iu</span> <span class='ocrx_word' id='word_1_65' title='bbox 721 687 983 742; x_wconf 86' lang='lat' dir='ltr'>Republica,</span> <span class='ocrx_word' id='word_1_66' title='bbox 1016 687 1217 739; x_wconf 82' lang='lat' dir='ltr'>Timaeo,</span> <span class='ocrx_word' id='word_1_67' title='bbox 1248 687 1474 741; x_wconf 82' lang='lat' dir='ltr'>Phaedro,</span> <span class='ocrx_word' id='word_1_68' title='bbox 1506 689 1599 730; x_wconf 84' lang='lat' dir='ltr'>aliis</span> 
     </span>
     <span class='ocr_line' id='line_1_11' title="bbox 274 742 1600 799; baseline 0.002 -17"><span class='ocrx_word' id='word_1_69' title='bbox 274 742 472 784; x_wconf 81' lang='lat' dir='ltr'>Platonis</span> <span class='ocrx_word' id='word_1_70' title='bbox 507 742 648 795; x_wconf 87' lang='lat' dir='ltr'>libris,</span> <span class='ocrx_word' id='word_1_71' title='bbox 689 742 744 784; x_wconf 89' lang='lat' dir='ltr'>de</span> <span class='ocrx_word' id='word_1_72' title='bbox 782 743 987 783; x_wconf 86' lang='lat' dir='ltr'>virtutum</span> <span class='ocrx_word' id='word_1_73' title='bbox 1035 743 1080 782; x_wconf 83' lang='lat' dir='ltr'>vi</span> <span class='ocrx_word' id='word_1_74' title='bbox 1121 750 1162 783; x_wconf 91' lang='lat' dir='ltr'>et</span> <span class='ocrx_word' id='word_1_75' title='bbox 1202 749 1355 783; x_wconf 89' lang='lat' dir='ltr'>natura</span> <span class='ocrx_word' id='word_1_76' title='bbox 1405 745 1600 799; x_wconf 85' lang='lat' dir='ltr'>exposita</span> 
     </span>
     <span class='ocr_line' id='line_1_12' title="bbox 274 797 1599 852; baseline 0.002 -15"><span class='ocrx_word' id='word_1_77' title='bbox 274 798 377 850; x_wconf 82' lang='lat' dir='ltr'>sint,</span> <span class='ocrx_word' id='word_1_78' title='bbox 408 813 556 839; x_wconf 85' lang='lat' dir='ltr'>verum</span> <span class='ocrx_word' id='word_1_79' title='bbox 588 798 715 839; x_wconf 90' lang='lat' dir='ltr'>etiam</span> <span class='ocrx_word' id='word_1_80' title='bbox 742 813 936 839; x_wconf 87' lang='lat' dir='ltr'>mancam</span> <span class='ocrx_word' id='word_1_81' title='bbox 966 803 1010 838; x_wconf 89' lang='lat' dir='ltr'>et</span> <span class='ocrx_word' id='word_1_82' title='bbox 1039 797 1332 852; x_wconf 78' lang='lat' dir='ltr'>imperfectam</span> <span class='ocrx_word' id='word_1_83' title='bbox 1364 812 1459 839; x_wconf 84' lang='lat' dir='ltr'>esse</span> <span class='ocrx_word' id='word_1_84' title='bbox 1488 799 1599 840; x_wconf 89' lang='lat' dir='ltr'>arbi-</span> 
     </span>
     <span class='ocr_line' id='line_1_13' title="bbox 274 852 1600 909; baseline 0.002 -16"><span class='ocrx_word' id='word_1_85' title='bbox 274 858 412 894; x_wconf 84' lang='lat' dir='ltr'>tratur</span> <span class='ocrx_word' id='word_1_86' title='bbox 439 859 692 907; x_wconf 82' lang='lat' dir='ltr'>propterea,</span> <span class='ocrx_word' id='word_1_87' title='bbox 734 853 852 907; x_wconf 87' lang='lat' dir='ltr'>quod</span> <span class='ocrx_word' id='word_1_88' title='bbox 882 852 1106 908; x_wconf 87' lang='lat' dir='ltr'>primariae</span> <span class='ocrx_word' id='word_1_89' title='bbox 1143 852 1348 906; x_wconf 83' lang='lat' dir='ltr'>virtutes,</span> <span class='ocrx_word' id='word_1_90' title='bbox 1390 855 1600 909; x_wconf 81' lang='lat' dir='ltr'>sapientia</span> 
     </span>
     <span class='ocr_line' id='line_1_14' title="bbox 273 908 1600 964; baseline 0.003 -16"><span class='ocrx_word' id='word_1_91' title='bbox 273 914 316 949; x_wconf 92' lang='lat' dir='ltr'>et</span> <span class='ocrx_word' id='word_1_92' title='bbox 343 908 531 961; x_wconf 88' lang='lat' dir='ltr'>iustitia,</span> <span class='ocrx_word' id='word_1_93' title='bbox 561 909 606 949; x_wconf 88' lang='lat' dir='ltr'>in</span> <span class='ocrx_word' id='word_1_94' title='bbox 635 909 718 950; x_wconf 91' lang='lat' dir='ltr'>boc</span> <span class='ocrx_word' id='word_1_95' title='bbox 748 923 875 963; x_wconf 86' lang='lat' dir='ltr'>opere</span> <span class='ocrx_word' id='word_1_96' title='bbox 904 922 1038 963; x_wconf 84' lang='lat' dir='ltr'>prope</span> <span class='ocrx_word' id='word_1_97' title='bbox 1079 908 1302 963; x_wconf 78' lang='lat' dir='ltr'>neglectae</span> <span class='ocrx_word' id='word_1_98' title='bbox 1332 923 1381 949; x_wconf 81' lang='lat' dir='ltr'>ac</span> <span class='ocrx_word' id='word_1_99' title='bbox 1411 917 1600 964; x_wconf 87' lang='lat' dir='ltr'>praeter-</span> 
     </span>
     <span class='ocr_line' id='line_1_15' title="bbox 274 963 1602 1019; baseline 0.002 -15"><span class='ocrx_word' id='word_1_100' title='bbox 274 963 431 1005; x_wconf 84' lang='lat' dir='ltr'>missae</span> <span class='ocrx_word' id='word_1_101' title='bbox 470 963 710 1005; x_wconf 82' lang='lat' dir='ltr'>videantur.</span> <span class='ocrx_word' id='word_1_102' title='bbox 777 963 896 1016; x_wconf 78' lang='lat' dir='ltr'>Quin</span> <span class='ocrx_word' id='word_1_103' title='bbox 935 963 1061 1004; x_wconf 88' lang='lat' dir='ltr'>etiam</span> <span class='ocrx_word' id='word_1_104' title='bbox 1096 975 1153 1004; x_wconf 65' lang='lat' dir='ltr'>&#39;eo</span> <span class='ocrx_word' id='word_1_105' title='bbox 1202 964 1504 1019; x_wconf 79' lang='lat' dir='ltr'>progreditur,</span> <span class='ocrx_word' id='word_1_106' title='bbox 1552 972 1602 1007; x_wconf 86' lang='lat' dir='ltr'>ut</span> 
     </span>
     <span class='ocr_line' id='line_1_16' title="bbox 275 1018 1600 1074; baseline 0.002 -15"><span class='ocrx_word' id='word_1_107' title='bbox 275 1018 440 1060; x_wconf 82' lang='lat' dir='ltr'>Hister.</span> <span class='ocrx_word' id='word_1_108' title='bbox 482 1019 647 1060; x_wconf 81' lang='lat' dir='ltr'>Philos.</span> <span class='ocrx_word' id='word_1_109' title='bbox 687 1020 713 1060; x_wconf 92' lang='lat' dir='ltr'>l.</span> <span class='ocrx_word' id='word_1_110' title='bbox 755 1034 791 1060; x_wconf 84' lang='lat' dir='ltr'>c.</span> <span class='ocrx_word' id='word_1_111' title='bbox 832 1035 874 1074; x_wconf 90' lang='lat' dir='ltr'>p.</span> <span class='ocrx_word' id='word_1_112' title='bbox 916 1020 1011 1061; x_wconf 76' lang='lat'>320.</span> <span class='ocrx_word' id='word_1_113' title='bbox 1053 1019 1288 1060; x_wconf 82' lang='lat' dir='ltr'>contendat</span> <span class='ocrx_word' id='word_1_114' title='bbox 1335 1021 1600 1062; x_wconf 86' lang='lat' dir='ltr'>subtiliorem</span> 
     </span>
     <span class='ocr_line' id='line_1_17' title="bbox 271 1072 1598 1129; baseline 0.002 -15"><span class='ocrx_word' id='word_1_115' title='bbox 271 1072 328 1115; x_wconf 88' lang='lat' dir='ltr'>de</span> <span class='ocrx_word' id='word_1_116' title='bbox 357 1074 590 1116; x_wconf 85' lang='lat' dir='ltr'>virtutibus</span> <span class='ocrx_word' id='word_1_117' title='bbox 628 1074 865 1116; x_wconf 86' lang='lat' dir='ltr'>doctrinam</span> <span class='ocrx_word' id='word_1_118' title='bbox 904 1074 1102 1115; x_wconf 76' lang='lat' dir='ltr'>consulto</span> <span class='ocrx_word' id='word_1_119' title='bbox 1133 1075 1274 1128; x_wconf 80' lang='lat' dir='ltr'>sperni</span> <span class='ocrx_word' id='word_1_120' title='bbox 1307 1082 1437 1129; x_wconf 87' lang='lat' dir='ltr'>atque</span> <span class='ocrx_word' id='word_1_121' title='bbox 1465 1076 1598 1127; x_wconf 88' lang='lat' dir='ltr'>reiici,</span> 
     </span>
     <span class='ocr_line' id='line_1_18' title="bbox 275 1129 1601 1186; baseline 0.002 -16"><span class='ocrx_word' id='word_1_122' title='bbox 275 1129 485 1182; x_wconf 75' lang='lat' dir='ltr'>colligens</span> <span class='ocrx_word' id='word_1_123' title='bbox 525 1145 612 1171; x_wconf 90' lang='lat' dir='ltr'>rem</span> <span class='ocrx_word' id='word_1_124' title='bbox 651 1145 674 1171; x_wconf 92' lang='lat' dir='ltr'>e</span> <span class='ocrx_word' id='word_1_125' title='bbox 714 1130 809 1172; x_wconf 90' lang='lat' dir='ltr'>loco</span> <span class='ocrx_word' id='word_1_126' title='bbox 853 1130 992 1185; x_wconf 82' lang='lat' dir='ltr'>Legg.</span> <span class='ocrx_word' id='word_1_127' title='bbox 1024 1129 1060 1171; x_wconf 94' lang='lat' dir='ltr'>I.</span> <span class='ocrx_word' id='word_1_128' title='bbox 1090 1145 1130 1184; x_wconf 90' lang='lat' dir='ltr'>p.</span> <span class='ocrx_word' id='word_1_129' title='bbox 1158 1130 1253 1171; x_wconf 75' lang='lat'>(326.</span> <span class='ocrx_word' id='word_1_130' title='bbox 1284 1131 1338 1171; x_wconf 86' lang='lat' dir='ltr'>D.</span> <span class='ocrx_word' id='word_1_131' title='bbox 1379 1146 1472 1186; x_wconf 84' lang='lat' dir='ltr'>sqq.</span> <span class='ocrx_word' id='word_1_132' title='bbox 1543 1132 1601 1173; x_wconf 80' lang='lat' dir='ltr'>Et</span> 
     </span>
     <span class='ocr_line' id='line_1_19' title="bbox 273 1185 1600 1241; baseline 0.002 -15"><span class='ocrx_word' id='word_1_133' title='bbox 273 1192 538 1239; x_wconf 81' lang='lat' dir='ltr'>postremum</span> <span class='ocrx_word' id='word_1_134' title='bbox 569 1186 741 1240; x_wconf 88' lang='lat' dir='ltr'>quidem</span> <span class='ocrx_word' id='word_1_135' title='bbox 771 1185 888 1227; x_wconf 86' lang='lat' dir='ltr'>istud</span> <span class='ocrx_word' id='word_1_136' title='bbox 918 1200 1032 1226; x_wconf 90' lang='lat' dir='ltr'>nunc</span> <span class='ocrx_word' id='word_1_137' title='bbox 1060 1185 1297 1239; x_wconf 80' lang='lat' dir='ltr'>mittamus,</span> <span class='ocrx_word' id='word_1_138' title='bbox 1330 1186 1444 1240; x_wconf 86' lang='lat' dir='ltr'>quod</span> <span class='ocrx_word' id='word_1_139' title='bbox 1475 1187 1600 1241; x_wconf 85' lang='lat' dir='ltr'>quale</span> 
     </span>
     <span class='ocr_line' id='line_1_20' title="bbox 272 1240 1598 1296; baseline 0.001 -13"><span class='ocrx_word' id='word_1_140' title='bbox 272 1241 331 1283; x_wconf 86' lang='lat' dir='ltr'>sit</span> <span class='ocrx_word' id='word_1_141' title='bbox 369 1241 593 1296; x_wconf 86' lang='lat' dir='ltr'>postmodo</span> <span class='ocrx_word' id='word_1_142' title='bbox 631 1247 782 1296; x_wconf 88' lang='lat' dir='ltr'>sponte</span> <span class='ocrx_word' id='word_1_143' title='bbox 813 1241 1047 1296; x_wconf 84' lang='lat' dir='ltr'>apparebit.</span> <span class='ocrx_word' id='word_1_144' title='bbox 1107 1240 1237 1293; x_wconf 75' lang='lat' dir='ltr'>Quod</span> <span class='ocrx_word' id='word_1_145' title='bbox 1266 1247 1405 1282; x_wconf 87' lang='lat' dir='ltr'>autem</span> <span class='ocrx_word' id='word_1_146' title='bbox 1436 1242 1598 1284; x_wconf 83' lang='lat' dir='ltr'>iudica-</span> 
     </span>
     <span class='ocr_line' id='line_1_21' title="bbox 273 1295 1597 1352; baseline 0.002 -15"><span class='ocrx_word' id='word_1_147' title='bbox 273 1296 336 1337; x_wconf 88' lang='lat' dir='ltr'>vit</span> <span class='ocrx_word' id='word_1_148' title='bbox 362 1297 407 1344; x_wconf 17' lang='lat' dir='ltr'>in*</span> <span class='ocrx_word' id='word_1_149' title='bbox 439 1297 634 1352; x_wconf 84' lang='lat' dir='ltr'>Legibus</span> <span class='ocrx_word' id='word_1_150' title='bbox 665 1297 718 1338; x_wconf 92' lang='lat' dir='ltr'>de</span> <span class='ocrx_word' id='word_1_151' title='bbox 747 1311 833 1338; x_wconf 90' lang='lat' dir='ltr'>una</span> <span class='ocrx_word' id='word_1_152' title='bbox 862 1295 1111 1337; x_wconf 76' lang='lat' dir='ltr'>fortitudine</span> <span class='ocrx_word' id='word_1_153' title='bbox 1142 1302 1184 1337; x_wconf 89' lang='lat' dir='ltr'>et</span> <span class='ocrx_word' id='word_1_154' title='bbox 1212 1298 1498 1351; x_wconf 86' lang='lat' dir='ltr'>temperantia</span> <span class='ocrx_word' id='word_1_155' title='bbox 1527 1313 1597 1339; x_wconf 85' lang='lat' dir='ltr'>ex-</span> 
     </span>
     <span class='ocr_line' id='line_1_22' title="bbox 269 1351 1599 1407; baseline 0.002 -15"><span class='ocrx_word' id='word_1_156' title='bbox 269 1351 435 1406; x_wconf 87' lang='lat' dir='ltr'>plicari,</span> <span class='ocrx_word' id='word_1_157' title='bbox 497 1352 720 1394; x_wconf 88' lang='lat' dir='ltr'>rudentiae</span> <span class='ocrx_word' id='word_1_158' title='bbox 749 1358 793 1394; x_wconf 90' lang='lat' dir='ltr'>et</span> <span class='ocrx_word' id='word_1_159' title='bbox 820 1352 1011 1394; x_wconf 81' lang='lat' dir='ltr'>iustitiae</span> <span class='ocrx_word' id='word_1_160' title='bbox 1040 1351 1246 1393; x_wconf 88' lang='lat' dir='ltr'>rationem</span> <span class='ocrx_word' id='word_1_161' title='bbox 1276 1368 1409 1407; x_wconf 88' lang='lat' dir='ltr'>prope</span> <span class='ocrx_word' id='word_1_162' title='bbox 1439 1354 1599 1395; x_wconf 90' lang='lat' dir='ltr'>nullam</span> 
     </span>
     <span class='ocr_line' id='line_1_23' title="bbox 273 1368 1599 1464; baseline 0.002 -16"><span class='ocrx_word' id='word_1_163' title='bbox 273 1406 396 1460; x_wconf 85' lang='lat' dir='ltr'>duci,</span> <span class='ocrx_word' id='word_1_164' title='bbox 435 1368 493 1448; x_wconf 59' lang='lat' dir='ltr'>id)</span> <span class='ocrx_word' id='word_1_165' title='bbox 519 1414 635 1450; x_wconf 87' lang='lat' dir='ltr'>certe</span> <span class='ocrx_word' id='word_1_166' title='bbox 671 1408 763 1450; x_wconf 88' lang='lat' dir='ltr'>fieri</span> <span class='ocrx_word' id='word_1_167' title='bbox 805 1423 902 1449; x_wconf 90' lang='lat' dir='ltr'>non.</span> <span class='ocrx_word' id='word_1_168' title='bbox 920 1407 1079 1462; x_wconf 86' lang='lat' dir='ltr'>poterit</span> <span class='ocrx_word' id='word_1_169' title='bbox 1109 1408 1213 1461; x_wconf 87' lang='lat' dir='ltr'>quin</span> <span class='ocrx_word' id='word_1_170' title='bbox 1244 1408 1474 1462; x_wconf 88' lang='lat' dir='ltr'>unicuique</span> <span class='ocrx_word' id='word_1_171' title='bbox 1504 1425 1599 1464; x_wconf 88' lang='lat' dir='ltr'>per-</span> 
     </span>
     <span class='ocr_line' id='line_1_24' title="bbox 273 1462 1599 1519; baseline 0.002 -16"><span class='ocrx_word' id='word_1_172' title='bbox 273 1477 401 1516; x_wconf 84' lang='lat' dir='ltr'>quam</span> <span class='ocrx_word' id='word_1_173' title='bbox 439 1464 592 1504; x_wconf 86' lang='lat' dir='ltr'>mirum</span> <span class='ocrx_word' id='word_1_174' title='bbox 640 1462 831 1516; x_wconf 84' lang='lat' dir='ltr'>accidat,</span> <span class='ocrx_word' id='word_1_175' title='bbox 883 1463 956 1517; x_wconf 90' lang='lat' dir='ltr'>qui</span> <span class='ocrx_word' id='word_1_176' title='bbox 1001 1468 1220 1504; x_wconf 86' lang='lat' dir='ltr'>auctorem</span> <span class='ocrx_word' id='word_1_177' title='bbox 1270 1464 1412 1518; x_wconf 88' lang='lat' dir='ltr'>operis</span> <span class='ocrx_word' id='word_1_178' title='bbox 1458 1465 1599 1519; x_wconf 88' lang='lat' dir='ltr'>ipsum</span> 
     </span>
     <span class='ocr_line' id='line_1_25' title="bbox 272 1518 1598 1573; baseline 0.002 -14"><span class='ocrx_word' id='word_1_179' title='bbox 272 1518 621 1560; x_wconf 87' lang='lat' dir='ltr'>animadverterit</span> <span class='ocrx_word' id='word_1_180' title='bbox 676 1519 792 1561; x_wconf 89' lang='lat' dir='ltr'>Libr.</span> <span class='ocrx_word' id='word_1_181' title='bbox 841 1519 878 1559; x_wconf 92' lang='grc' dir='ltr'>Ι.</span> <span class='ocrx_word' id='word_1_182' title='bbox 918 1534 959 1573; x_wconf 91' lang='lat' dir='ltr'>p.</span> <span class='ocrx_word' id='word_1_183' title='bbox 1001 1520 1096 1561; x_wconf 81' lang='lat'>631.</span> <span class='ocrx_word' id='word_1_184' title='bbox 1138 1519 1188 1572; x_wconf 78' lang='lat' dir='ltr'>B.</span> <span class='ocrx_word' id='word_1_185' title='bbox 1221 1543 1274 1550; x_wconf 91' lang='lat'>-—</span> <span class='ocrx_word' id='word_1_186' title='bbox 1306 1518 1496 1561; x_wconf 61' lang='lat'>(3320.</span> <span class='ocrx_word' id='word_1_187' title='bbox 1543 1519 1598 1562; x_wconf 89' lang='lat' dir='ltr'>de</span> 
     </span>
     <span class='ocr_line' id='line_1_26' title="bbox 272 1574 1598 1630; baseline 0.002 -14"><span class='ocrx_word' id='word_1_188' title='bbox 272 1579 478 1627; x_wconf 87' lang='lat' dir='ltr'>quattuor</span> <span class='ocrx_word' id='word_1_189' title='bbox 502 1575 708 1616; x_wconf 80' lang='lat' dir='ltr'>virtutum</span> <span class='ocrx_word' id='word_1_190' title='bbox 737 1575 780 1616; x_wconf 86' lang='lat' dir='ltr'>vi</span> <span class='ocrx_word' id='word_1_191' title='bbox 808 1581 851 1616; x_wconf 91' lang='lat' dir='ltr'>et</span> <span class='ocrx_word' id='word_1_192' title='bbox 882 1574 1094 1630; x_wconf 81' lang='lat' dir='ltr'>dignitate</span> <span class='ocrx_word' id='word_1_193' title='bbox 1121 1574 1232 1616; x_wconf 87' lang='lat' dir='ltr'>inter</span> <span class='ocrx_word' id='word_1_194' title='bbox 1250 1574 1343 1629; x_wconf 85' lang='lat' dir='ltr'>alia</span> <span class='ocrx_word' id='word_1_195' title='bbox 1371 1575 1475 1618; x_wconf 87' lang='lat' dir='ltr'>haec</span> <span class='ocrx_word' id='word_1_196' title='bbox 1493 1590 1598 1624; x_wconf 75' lang='lat' dir='ltr'>esse</span> 
     </span>
     <span class='ocr_line' id='line_1_27' title="bbox 273 1624 1598 1686; baseline 0.002 -16"><span class='ocrx_word' id='word_1_197' title='bbox 273 1635 623 1671; x_wconf 85' lang='lat' dir='ltr'>commentatum:</span> <span class='ocrx_word' id='word_1_198' title='bbox 671 1629 701 1672; x_wconf 69' lang='grc' dir='ltr'>εἷ’</span> <span class='ocrx_word' id='word_1_199' title='bbox 731 1629 784 1681; x_wconf 83' lang='grc' dir='ltr'>δὴ</span> <span class='ocrx_word' id='word_1_200' title='bbox 817 1632 1043 1686; x_wconf 82' lang='grc' dir='ltr'><em>πρῶτον</em></span> <span class='ocrx_word' id='word_1_201' title='bbox 1073 1624 1127 1671; x_wconf 76' lang='grc' dir='ltr'>αὖ</span> <span class='ocrx_word' id='word_1_202' title='bbox 1159 1632 1244 1671; x_wconf 80' lang='grc' dir='ltr'>τῶν</span> <span class='ocrx_word' id='word_1_203' title='bbox 1275 1630 1598 1686; x_wconf 41' lang='lat' dir='ltr'>&amp;almanno-</span> 
     </span>
     <span class='ocr_line' id='line_1_28' title="bbox 270 1683 1597 1742; baseline 0.002 -16"><span class='ocrx_word' id='word_1_204' title='bbox 270 1686 375 1726; x_wconf 88' lang='grc' dir='ltr'><em>νοῦν</em></span> <span class='ocrx_word' id='word_1_205' title='bbox 403 1690 520 1727; x_wconf 83' lang='grc' dir='ltr'><em>ἐστιν</em></span> <span class='ocrx_word' id='word_1_206' title='bbox 547 1685 759 1740; x_wconf 70' lang='grc' dir='ltr'><em>ἀγαθῶν,</em></span> <span class='ocrx_word' id='word_1_207' title='bbox 790 1684 815 1736; x_wconf 86' lang='grc' dir='ltr'><strong><em>ἡ</em></strong></span> <span class='ocrx_word' id='word_1_208' title='bbox 848 1683 1148 1742; x_wconf 78' lang='grc' dir='ltr'><em>φρόνησις’</em></span> <span class='ocrx_word' id='word_1_209' title='bbox 1184 1683 1386 1741; x_wconf 77' lang='grc' dir='ltr'><em>δεύτερον</em></span> <span class='ocrx_word' id='word_1_210' title='bbox 1416 1688 1461 1728; x_wconf 77' lang='grc' dir='ltr'>δὲ</span> <span class='ocrx_word' id='word_1_211' title='bbox 1488 1688 1597 1740; x_wconf 78' lang='grc' dir='ltr'><em>μετὰ</em></span> 
     </span>
     <span class='ocr_line' id='line_1_29' title="bbox 269 1739 1592 1797; baseline 0.001 -15"><span class='ocrx_word' id='word_1_212' title='bbox 269 1741 380 1782; x_wconf 82' lang='grc' dir='ltr'><strong><em>νοῦν</em></strong></span> <span class='ocrx_word' id='word_1_213' title='bbox 427 1739 662 1797; x_wconf 77' lang='grc' dir='ltr'><em>σώφρων</em></span> <span class='ocrx_word' id='word_1_214' title='bbox 707 1742 888 1797; x_wconf 80' lang='grc' dir='ltr'><em>ψυχῆς</em></span> <span class='ocrx_word' id='word_1_215' title='bbox 926 1741 1063 1792; x_wconf 76' lang='grc' dir='ltr'><strong><em>ἕξις·</em></strong></span> <span class='ocrx_word' id='word_1_216' title='bbox 1104 1744 1150 1781; x_wconf 81' lang='grc' dir='ltr'>ὲκ</span> <span class='ocrx_word' id='word_1_217' title='bbox 1189 1742 1235 1782; x_wconf 82' lang='grc' dir='ltr'>δὲ</span> <span class='ocrx_word' id='word_1_218' title='bbox 1279 1739 1443 1783; x_wconf 74' lang='grc' dir='ltr'><em>τούτων</em></span> <span class='ocrx_word' id='word_1_219' title='bbox 1478 1741 1592 1795; x_wconf 73' lang='grc' dir='ltr'>μετ’</span> 
     </span>
     <span class='ocr_line' id='line_1_30' title="bbox 269 1791 1594 1853; baseline 0.003 -18"><span class='ocrx_word' id='word_1_220' title='bbox 269 1793 542 1850; x_wconf 77' lang='grc' dir='ltr'><em>ἀνδρείας</em></span> <span class='ocrx_word' id='word_1_221' title='bbox 590 1799 920 1853; x_wconf 76' lang='grc' dir='ltr'><em>κραθέντων</em></span> <span class='ocrx_word' id='word_1_222' title='bbox 965 1800 1112 1852; x_wconf 82' lang='grc' dir='ltr'><em>τρίτον</em></span> <span class='ocrx_word' id='word_1_223' title='bbox 1161 1791 1217 1837; x_wconf 70' lang='grc' dir='ltr'>ἄν</span> <span class='ocrx_word' id='word_1_224' title='bbox 1265 1796 1594 1848; x_wconf 53' lang='lat' dir='ltr'>einamma-</span> 
     </span>
     <span class='ocr_line' id='line_1_31' title="bbox 269 1847 1593 1907; baseline 0.002 -15"><span class='ocrx_word' id='word_1_225' title='bbox 269 1847 424 1902; x_wconf 80' lang='grc' dir='ltr'><em>σύνη·</em></span> <span class='ocrx_word' id='word_1_226' title='bbox 466 1855 672 1907; x_wconf 85' lang='grc' dir='ltr'><em>τέταρτον</em></span> <span class='ocrx_word' id='word_1_227' title='bbox 703 1853 750 1894; x_wconf 84' lang='grc' dir='ltr'>δὲ</span> <span class='ocrx_word' id='word_1_228' title='bbox 779 1850 1028 1907; x_wconf 79' lang='grc' dir='ltr'><em>ἀνδρεία.</em></span> <span class='ocrx_word' id='word_1_229' title='bbox 1069 1852 1205 1892; x_wconf 86' lang='grc' dir='ltr'><em>ταῦτα</em></span> <span class='ocrx_word' id='word_1_230' title='bbox 1247 1852 1293 1893; x_wconf 82' lang='grc' dir='ltr'>δὲ</span> <span class='ocrx_word' id='word_1_231' title='bbox 1323 1850 1465 1894; x_wconf 76' lang='grc' dir='ltr'><em>πάντα</em></span> <span class='ocrx_word' id='word_1_232' title='bbox 1494 1856 1593 1895; x_wconf 82' lang='grc' dir='ltr'><strong><em>ἐκεί-</em></strong></span> 
     </span>
     <span class='ocr_line' id='line_1_32' title="bbox 266 1904 1593 1962; baseline 0.002 -15"><span class='ocrx_word' id='word_1_233' title='bbox 266 1921 355 1947; x_wconf 84' lang='grc' dir='ltr'>νων</span> <span class='ocrx_word' id='word_1_234' title='bbox 382 1910 639 1962; x_wconf 74' lang='grc' dir='ltr'><em>ἔμπροσθεν</em></span> <span class='ocrx_word' id='word_1_235' title='bbox 667 1911 870 1949; x_wconf 81' lang='grc' dir='ltr'><em>τέτακται</em></span> <span class='ocrx_word' id='word_1_236' title='bbox 900 1906 1044 1960; x_wconf 79' lang='grc' dir='ltr'><strong><em>φύσει,</em></strong></span> <span class='ocrx_word' id='word_1_237' title='bbox 1075 1909 1145 1948; x_wconf 81' lang='grc' dir='ltr'>καὶ</span> <span class='ocrx_word' id='word_1_238' title='bbox 1185 1904 1241 1957; x_wconf 84' lang='grc' dir='ltr'>δή</span> <span class='ocrx_word' id='word_1_239' title='bbox 1271 1910 1344 1950; x_wconf 84' lang='grc' dir='ltr'>καὶ</span> <span class='ocrx_word' id='word_1_240' title='bbox 1374 1909 1435 1960; x_wconf 78' lang='grc' dir='ltr'>τῷ</span> <span class='ocrx_word' id='word_1_241' title='bbox 1463 1923 1593 1962; x_wconf 84' lang='grc' dir='ltr'><em>νομο-</em></span> 
     </span>
     <span class='ocr_line' id='line_1_33' title="bbox 265 1961 1594 2020; baseline 0.002 -18"><span class='ocrx_word' id='word_1_242' title='bbox 265 1963 382 2020; x_wconf 69' lang='grc' dir='ltr'>θέτῃ</span> <span class='ocrx_word' id='word_1_243' title='bbox 432 1967 615 2004; x_wconf 82' lang='grc' dir='ltr'><em>τακτέον</em></span> <span class='ocrx_word' id='word_1_244' title='bbox 653 1961 781 2005; x_wconf 77' lang='grc' dir='ltr'><em>οὕτω.</em></span> <span class='ocrx_word' id='word_1_245' title='bbox 840 1961 958 2015; x_wconf 79' lang='lat' dir='ltr'>Quid</span> <span class='ocrx_word' id='word_1_246' title='bbox 990 1962 1131 2003; x_wconf 84' lang='lat' dir='ltr'>enim?</span> <span class='ocrx_word' id='word_1_247' title='bbox 1161 1963 1460 2017; x_wconf 84' lang='lat' dir='ltr'>putabimusne</span> <span class='ocrx_word' id='word_1_248' title='bbox 1489 1978 1594 2005; x_wconf 87' lang='lat' dir='ltr'>eun-</span> 
     </span>
     <span class='ocr_line' id='line_1_34' title="bbox 266 2016 1593 2074; baseline 0.002 -16"><span class='ocrx_word' id='word_1_249' title='bbox 266 2016 363 2058; x_wconf 89' lang='lat' dir='ltr'>dem</span> <span class='ocrx_word' id='word_1_250' title='bbox 393 2017 520 2060; x_wconf 85' lang='lat' dir='ltr'>istum</span> <span class='ocrx_word' id='word_1_251' title='bbox 552 2018 788 2071; x_wconf 91' lang='lat' dir='ltr'>hominem,</span> <span class='ocrx_word' id='word_1_252' title='bbox 829 2018 903 2072; x_wconf 90' lang='lat' dir='ltr'>qui</span> <span class='ocrx_word' id='word_1_253' title='bbox 941 2017 1047 2059; x_wconf 88' lang='lat' dir='ltr'>haec</span> <span class='ocrx_word' id='word_1_254' title='bbox 1077 2018 1120 2059; x_wconf 90' lang='lat' dir='ltr'>in</span> <span class='ocrx_word' id='word_1_255' title='bbox 1150 2018 1290 2058; x_wconf 90' lang='lat' dir='ltr'>fronte</span> <span class='ocrx_word' id='word_1_256' title='bbox 1333 2019 1475 2072; x_wconf 87' lang='lat' dir='ltr'>operis</span> <span class='ocrx_word' id='word_1_257' title='bbox 1514 2034 1593 2074; x_wconf 88' lang='lat' dir='ltr'>po-</span> 
     </span>
     <span class='ocr_line' id='line_1_35' title="bbox 264 2072 1592 2128; baseline 0.002 -14"><span class='ocrx_word' id='word_1_258' title='bbox 264 2073 374 2126; x_wconf 84' lang='lat' dir='ltr'>suit,</span> <span class='ocrx_word' id='word_1_259' title='bbox 435 2075 760 2116; x_wconf 76' lang='lat' dir='ltr'>commissurum</span> <span class='ocrx_word' id='word_1_260' title='bbox 808 2073 966 2126; x_wconf 77' lang='lat' dir='ltr'>fuisse,</span> <span class='ocrx_word' id='word_1_261' title='bbox 1015 2078 1063 2114; x_wconf 91' lang='lat' dir='ltr'>ut</span> <span class='ocrx_word' id='word_1_262' title='bbox 1111 2072 1406 2128; x_wconf 85' lang='lat' dir='ltr'>prudentiam,</span> <span class='ocrx_word' id='word_1_263' title='bbox 1466 2089 1592 2128; x_wconf 89' lang='lat' dir='ltr'>quam</span> 
     </span>
     <span class='ocr_line' id='line_1_36' title="bbox 261 2127 1593 2183; baseline 0.002 -15"><span class='ocrx_word' id='word_1_264' title='bbox 261 2127 499 2183; x_wconf 88' lang='lat' dir='ltr'>principem</span> <span class='ocrx_word' id='word_1_265' title='bbox 544 2130 732 2171; x_wconf 89' lang='lat' dir='ltr'>omnium</span> <span class='ocrx_word' id='word_1_266' title='bbox 783 2130 987 2170; x_wconf 90' lang='lat' dir='ltr'>virtutum</span> <span class='ocrx_word' id='word_1_267' title='bbox 1024 2127 1244 2181; x_wconf 89' lang='lat' dir='ltr'>iudicavit,</span> <span class='ocrx_word' id='word_1_268' title='bbox 1294 2127 1449 2170; x_wconf 88' lang='lat' dir='ltr'>deinde</span> <span class='ocrx_word' id='word_1_269' title='bbox 1488 2130 1593 2171; x_wconf 90' lang='lat' dir='ltr'>nihil</span> 
     </span>
     <span class='ocr_line' id='line_1_37' title="bbox 262 2182 1590 2240; baseline 0.002 -17"><span class='ocrx_word' id='word_1_270' title='bbox 262 2183 435 2225; x_wconf 89' lang='lat' dir='ltr'>omnino</span> <span class='ocrx_word' id='word_1_271' title='bbox 476 2191 667 2238; x_wconf 84' lang='lat' dir='ltr'>curaret,</span> <span class='ocrx_word' id='word_1_272' title='bbox 718 2182 924 2227; x_wconf 82' lang='lat' dir='ltr'>iustitiam</span> <span class='ocrx_word' id='word_1_273' title='bbox 954 2189 1112 2236; x_wconf 85' lang='lat' dir='ltr'>autem,</span> <span class='ocrx_word' id='word_1_274' title='bbox 1139 2198 1266 2237; x_wconf 89' lang='lat' dir='ltr'>quam</span> <span class='ocrx_word' id='word_1_275' title='bbox 1306 2198 1328 2225; x_wconf 93' lang='lat' dir='ltr'>e</span> <span class='ocrx_word' id='word_1_276' title='bbox 1361 2185 1590 2240; x_wconf 87' lang='lat' dir='ltr'>sapientia,</span> 
     </span>
     <span class='ocr_line' id='line_1_38' title="bbox 261 2239 1591 2293; baseline 0.002 -15"><span class='ocrx_word' id='word_1_277' title='bbox 261 2240 544 2293; x_wconf 88' lang='lat' dir='ltr'>temperantia</span> <span class='ocrx_word' id='word_1_278' title='bbox 581 2247 623 2282; x_wconf 91' lang='lat' dir='ltr'>et</span> <span class='ocrx_word' id='word_1_279' title='bbox 660 2240 911 2282; x_wconf 87' lang='lat' dir='ltr'>fortitudine</span> <span class='ocrx_word' id='word_1_280' title='bbox 948 2239 993 2280; x_wconf 89' lang='lat' dir='ltr'>in</span> <span class='ocrx_word' id='word_1_281' title='bbox 1030 2254 1158 2280; x_wconf 89' lang='lat' dir='ltr'>unam</span> <span class='ocrx_word' id='word_1_282' title='bbox 1203 2239 1442 2282; x_wconf 87' lang='lat' dir='ltr'>coniunctis</span> <span class='ocrx_word' id='word_1_283' title='bbox 1473 2241 1591 2283; x_wconf 88' lang='lat' dir='ltr'>nasci</span> 
     </span>
     <span class='ocr_line' id='line_1_39' title="bbox 262 2293 1612 2349; baseline 0.002 -15"><span class='ocrx_word' id='word_1_284' title='bbox 262 2298 307 2334; x_wconf 89' lang='lat' dir='ltr'>et</span> <span class='ocrx_word' id='word_1_285' title='bbox 337 2294 508 2348; x_wconf 89' lang='lat' dir='ltr'>prodire</span> <span class='ocrx_word' id='word_1_286' title='bbox 551 2296 723 2348; x_wconf 78' lang='lat' dir='ltr'>statuit,</span> <span class='ocrx_word' id='word_1_287' title='bbox 773 2295 957 2349; x_wconf 88' lang='lat' dir='ltr'>ideoque</span> <span class='ocrx_word' id='word_1_288' title='bbox 991 2293 1145 2335; x_wconf 87' lang='lat' dir='ltr'>habuit</span> <span class='ocrx_word' id='word_1_289' title='bbox 1183 2309 1260 2348; x_wconf 90' lang='lat' dir='ltr'>pro</span> <span class='ocrx_word' id='word_1_290' title='bbox 1299 2302 1612 2337; x_wconf 55' lang='lat' dir='ltr'>consummata</span> 
     </span>
     <span class='ocr_line' id='line_1_40' title="bbox 262 2347 1611 2404; baseline 0.003 -15"><span class='ocrx_word' id='word_1_291' title='bbox 262 2348 444 2403; x_wconf 88' lang='lat' dir='ltr'>virtute,</span> <span class='ocrx_word' id='word_1_292' title='bbox 489 2350 615 2404; x_wconf 89' lang='lat' dir='ltr'>plane</span> <span class='ocrx_word' id='word_1_293' title='bbox 644 2351 815 2393; x_wconf 87' lang='lat' dir='ltr'>silentio</span> <span class='ocrx_word' id='word_1_294' title='bbox 844 2347 1178 2391; x_wconf 86' lang='lat' dir='ltr'>transmitteret?</span> <span class='ocrx_word' id='word_1_295' title='bbox 1237 2350 1447 2392; x_wconf 89' lang='lat' dir='ltr'>Nimirum</span> <span class='ocrx_word' id='word_1_296' title='bbox 1478 2352 1611 2394; x_wconf 86' lang='lat' dir='ltr'>foret.</span> 
     </span>
     <span class='ocr_line' id='line_1_41' title="bbox 261 2403 1612 2462; baseline 0.002 -17"><span class='ocrx_word' id='word_1_297' title='bbox 261 2403 380 2445; x_wconf 85' lang='lat' dir='ltr'>istud</span> <span class='ocrx_word' id='word_1_298' title='bbox 399 2405 592 2462; x_wconf 89' lang='lat' dir='ltr'>profecto</span> <span class='ocrx_word' id='word_1_299' title='bbox 607 2414 796 2448; x_wconf 85' lang='lat' dir='ltr'>summae</span> <span class='ocrx_word' id='word_1_300' title='bbox 818 2410 1111 2461; x_wconf 86' lang='lat' dir='ltr'>argumentum</span> <span class='ocrx_word' id='word_1_301' title='bbox 1133 2406 1439 2459; x_wconf 87' lang='lat' dir='ltr'>perversitatis,</span> <span class='ocrx_word' id='word_1_302' title='bbox 1460 2408 1587 2460; x_wconf 83' lang='lat' dir='ltr'>quam</span> <span class='ocrx_word' id='word_1_303' title='bbox 1607 2428 1612 2453; x_wconf 59' lang='grc' dir='ltr'>ι,</span> 
     </span>
     <span class='ocr_line' id='line_1_42' title="bbox 261 2458 1612 2517; baseline 0.003 -18"><span class='ocrx_word' id='word_1_304' title='bbox 261 2458 299 2500; x_wconf 87' lang='lat' dir='ltr'>si</span> <span class='ocrx_word' id='word_1_305' title='bbox 332 2459 377 2500; x_wconf 92' lang='lat' dir='ltr'>in</span> <span class='ocrx_word' id='word_1_306' title='bbox 421 2460 591 2517; x_wconf 86' lang='lat' dir='ltr'>Legum</span> <span class='ocrx_word' id='word_1_307' title='bbox 628 2468 804 2504; x_wconf 88' lang='lat' dir='ltr'>auctore</span> <span class='ocrx_word' id='word_1_308' title='bbox 842 2461 934 2504; x_wconf 86' lang='lat' dir='ltr'>iure</span> <span class='ocrx_word' id='word_1_309' title='bbox 973 2460 1311 2502; x_wconf 88' lang='lat' dir='ltr'>animadvertere</span> <span class='ocrx_word' id='word_1_310' title='bbox 1349 2475 1399 2503; x_wconf 88' lang='lat' dir='ltr'>ac</span> <span class='ocrx_word' id='word_1_311' title='bbox 1435 2467 1587 2512; x_wconf 85' lang='lat' dir='ltr'>notare</span> <span class='ocrx_word' id='word_1_312' title='bbox 1604 2464 1612 2507; x_wconf 69' lang='lat' dir='ltr'>i}</span> 
     </span>
     <span class='ocr_line' id='line_1_43' title="bbox 257 2512 1612 2571; baseline 0.002 -16"><span class='ocrx_word' id='word_1_313' title='bbox 257 2512 430 2568; x_wconf 89' lang='lat' dir='ltr'>liceret,</span> <span class='ocrx_word' id='word_1_314' title='bbox 480 2522 687 2571; x_wconf 81' lang='lat' dir='ltr'>protenus</span> <span class='ocrx_word' id='word_1_315' title='bbox 717 2515 1025 2571; x_wconf 33' lang='lat' dir='ltr'>confite-ndum·</span> <span class='ocrx_word' id='word_1_316' title='bbox 1054 2514 1187 2568; x_wconf 76' lang='lat' dir='ltr'>foret,</span> <span class='ocrx_word' id='word_1_317' title='bbox 1233 2516 1359 2558; x_wconf 85' lang='lat' dir='ltr'>istum</span> <span class='ocrx_word' id='word_1_318' title='bbox 1410 2515 1612 2569; x_wconf 64' lang='lat' dir='ltr'>quidemi}</span> 
     </span>
     <span class='ocr_line' id='line_1_44' title="bbox 260 2568 1612 2626; baseline 0 -16"><span class='ocrx_word' id='word_1_319' title='bbox 260 2568 474 2611; x_wconf 78' lang='lat' dir='ltr'>hominem</span> <span class='ocrx_word' id='word_1_320' title='bbox 503 2586 590 2619; x_wconf 83' lang='lat' dir='ltr'>non</span> <span class='ocrx_word' id='word_1_321' title='bbox 612 2587 705 2614; x_wconf 89' lang='lat' dir='ltr'>esse</span> <span class='ocrx_word' id='word_1_322' title='bbox 716 2571 960 2623; x_wconf 76' lang='lat' dir='ltr'>Platonem,</span> <span class='ocrx_word' id='word_1_323' title='bbox 991 2569 1068 2618; x_wconf 80' lang='lat' dir='ltr'>sed</span> <span class='ocrx_word' id='word_1_324' title='bbox 1088 2571 1382 2616; x_wconf 86' lang='lat' dir='ltr'>tenebrionem</span> <span class='ocrx_word' id='word_1_325' title='bbox 1401 2571 1587 2626; x_wconf 86' lang='lat' dir='ltr'>aliquem</span> <span class='ocrx_word' id='word_1_326' title='bbox 1600 2576 1612 2625; x_wconf 50' lang='grc' dir='ltr'>ᾗ,</span> 
     </span>
     <span class='ocr_line' id='line_1_45' title="bbox 258 2623 1612 2694; baseline 0.001 -27"><span class='ocrx_word' id='word_1_327' title='bbox 258 2623 572 2668; x_wconf 86' lang='lat' dir='ltr'>subabsurdum</span> <span class='ocrx_word' id='word_1_328' title='bbox 618 2627 830 2683; x_wconf 79' lang='lat' dir='ltr'>planeque</span> <span class='ocrx_word' id='word_1_329' title='bbox 858 2626 1088 2668; x_wconf 85' lang='lat' dir='ltr'>inficetum.</span> <span class='ocrx_word' id='word_1_330' title='bbox 1148 2626 1209 2666; x_wconf 94' lang='lat' dir='ltr'>At</span> <span class='ocrx_word' id='word_1_331' title='bbox 1238 2627 1349 2668; x_wconf 84' lang='lat' dir='ltr'>enim</span> <span class='ocrx_word' id='word_1_332' title='bbox 1379 2641 1479 2669; x_wconf 81' lang='lat' dir='ltr'>vero</span> <span class='ocrx_word' id='word_1_333' title='bbox 1510 2627 1612 2694; x_wconf 49' lang='grc' dir='ltr'>ᾔει-ἐξ</span> 
     </span>
    </p>
   </div>
  </div>
 </body>
</html>
