1612 2872
489 117 569 160 nm
606 113 880 160 suemus
911 121 992 157 ete.
1290 98 1398 156 cxi

55 235 211 276 ὃέποτε
249 233 325 274 ὲᾶν
364 232 477 286 δρᾶν
517 248 556 274 κ.
601 247 638 273 τ.
677 233 716 272 λ,
785 229 899 272 Ibid.
937 244 979 286 p.
1011 230 1106 270 301.
1140 227 1191 269 E.
1253 228 1404 270 Enim-

56 306 158 333 vero
187 290 307 346 leges
339 289 467 331 Plato
498 289 669 331 censuit
707 287 917 329 humanae
956 285 1242 332 imbecillitati
1272 292 1404 341 atque

52 347 296 390 infirmitati
326 347 456 389 etiam
486 348 625 402 magis
655 359 754 390 esse
781 350 1112 397 consentaneas,
1143 358 1274 398 quam
1306 343 1402 400 phi-

51 403 262 459 losophos
292 403 390 447 illos
419 404 615 460 perfecta
644 402 811 444 ratione
842 400 1089 457 praeditos,
1128 401 1279 455 quales
1312 402 1402 443 fere

52 476 264 516 nusquam
306 470 518 503 terrarum
559 475 609 501 ac
639 458 759 501 nullo
788 474 981 513 unquam
1016 465 1208 513 tempore
1238 459 1402 515 reperi-

52 526 217 561 rentur.
276 518 482 572 Denique
519 517 646 559 etiam
689 516 734 557 in
774 526 960 570 utraque
1000 516 1176 557 civitate
1205 531 1284 572 per
1313 531 1404 558 om-

52 577 127 618 nia
154 575 299 617 valere
339 574 478 617 voluit
518 573 675 615 mentis
713 572 986 627 rationisque
1015 572 1256 629 imperium.
1315 572 1406 618 Sed

52 634 96 675 in
136 632 336 688 Legibus
381 632 498 673 vitae
545 630 758 672 humanae
810 631 948 686 magis
999 629 1124 671 duxit
1176 631 1404 684 rationem,

53 705 139 732 non
178 705 265 744 quo
303 703 349 731 se
390 694 529 731 totum
571 686 627 729 ad
667 702 761 729 eam
805 687 1050 728 demitteret
1086 687 1302 743 planeque
1333 703 1406 731 ac-

56 745 364 799 commodaret,
394 745 472 788 sed
502 751 552 787 ut
583 760 678 787 eam
708 760 762 786 ex
792 744 1035 786 humilitate
1067 759 1147 786 sua
1177 745 1409 788 extolleret

56 812 100 847 et
141 803 196 845 ad
236 804 456 859 perfectae
499 802 688 844 civitatis
734 802 923 858 speciem
974 808 1119 843 mente
1168 808 1211 843 et
1259 803 1404 845 animo

53 867 311 916 conceptam
363 860 493 902 altius
546 859 761 901 eveheret.
838 858 1134 913 Quamobrem
1185 859 1314 902 sicuti
1359 860 1404 903 in

53 918 296 974 Republica
341 918 622 974 magistratus
668 916 890 972 sapientes
940 917 1070 958 iussit
1119 917 1164 958 in
1203 924 1405 966 aeternas

53 976 170 1029 veri,
216 975 319 1018 boni
349 982 393 1017 et
422 975 526 1017 iusti
566 973 687 1017 ideas
724 974 885 1016 intueri
917 989 1151 1030 earumque
1181 990 1332 1017 norma
1362 982 1406 1018 et

54 1033 150 1087 lege
181 1033 399 1075 civitatem
431 1032 692 1089 gubernare,
723 1031 783 1073 ita
820 1032 866 1072 in
897 1031 1096 1088 Legibus
1143 1034 1404 1090 magistrati-

54 1090 135 1133 bus
164 1090 327 1146 pariter
357 1096 490 1144 atque
522 1088 691 1131 civibus
722 1088 815 1130 aevi
848 1087 1042 1132 Saturnii
1082 1104 1265 1146 regnum
1310 1096 1406 1132 tan-

56 1162 185 1202 quam
224 1147 470 1202 exemplum
509 1145 727 1200 quoddam
763 1147 1009 1201 proposuit,
1042 1146 1084 1188 in
1118 1147 1235 1202 quod
1265 1147 1407 1190 intue-

54 1211 233 1258 rentur,
277 1219 364 1258 quo
396 1204 558 1245 rectius
597 1210 641 1244 et
670 1203 942 1245 constantius
988 1203 1110 1245 alteri
1142 1204 1318 1259 quidem
1347 1205 1406 1247 le-

53 1277 131 1318 ges
161 1266 469 1315 sustentarent,
499 1261 624 1302 alteri
654 1259 830 1302 easdem
861 1261 1142 1303 observarent
1179 1268 1222 1303 et
1253 1277 1408 1318 seque-

53 1324 217 1371 rentur,
260 1317 613 1373 quandoquidem
658 1317 703 1359 in
744 1333 795 1359 ea
836 1317 1008 1360 divinae
1048 1319 1231 1362 rationis
1268 1320 1405 1374 iussa,

52 1390 79 1417 a.
104 1375 244 1432 geniis
274 1381 323 1417 ut
349 1374 710 1432 legumlatoribus
739 1375 986 1418 mortalium
1007 1376 1297 1434 promulgata,
1329 1393 1409 1434 per

54 1432 198 1475 omnia
239 1431 457 1474 valuerint
498 1432 554 1487 *).
623 1432 859 1475 Enimvero
900 1433 1018 1476 cives
1050 1445 1094 1475 et
1123 1435 1406 1492 magistratus

54 1504 180 1532 verae
220 1489 439 1544 civitatis,
481 1489 622 1545 qualis
661 1489 707 1531 in
745 1490 840 1546 ipsa
870 1489 1093 1533 hominum
1123 1492 1214 1534 vita
1244 1493 1435 1549 reperi-*-

55 1552 151 1600 tnr,
189 1546 235 1588 in
266 1546 487 1589 civitatem
518 1546 726 1603 optimam
766 1547 822 1589 ad
850 1546 1027 1590 divinae
1055 1549 1237 1592 rationis
1267 1550 1409 1607 legem

56 1604 339 1660 gubernatam
378 1604 534 1647 mentis
579 1618 683 1646 suae
723 1610 933 1660 tanquam
964 1605 1114 1648 oculos
1151 1614 1408 1650 convertere

54 1661 274 1715 iubentur,
309 1667 358 1703 ut
387 1668 589 1718 spectent
614 1661 739 1717 quasi
780 1663 843 1704 rei
874 1663 1108 1720 imaginem
1141 1663 1194 1706 ad
1224 1665 1407 1707 rationis

53 1718 172 1761 iussa
198 1718 496 1770 informatam3
529 1718 680 1775 optimi
712 1725 857 1761 autem
889 1726 933 1762 et
961 1721 1144 1777 perfecti
1168 1722 1406 1778 sapientes,

57 1775 204 1830 quales
233 1775 375 1830 finxit,
407 1791 495 1818 non
524 1776 759 1833 imaginem
790 1777 852 1819 rei
882 1777 1148 1834 inspectant,
1181 1779 1263 1879 se?
1289 1781 1409 1836 ipsas

55 1831 176 1874 ideas
207 1833 574 1888 contemplantur.
636 1832 770 1887 Quod
809 1835 906 1889 quis
938 1842 1005 1877 est
1035 1838 1140 1890 quin
1170 1838 1213 1879 vi
1249 1844 1319 1879 eat
1348 1838 1411 1880 ita·

56 1903 152 1930 esse
189 1888 455 1941 iudicatum,
506 1897 556 1931 ut
596 1905 788 1933 summus
837 1892 1148 1948 philosophus,
1202 1895 1412 1936 incolumi

58 1951 190 2000 atque
233 1945 356 1987 salva
395 1946 578 2001 pristina
617 1962 697 1989 sua
727 1950 970 2003 sententia,
1002 1956 1147 1991 tamen
1178 1950 1234 1992 ad
1259 1951 1411 1993 huma-

57 2016 137 2044 nae
177 2002 294 2043 vitae
343 2001 635 2044 conditionem
676 2010 720 2045 et
773 2005 992 2047 fortunam
1041 2007 1178 2049 multo
1228 2009 1411 2065 propius

5 2105 10 2108 ,
57 2059 294 2102 accessisse
334 2059 594 2102 iudicandus
640 2060 728 2103 sit?
787 2062 901 2103 Nam
939 2063 1220 2120 magistratus
1262 2072 1306 2107 et
1335 2081 1410 2109 cu-

58 2115 205 2158 stodes
243 2115 422 2158 alterius
472 2117 687 2172 civitatis,
730 2133 841 2173 quos
871 2121 1125 2175 constituit,
1158 2138 1292 2178 quum
1322 2131 1440 2166 non·

57 2171 338 2229 philosophos
371 2174 462 2216 sive
491 2175 711 2230 perfectos
743 2176 961 2232 sapientes
993 2177 1193 2234 finxerit,
1224 2179 1299 2223 sed
1330 2197 1408 2238 po-

58 2229 147 2272 tius
175 2244 278 2283 e08‚
311 2230 386 2285 qui
415 2245 546 2273 sanae
576 2232 734 2275 mentis
773 2240 1003 2276 uterentur
1037 2235 1201 2280 iudicio
1242 2238 1408 2296 legum-

60 2300 144 2341 que
174 2287 482 2342 praestantiam
514 2303 669 2346 capere
700 2296 906 2346 recteque
946 2293 1174 2336 aestimare
1213 2303 1407 2352 possent,

60 2342 394 2399 prudentissime
433 2360 508 2389 eos
548 2346 676 2389 iussit
714 2348 984 2391 tantumdem
1028 2357 1230 2406 spectare
1261 2353 1407 2409 altius,

61 2406 269 2455 quantum
302 2401 494 2458 ipsorum
524 2411 680 2446 natura
711 2411 753 2447 et
782 2405 1004 2463 ingenium
1033 2407 1179 2464 ferret,
1212 2410 1409 2466 quando-

128 2663 162 2704 *)
189 2663 289 2695 Hane
314 2673 390 2694 esse
422 2664 558 2698 fabulae
589 2666 799 2699 sententiam
830 2669 863 2699 in
899 2669 1168 2704 Commentariis
1210 2676 1408 2707 accuratius

199 2710 391 2742 docuimus.
