1612 2872
252 103 332 145 278
715 98 1088 142 PLATONIS

251 219 319 260 λιν
353 213 601 264 ἐκπεσόντες
636 215 870 265 κατῆλθον
911 211 1234 267 μεταβαλόντες
1276 210 1442 268 ὄνομα,
1486 216 1582 257 Λω-

254 285 349 336 ριῆς
385 279 488 323 ἀντ’
524 279 709 334 Ἀχαιῶν
745 282 981 330 κληθέντες
1015 276 1088 321 διὰ
1125 277 1174 320 τὸ
1212 277 1290 321 τὸν
1325 279 1581 331 ξυλλέξαντα

253 346 363 390 εἶναι
399 345 479 394 τὰς
519 345 618 387 τότε
664 343 808 401 φυγὰς
850 346 1008 398 Δωριᾶ.
1046 346 1117 385 καὶ
1154 342 1205 395 δὴ
1243 344 1382 387 ταῦτά
1419 362 1464 397 γε
1499 342 1580 395 ἤδη

255 410 403 454 πάνθ’
442 410 584 465 ὑμεῖς,
627 402 658 450 ὦ
693 410 1060 464 Λακεδαιμόνιοι,
1104 407 1350 453 τάντεῦθεν
1383 413 1582 465 μυθολο-

254 480 362 529 γεῖτέ
401 492 441 518 τε
479 477 549 518 καὶ
587 476 897 529 διαπεραίνετε.

346 646 390 678 D.
441 646 611 690 Δωριῆς
642 647 735 680 ἄντ’
765 648 968 688 Ἀχαιῶν]
1005 648 1047 679 V.
1079 647 1233 688 Δωριεῖς.
1284 648 1319 679 ln
1353 648 1426 680 vat.
1451 650 1498 680 Ω.
1531 660 1579 689 pr.

253 689 367 733 Δωριν
336 694 405 731 ιῆς,
438 692 490 722 cui
523 694 796 735 superscriptum
829 692 957 734 Δωριεῖ
944 704 986 728 ις.
1016 692 1094 724 Par.
1122 694 1164 724 A.
1200 697 1289 724 teste
1323 693 1480 752 Bekkero
1506 694 1580 727 Δω-

253 739 341 777 ριῆς,
367 735 410 768 de
434 746 501 776 quo
527 743 640 770 tamen
670 738 822 771 Bastium
851 738 1010 769 miramur
1034 738 1115 770 nihil
1141 747 1288 770 narrare.

342 780 413 817 τὰς
448 794 490 812 το
475 780 547 813 ὅτε
579 782 739 825 φυγὰς]
778 783 834 814 Sic
861 786 898 814 A.
924 781 946 813 s.
970 792 1002 813 o.
1028 793 1060 814 x.
1088 787 1122 814 et
1149 792 1268 823 margo
1294 781 1394 814 codd.
1419 783 1467 814 Ω.
1494 793 1523 814 a.
1551 794 1580 814 c.

252 824 336 857 Nam
365 826 455 866 quod
472 826 651 859 Bekkerus
677 828 750 859 Vat.
769 828 815 860 Ω.
842 831 954 858 narrat
980 837 1055 858 enm
1082 828 1259 859 lectionem
1287 827 1410 859 habere
1434 839 1452 859 a
1478 828 1582 868 prima

253 879 370 910 manu,
405 870 436 901 id
468 871 577 903 Bastii
613 873 781 904 refellitur
819 871 1023 903 testimonio.
1073 871 1124 903 Ex
1156 872 1433 913 interpretatione
1471 877 1581 904 ortum

253 1004 308 1032 tur
356 1005 390 1033 et
440 1002 616 1035 mittuntur
661 1004 693 1035 iu
740 1004 886 1034 exilium.

255 1045 418 1077 Herod.
449 1047 485 1078 V.
512 1049 574 1082 75:
600 1047 702 1079 πάλιν
727 1048 759 1081 ἐξ
762 1051 813 1078 ἐπι
817 1060 890 1079 πυ.

252 1089 438 1130 Thucyd.
465 1091 496 1124 1
522 1093 558 1126 2:
597 1093 732 1135 πολέμω
759 1091 780 1132 ἧ
806 1091 887 1123 συί-

253 1146 304 1166 σει
340 1134 565 1174 ἐκπίπτοντες.
601 1138 648 1169 Μ.
683 1138 751 1168 111.
778 1137 832 1171 68
863 1137 886 1170 l.

253 1179 331 1214 127.
361 1179 480 1214 11.27.
510 1183 570 1214 1v
597 1182 651 1216 (36.
677 1182 778 1214 VIII.
808 1181 885 1215 109.

251 1224 447 1265 Xenoph.
475 1226 552 1258 Hell
590 1227 649 1260 IV.
671 1227 704 1266 8,
731 1228 785 1260 20.
816 1227 885 1258 De-

253 1268 412 1302 mosth.
434 1281 465 1311 p.
492 1271 568 1305 290.
587 1272 641 1305 27.
658 1271 710 1303 ed.
738 1271 883 1303 Reisk.

252 1313 395 1355 Eurip.
432 1315 521 1348 Med.
554 1327 582 1347 v.
615 1317 694 1350 460.
730 1318 773 1348 al.
829 1316 884 1348 De

252 1359 293 1390 iis
320 1369 417 1397 vero,
450 1361 506 1400 qui
540 1361 571 1392 in
604 1362 749 1402 patriam
788 1361 884 1393 rede-

253 1407 330 1440 unt,
365 1406 503 1444 propria
538 1410 616 1437 sunt
640 1407 741 1437 verba
767 1407 883 1448 κατέρ-

250 1450 380 1487 χεσθαι
404 1454 439 1480 et
466 1449 636 1489 κατιέιάις
662 1461 691 1481 v.
709 1452 815 1490 impp.
842 1449 884 1481 nd

253 1493 479 1534 Aristopli.
514 1495 624 1527 Rnnn.
657 1505 686 1529 v.
721 1494 820 1528 1274.
850 1499 884 1526 et

254 1537 432 1569 Porson.
476 1538 520 1570 ad
563 1539 676 1580 Enrip.
718 1539 810 1570 Med.
854 1549 882 1570 v.

252 1583 352 1615 1011.
420 1586 469 1614 Ac
507 1584 661 1615 similiter
704 1583 884 1622 καταδέχε-

252 1629 340 1658 σθαι
365 1632 435 1658 est:
461 1629 612 1660 exules
636 1629 672 1660 in
698 1629 882 1669 patriam

252 1671 470 1712 recipere,
519 1671 721 1712 Aeschyl.
772 1670 883 1703 Choe-

253 1716 350 1757 phor.
383 1716 426 1748 in.
452 1715 641 1758 Xenoph.
673 1720 731 1756 Ag.
750 1717 792 1756 ll,
818 1716 883 1752 21„

251 1764 287 1792 et
318 1764 539 1801 καταγαγεῖν,
573 1762 726 1793 exules
751 1761 790 1792 in
817 1771 886 1801 pa-

251 1804 373 1836 triam
425 1807 681 1838 restituere.
754 1805 882 1837 Verum

252 1849 336 1880 haec
384 1854 543 1891 tanquam
587 1851 619 1881 in
674 1854 882 1881 transcursu.

253 1894 303 1925 De
339 1903 376 1925 re
411 1894 505 1936 ipsa,
539 1898 642 1927 notae
679 1899 757 1926 sunt
796 1898 882 1926 tem-

250 1942 414 1979 pestates,
439 1949 528 1980 quae
554 1940 647 1971 bello·
669 1938 818 1971 Troiano
843 1939 881 1970 fi-

250 1982 319 2015 nito
352 1983 382 2014 in
415 1985 571 2016 universa
605 1983 755 2016 Graecia
779 1993 880 2015 coor-

249 2031 304 2059 tae
337 2033 437 2068 sunt3
475 2028 518 2060 de
548 2028 670 2069 quibus
702 2039 732 2060 v.
765 2028 879 2060 Stra-

251 2072 344 2103 lion.
381 2073 445 2105 ΙΙΙ.
470 2072 549 2107 223.
582 2074 646 2105 iam
679 2074 722 2105 ab
757 2074 880 2105 Aetio

250 2116 434 2149 laudatum.
494 2118 679 2150 Plurimum
719 2127 800 2150 vero
838 2117 880 2149 ad

248 2163 430 2194 mutandas
468 2173 524 2194 res
562 2163 772 2194 Graecorum
822 2172 881 2193 va-

248 2206 331 2243 luit,
365 2206 456 2247 quod
492 2207 700 2239 Heraclidae
727 2217 748 2239 a
778 2207 881 2239 Pelo·

245 2249 355 2292 pidis,
398 2256 538 2283 auctore
571 2252 738 2293 imprimis
771 2251 882 2293 Eury-

181 2321 189 2328 .
245 2293 359 2335 ntimo,
380 2296 627 2337 Peloponneso
646 2297 778 2337 expulsi
795 2301 882 2328 sunt.

246 2338 317 2372 ‘Qui
350 2349 452 2380 quum
489 2342 520 2372 in
557 2340 716 2374 Doridem
760 2342 882 2374 coufu-

247 2384 393 2423 gisseni,
434 2389 556 2424 postea
592 2386 709 2418 iuncto
740 2385 882 2418 foedere

248 2437 324 2460 cum
357 2429 601 2469 Doriensibus,
636 2430 776 2462 ducibus
807 2429 880 2462 Te-

246 2481 365 2510 meno,
397 2472 613 2514 Cresphonte
639 2478 673 2506 et
698 2474 880 2507 Aristode-

247 2526 322 2554 mo,
346 2518 378 2549 in
404 2518 680 2559 Peloponnesum
708 2520 737 2551 vi
764 2530 879 2552 armo-

246 2571 318 2596 rnm
351 2562 519 2595 devictam
550 2562 727 2595 redierunt
764 2564 881 2605 ibique

243 2613 353 2640 ‚novas
373 2607 544 2646 civitates,
559 2607 877 2648 Lacedaemoniam,

957 1002 1161 1036 Messeniam
1198 1007 1232 1036 et
1259 1004 1436 1045 Argivam,
1468 1003 1581 1035 condi-

956 1047 1087 1081 derunt.
1128 1059 1159 1080 v.
1201 1049 1371 1080 Diodor.
1414 1048 1482 1079 Sic.
1517 1048 1579 1079 IV.

954 1092 1009 1126 58.
1049 1093 1244 1134 Apollod.
1277 1093 1317 1125 ll.
1344 1094 1379 1129 7,
1405 1093 1437 1126 3.
1476 1093 1579 1125 Pau-

954 1147 1038 1172 san.
1066 1138 1106 1170 ll.
1133 1138 1193 1172 18.
1210 1139 1241 1172 6.
1275 1138 1487 1170 Herodot.
1515 1138 1577 1169 VI.

952 1181 1006 1215 52.
1034 1187 1066 1215 et
1092 1193 1183 1223 quae
1214 1183 1383 1214 disserunt
1412 1183 1579 1214 Mfiller.

955 1227 1050 1258 Dorr.
1069 1227 1092 1259 Ι.
1111 1239 1142 1268 p.
1161 1227 1205 1261 46
1222 1238 1295 1268 sqq.
1324 1227 1362 1259 C.
1390 1227 1449 1259 Fr.
1476 1227 1580 1259 Her—

954 1281 1078 1305 mann.
1105 1273 1324 1313 Antiqnitatt.
1350 1274 1471 1304 Graec.
1499 1272 1521 1304 1.
1548 1282 1580 1314 p.

950 1316 1005 1350 50.
1031 1316 1085 1348 ed.
1110 1318 1143 1351 3.
1170 1317 1199 1357 ξ.
1225 1317 1279 1351 18.
1329 1317 1372 1349 Hi
1401 1327 1481 1349 vero
1506 1318 1580 1349 He-

952 1361 1100 1393 raclidae
1125 1361 1216 1403 quod
1243 1362 1398 1394 dicuntur
1422 1363 1582 1403 appellati

953 1416 1028 1437 esse
1043 1406 1234 1439 Dorienses
1260 1417 1322 1448 pro
1345 1406 1496 1443 Achivis,
1521 1417 1582 1438 no·

953 1451 1043 1482 mine
1067 1462 1084 1482 a
1111 1452 1213 1483 sociis
1238 1457 1411 1492 assumto,
1443 1452 1475 1484 id
1500 1462 1582 1484 vere

952 1495 1081 1527 narrari
1113 1506 1224 1528 rerum
1261 1497 1424 1528 memoria
1465 1497 1582 1537 utique

953 1544 1119 1579 testatur,
1157 1551 1359 1581 quamquam
1398 1551 1453 1572 res
1482 1551 1580 1581 quum

951 1584 1023 1615 aliis
1049 1585 1130 1616 mira
1156 1586 1296 1623 accidit,
1331 1590 1400 1616 tum
1429 1586 1579 1627 inprimis

952 1628 1052 1660 etiam
1100 1628 1429 1661 Wachsmuthio
1483 1631 1579 1661 Anti-

951 1673 1048 1712 quitt.
1083 1673 1226 1706 Graeco.
1261 1674 1334 1705 Vol.
1367 1674 1394 1705 Ι.
1429 1673 1468 1705 Ρ.
1497 1675 1519 1707 Ι.
1546 1685 1579 1715 p.

951 1717 1006 1751 97.
1033 1716 1086 1760 ed.
1113 1718 1140 1748 1.
1166 1719 1222 1750 ubi
1249 1719 1356 1749 Dores
1380 1728 1454 1750 cum
1483 1719 1581 1751 Acini-

951 1762 1003 1793 vis
1029 1771 1047 1793 a
1064 1762 1207 1794 Platone
1232 1767 1363 1795 temere
1387 1764 1522 1795 misceri
1547 1768 1582 1795 et

952 1806 1111 1838 confundi
1141 1808 1286 1848 scripsit.
1337 1807 1405 1839 Sed
1438 1808 1580 1840 eundem

951 1850 1069 1883 audias
1109 1850 1152 1883 de
1187 1849 1356 1893 primitis-'0
1391 1853 1516 1885 Dorum
1549 1854 1579 1884 in

952 1896 1193 1936 Peloponneso
1225 1896 1364 1929 foedere
1397 1897 1497 1930 docte
1529 1898 1580 1929 di-

950 1945 1143 1980 sputantem
1171 1941 1249 1974 ibid.
1277 1942 1354 1974 Vol.
1372 1941 1401 1973 I.
1429 1942 1468 1973 P.
1496 1943 1520 1976 Ι.
1545 1953 1576 1984 p.

948 1985 1017 2020 319
1042 1995 1114 2026 sqq.

994 2073 1253 2114 ξυλλέξαντα
1272 2073 1386 2105 εἶναι
1410 2072 1485 2110 τὰς
1509 2074 1576 2106 τό·

948 2129 993 2150 τε
1017 2116 1124 2160 φυγαὶ
1136 2120 1174 2156 ς]
1208 2117 1267 2150 Sic
1291 2116 1391 2150 codd.
1420 2119 1578 2152 meliores

949 2173 1009 2204 ρι’-ο
1034 2162 1119 2197 τοὺς
1144 2161 1224 2194 τότε
1240 2162 1407 2204 φυγάδας.
1457 2165 1574 2195 Veris·

948 2208 1053 2247 sime3
1077 2216 1151 2238 uam
1169 2206 1260 2247 φυγή
1286 2218 1346 2248 pro
1372 2209 1577 2241 exulibus

950 2253 1048 2284 etiam
1081 2251 1158 2283 alibi
1196 2252 1318 2284 dicitur
1355 2254 1435 2284 loeis
1464 2254 1575 2294 ¹plane

948 2296 1115 2336 indubiis,
1148 2299 1186 2329 ut
1208 2295 1291 2334 τοὺς
1317 2296 1395 2328 τότε
1421 2297 1577 2339 φυγάδας

950 2351 990 2374 ex
1017 2341 1297 2382 interpretatione
1322 2347 1432 2373 ortum
1458 2342 1574 2375 videa-

948 2390 1013 2418 tur.
1052 2385 1237 2417 Thomas
1279 2386 1377 2428 Mag
1427 2397 1459 2427 p.
1493 2387 1571 2421 902.

947 2427 1108 2472 ,,φυγή·
1140 2430 1195 2461 και
1228 2429 1263 2461 οἱ
1287 2429 1445 2472 φυγάδες.
1482 2431 1574 2464 Θου-

946 2475 1083 2516 κυδίδης
1107 2475 1140 2505 ἐν
1166 2478 1206 2515 τῇ
1228 2474 1355 2519 ὀγδόῃ·
1382 2475 1488 2516 (Vlll
1503 2475 1574 2517 64.)

946 2518 1015 2551 καὶ
1050 2518 1129 2566 γὰρ
1171 2519 1241 2550 καὶ
1281 2519 1387 2561 φυγὴ
1434 2519 1592 2555 αὐτωνμ

947 2565 1017 2600 ἔξω
1050 2567 1117 2603 ηνς
1156 2563 1199 2596 de
1235 2565 1357 2604 quibus
1397 2565 1508 2597 verbis
1541 2576 1574 2596 v.

947 2609 1147 2641 Valcken.
1175 2607 1219 2640 ad
1246 2608 1414 2642 Herodot.
1441 2620 1472 2652 p.
1497 2610 1575 2644 273
