1612 2872
537 70 569 112 P
578 69 655 113 ΚΑ
663 69 908 114 EFATIO.
1287 69 1404 112 XIX

51 185 208 229 habere
239 184 524 242 potuisse,
562 191 610 227 ut
640 186 816 228 omnino
856 183 1032 239 quidem
1061 183 1194 226 fuerit
1222 184 1404 227 arbitra-

50 243 153 287 rius.
210 241 387 299 Quippe
417 240 610 285 adscitus
639 242 712 299 ille
740 241 929 296 videtur,
960 246 1012 284 ut
1039 239 1256 295 diximus,
1286 257 1405 284 com·

48 298 279 343 mendante
313 299 455 356 ipsum
496 299 768 355 antiquitatis
807 314 912 353 usu,
943 298 1083 342 sicubi
1112 299 1300 342 orationi
1327 306 1406 341 aut

47 357 298 415 insignioris
338 355 563 399 cuiusdam
601 356 831 414 gravitatis
869 371 921 398 ao
968 355 1196 414 dignitatis
1235 356 1404 411 species

48 421 125 458 aut
162 413 450 457 solemnitatis
488 414 742 469 cuiusquam
781 414 920 455 forma
959 411 1244 470 impertienda
1281 413 1402 456 vide-

48 479 181 514 retur.
258 470 613 514 Consentaneum
667 471 800 526 igitur
846 477 914 512 est
960 477 1216 528 usurpatam
1267 470 1403 514 fuisse

48 529 162 571 hanc
199 528 410 570 rationem
453 527 638 583 primum
675 527 720 568 in
764 526 904 569 titulis
946 535 990 569 et
1026 527 1401 584 inscriptionibus,

50 601 232 641 quorum
262 593 418 626 natura
448 584 510 626 ita
539 585 647 639 fert,
679 591 729 626 ut
757 583 946 627 subinde
974 585 1229 627 sonantiora
1272 601 1402 628 voca-

46 642 149 685 bula
178 641 413 697 requirant.
475 642 613 684 Porro
641 640 792 684 eadem
817 641 960 684 locum
979 642 1122 684 tenuit
1141 657 1266 685 suum
1297 645 1402 685 item

46 700 92 741 in
130 698 397 742 solemnibus
446 698 592 756 legum
639 698 859 750 formulis;
910 698 1027 742 unde
1075 699 1207 742 toties
1253 701 1298 742 in
1346 699 1400 742 iis

46 762 266 799 oratorum
294 755 404 798 locis
433 759 671 811 reperitur,
715 756 791 811 qui
815 761 898 798 'aut
924 756 1045 814 leges
1075 757 1192 813 ipsas
1226 763 1301 799 aut
1331 772 1402 799 ea-

47 829 141 856 rum
180 813 440 856 sententiam
477 814 685 856 referunt.
754 813 957 869 Denique
1000 813 1131 856 etiam
1181 814 1225 856 in
1270 829 1400 871 gran·

48 870 169 913 diore
207 885 404 913 sermone
452 877 584 925 atque
633 871 678 912 in
727 870 780 914 iis
828 871 1058 928 operibus,
1110 886 1222 926 quae
1268 871 1400 914 talem

49 927 337 985 granditatem
366 928 601 983 referrent,
638 927 807 970 videtur
837 928 1002 971 usitata
1030 928 1180 971 fuisse.
1238 928 1401 983 Qualia

47 984 222 1041 quidem
253 1000 385 1042 opera
424 986 629 1042 quoniam
663 991 767 1028 sunt
803 985 950 1043 Leges
977 985 1199 1040 Platonis,
1239 986 1401 1030 Politia

48 1050 179 1099 atque
209 1042 430 1098 Timaeus,
465 1041 707 1085 mirandum
738 1049 855 1085 certe
885 1058 972 1085 non
1002 1050 1082 1096 est,
1114 1044 1152 1086 si
1184 1044 1259 1099 qui
1290 1043 1400 1086 exti-

46 1105 196 1142 terunt
235 1100 376 1142 critici
415 1107 460 1143 et
498 1100 792 1157 grammatici,
833 1101 908 1156 qui
939 1099 1046 1142 illud
1073 1104 1107 1144 'v‘
1141 1101 1269 1143 etiam
1301 1107 1400 1143 ante

46 1172 262 1200 consonas
300 1157 346 1199 in
383 1157 437 1200 iis
486 1157 616 1200 adiici
672 1165 871 1213 oportere
935 1157 1017 1200 sibi
1071 1157 1399 1214 persuaderent.

45 1214 163 1257 Nam
193 1214 437 1257 Parisinum
469 1214 642 1269 quidem
674 1213 868 1257 codicem
910 1215 1057 1270 (1807.
1088 1216 1192 1271 A.),
1223 1215 1278 1258 de
1312 1230 1399 1271 quo

45 1271 285 1327 loquimur,
321 1272 448 1314 etiam
486 1272 531 1314 in
571 1272 750 1314 Timaeo
791 1278 836 1313 et
873 1272 1117 1328 Republica
1146 1288 1239 1315 eam
1267 1273 1400 1315 ratio-

47 1344 159 1373 mem
196 1336 369 1382 tenere,
408 1328 621 1384 liquidum
651 1328 734 1371 erit
771 1344 826 1371 ex
863 1329 1122 1386 Appendice
1166 1337 1300 1373 nostr.
1343 1329 1401 1372 ad

48 1386 156 1428 Tim.
196 1403 238 1443 p.
277 1389 374 1428 444.
414 1385 480 1430 ed.
523 1385 716 1428 Gothan.
755 1393 800 1428 et
842 1387 985 1430 Praef.
1055 1386 1400 1430 Schneideri

47 1442 103 1484 ad
133 1443 332 1500 Reipubl.
365 1443 475 1485 Plat.
508 1443 575 1486 ed.
611 1443 849 1486 Parisinam
867 1445 1005 1486 forma
1037 1451 1249 1499 quaterna
1276 1445 1400 1487 insti-

45 1507 182 1542 tutam
215 1503 302 1558 (ap.
331 1501 465 1544 Firm.
495 1500 666 1555 Didot.,
699 1517 736 1543 a.
776 1502 916 1554 1846.)
958 1517 1000 1557 p.
1045 1502 1123 1543 IV.
1155 1517 1255 1557 sqq.
1316 1505 1400 1544 At-

47 1573 130 1613 que
171 1557 317 1600 eadem
358 1573 512 1601 caussa
551 1569 647 1612 est,
699 1574 776 1601 cur
814 1559 943 1601 etiam
980 1559 1079 1602 libri
1123 1559 1180 1601 N.
1223 1559 1272 1602 T.
1312 1559 1399 1602 isto

46 1613 174 1656 modo
213 1615 259 1657 in
297 1614 524 1658 codicibus
577 1615 836 1670 quibusdam
866 1616 1034 1658 exarati
1058 1622 1172 1659 sunt.
1234 1615 1399 1670 Quam-

47 1687 174 1726 quam
217 1687 297 1715 nos
337 1672 373 1716 si
404 1672 510 1728 quid
539 1672 733 1715 iudicare
767 1689 1022 1729 possumus,
1054 1673 1258 1716 licentius
1292 1688 1398 1716 sane

45 1728 216 1772 videtur
247 1729 330 1773 hoc
360 1730 404 1772 in
437 1745 596 1787 genere
626 1737 826 1787 grassata
854 1745 949 1773 esse
969 1731 1244 1774 librariorum
1267 1742 1399 1787 atque

46 1786 294 1830 criticorum
334 1786 562 1830 industria.
632 1787 722 1842 Qui
760 1795 877 1830 certe
914 1803 1010 1830 sese
1050 1788 1303 1843 neutiquam
1334 1789 1398 1831 vi-

47 1842 205 1885 dentur
244 1844 359 1886 intra
395 1860 468 1887 eos
504 1845 613 1888 fines
654 1846 946 1897 continuisse,
978 1845 1094 1887 intra
1125 1861 1235 1901 quos
1268 1845 1399 1888 debe-

47 1899 164 1942 bant.
223 1900 316 1943 Imo
345 1901 405 1942 illi
436 1902 474 1944 si
506 1902 680 1958 quando
714 1902 874 1945 vellent
892 1902 1136 1958 elegantius
1157 1909 1202 1945 et
1231 1903 1399 1960 magni-

46 1956 248 1999 ficentius
286 1957 495 2014 seriptum
533 1974 628 2002 esse
666 1975 775 2015 opus
804 1960 1006 2014 aliquod,
1049 1959 1159 2002 illud
1188 1966 1398 2016 protenus

45 2013 108 2055 ita
144 2021 401 2067 exararunt,
431 2022 481 2057 ut
508 2015 553 2057 in
581 2016 718 2058 titulis
748 2022 791 2057 et
817 2016 1175 2073 inscriptionibus
1204 2016 1298 2059 fieri
1328 2032 1398 2060 so-

45 2070 175 2123 lebat,
206 2071 267 2113 ita
296 2072 424 2114 etiam
456 2073 657 2128 scriptori
689 2073 950 2130 singularem
971 2073 1156 2129 aliquem
1187 2073 1398 2117 honorem

46 2126 195 2170 haberi
224 2129 321 2171 rati.
379 2129 489 2171 Inde
520 2130 654 2187 igitur
682 2137 832 2173 nostra
861 2131 1075 2173 sententia
1102 2139 1399 2187 provenerunt

47 2184 277 2241 splendida
331 2186 546 2242 quaedam
594 2195 638 2231 et
689 2188 924 2245 magnifica
975 2194 1169 2230 veterum
1218 2204 1398 2246 operum

48 2241 327 2299 exemplaria,
369 2244 412 2286 in
456 2244 615 2300 quibus
645 2260 732 2288 non
761 2252 852 2288 tam
882 2251 1126 2302 spectatum
1156 2253 1245 2301 est,
1291 2246 1396 2302 quid

48 2299 101 2341 ab
139 2298 250 2355 ipsis
288 2315 433 2343 eorum
473 2302 726 2345 auctoribus
780 2309 898 2344 esset
941 2302 1211 2359 profectum,
1267 2319 1397 2359 quam

48 2355 152 2411 qnid
207 2355 260 2398 ad
309 2357 501 2414 ipsorum
557 2358 758 2402 codicum
813 2359 1073 2416 elegantiam
1117 2367 1162 2403 et
1210 2361 1396 2417 pretium

47 2412 294 2470 augendum
325 2415 501 2458 valeret.
561 2416 780 2459 Nimirum
808 2432 902 2459 mos
933 2417 1113 2460 Atticus
1143 2433 1277 2473 quum
1306 2434 1396 2461 om-

47 2469 149 2512 nino
180 2485 305 2513 usum
335 2471 464 2515 istum
498 2472 669 2516 litterae
698 2476 734 2517 ’,ἶ
766 2474 1056 2530 permitteret,
1095 2474 1159 2516 illi
1188 2475 1396 2518 continuo

47 2541 144 2568 eum
184 2527 312 2571 latius
349 2529 636 2573 extenderunt
677 2538 722 2573 et
759 2531 971 2574 universis
1002 2531 1262 2588 scriptorum
1293 2548 1396 2590 ope-

46 2583 189 2637 ribus,
230 2600 346 2628 more
384 2586 569 2630 fortasse
600 2603 808 2644 perquam
841 2589 1043 2644 antiquo..
1072 2588 1282 2645 impertiri
1308 2605 1397 2632 non

48 2639 365 2686 dubitaverunt.
437 2643 567 2698 Quod
617 2645 788 2701 quidem
841 2645 1070 2689 verisimile
1108 2653 1174 2690 est
1212 2646 1397 2689 maxime

1039 2726 1128 2767 B.
