1612 2872
564 53 679 96 1>le
688 51 937 96 EFATIO.
1236 51 1423 95 XXXV

75 168 547 213 winkelmannus
586 169 631 210 in
668 167 860 211 editione
899 166 1093 223 Operum
1131 165 1302 208 Platon.
1334 166 1424 208 Tu-

70 227 226 270 ricensi
244 258 258 280 ‚
290 225 466 279 Turici‚
502 227 624 269 1839.
655 230 696 267 4.
725 224 841 268 unde
871 224 1017 281 Leges
1046 238 1242 266 seorsum
1272 221 1422 266 edide-

69 290 170 327 mnt
208 284 333 326 form.
371 289 516 326 octon.
556 283 712 325 minor.
747 281 918 336 Ibid.‚
961 295 1070 338 quae
1107 281 1250 323 minor
1289 279 1421 323 editio

67 341 224 384 iterum
254 355 393 397 nuper
421 355 467 382 re
500 340 607 382 etita
636 346 706 382 est
736 354 834 381 cum
854 338 1212 381 annotationibus
1241 338 1422 393 quibus·-

68 397 169 440 dam
209 398 373 440 criticis
421 357 861 441 Wpinkelmanni
910 401 954 438 et
997 395 1215 439 Baiteri
1253 395 1420 450 Turici,

72 457 194 499 1854.
225 455 264 497 8.
294 455 397 497 min.
448 500 449 504 ,

180 509 731 566 Platonis-Dialogi.
762 524 815 551 ex
843 509 1146 566 recognitione
1185 506 1307 550 Car.
1338 507 1420 550 Fr.

67 569 389 613 Hermanni.
446 567 643 623 Lipsiae,
674 572 804 609 sumt.
834 566 1057 608 Teubueri
1091 567 1215 608 1852.
1243 567 1284 608 8.
1316 566 1421 607 min.

69 625 284 668 volumen
335 625 535 680 quintum
583 623 777 667 continet
821 623 971 681 Leges*
1015 629 1060 666 et
1098 622 1420 679 Epinomidem‚

66 682 306 740 praemissa
332 682 455 725 brevi
486 680 771 724 annotatione
802 681 976 735 critica,
1009 695 1098 736 qua
1127 679 1272 722 editor
1299 680 1422 737 inge-

67 739 344 782 niosissimus
374 739 586 782 lectiones
617 753 644 780 a
672 753 719 780 sc
749 738 958 793 probatas
988 737 1211 780 vindicare
1236 744 1421 780 conatus

68 803 150 840 est.
219 796 274 838 Iu
313 812 400 852 quo
440 803 584 838 tamen
623 810 938 850 saepenumero
980 811 1006 836 a
1034 802 1155 837 recto
1186 794 1419 848 aberravit,

68 854 274 908 quoniam
311 855 389 896 uni
428 854 607 896 alterive
637 853 748 895 libro
794 853 948 895 tribuit
977 852 1122 895 omnia
1150 866 1290 906 eoque
1328 852 1422 894 veri

67 910 275 954 iudicium
305 911 579 968 gubernavit,
610 910 790 966 reliquis
830 926 981 967 parum
1011 916 1087 951 aut
1114 909 1223 951 nihil
1252 909 1419 952 tribuit.

183 968 442 1011 Platonis
493 966 681 1024 Opera
730 983 784 1009 ex
833 967 1090 1009 recensione
1139 965 1189 1009 C.
1236 966 1289 1009 Ε.
1331 965 1418 1010 Ch.

69 1023 427 1067 Schneideri.
477 1025 578 1067 Vol.
627 1024 689 1066 ΙΙ.
741 1023 920 1066 Parisiis
968 1024 1132 1066 editore
1183 1023 1419 1066 Ambrosio

67 1082 233 1124 Firmin
272 1082 424 1124 Didot.
468 1083 588 1124 1846.
618 1082 758 1123 forma
787 1089 984 1136 quatern.
1044 1082 1154 1124 Pars
1184 1080 1312 1137 primi
1342 1097 1420 1124 vo-

66 1139 242 1182 luminis
271 1139 464 1182 secunda
493 1139 797 1195 complectitur
825 1138 974 1195 Leges
1005 1144 1050 1180 et
1080 1138 1342 1194 Epinomin,
1373 1138 1419 1180 in

68 1196 226 1251 quibus
257 1195 532 1239 recensendis
574 1195 971 1238 Schneiderus
1009 1210 1115 1238 usus
1156 1202 1223 1238 est
1251 1195 1418 1238 codicis

67 1253 254 1295 Parisini
292 1255 346 1295 A.
386 1260 430 1295 et
467 1253 674 1296 Vossiani
705 1253 973 1295 accuratiore
1005 1253 1253 1306 collatione,
1287 1253 1418 1294 sicuti

68 1326 122 1352 ex
160 1311 212 1353 iis
254 1310 400 1368 colligi
442 1310 569 1364 licet⁷
615 1325 727 1366 quae
770 1310 813 1351 in
851 1309 1176 1352 Additamentis
1225 1309 1280 1351 ad
1332 1309 1418 1352 Po-

66 1368 226 1422 litiam,
266 1367 319 1409 de
357 1367 515 1422 quibus
554 1368 598 1409 in
637 1366 880 1424 appendice
919 1367 975 1409 ad
1014 1383 1224 1424 nuperam
1255 1367 1418 1424 Reipu-

65 1425 204 1467 blicae
236 1424 469 1467 editionem
501 1424 662 1467 dictum
693 1431 783 1478 est,
812 1440 901 1466 non
930 1441 1016 1467 uno
1058 1425 1156 1468 loco
1196 1424 1418 1482 significa-

66 1482 140 1524 vit.
212 1481 385 1536 Quibus
424 1482 600 1537 quidem
638 1482 799 1538 copiis,
841 1481 954 1538 proh
1005 1482 1129 1525 dolor
1158 1498 1246 1524 non
1275 1482 1418 1539 publi-

67 1541 176 1583 catis
216 1539 293 1582 sed
331 1539 376 1580 in
415 1540 574 1582 scrinio
613 1539 820 1593 retentis,
867 1555 954 1595 qua
989 1540 1157 1582 ratione
1184 1554 1303 1582 -usus
1343 1541 1416 1594 sit,

72 1604 194 1640 certo
242 1595 424 1638 iudicari
462 1612 550 1638 non
602 1603 769 1653 potest3
821 1611 1083 1653 quamquam
1135 1612 1233 1638 eum
1283 1597 1419 1639 multa

66 1653 168 1696 inde
197 1654 381 1696 feliciter
399 1653 695 1697 emendavisse
726 1654 770 1695 in
792 1655 1075 1697 annotatione
1103 1654 1254 1697 critica
1272 1661 1417 1697 osten-

67 1710 221 1754 dimus.
290 1709 510 1764 Quocirca
550 1727 655 1754 sane
695 1710 934 1767 optandum
964 1718 1055 1766 est,
1094 1718 1146 1754 ut
1182 1711 1417 1767 aliquando

67 1768 112 1810 in
150 1768 368 1825 publicam
406 1768 547 1810 lucem
591 1769 891 1825 proferantur,
933 1784 1044 1824 quae
1082 1770 1267 1812 fortasse
1305 1769 1416 1826 ipse,

69 1825 199 1866 sicuti
228 1825 365 1880 copiis
394 1824 450 1866 ad
492 1825 819 1882 Rcmpublicam
851 1826 1113 1883 comparatis
1140 1827 1304 1869 factum
1334 1832 1416 1880 est,

70 1879 173 1945 data
210 1882 535 1937 opportunitate
571 1898 669 1924 cum
710 1881 889 1925 eruditis
939 1883 1259 1926 communicare
1298 1883 1417 1939 apud

68 1952 257 1980 animum
291 1938 602 1981 constituisset.

180 1995 367 2051 Leges
406 2002 459 2037 et
497 1995 800 2052 Epinomin
830 1996 915 2052 ipsi
946 2010 1146 2052 quoque,
1186 1995 1313 2039 novis
1350 1995 1417 2038 in-

69 2052 224 2094 structi
263 2051 492 2108 praesidiis
535 2052 724 2106 criticis‚
767 2052 820 2094 de
862 2052 1020 2108 quibus
1059 2059 1188 2095 antea
1223 2053 1416 2095 narravi-

68 2123 189 2163 mus,
231 2107 502 2152 emendatius
542 2108 730 2152 describi
767 2110 972 2153 iussimus
1009 2110 1055 2151 in
1093 2109 1282 2153 editione
1312 2126 1416 2168 ope-

67 2181 160 2207 rum
189 2165 408 2220 Platonis,
451 2181 563 2222 quae
602 2167 781 2224 Lipsiae
823 2168 944 2211 1850.
983 2167 1198 2211 sumtibus
1227 2177 1270 2210 et
1298 2168 1416 2225 typis

70 2221 218 2265 Caroli
256 2222 508 2266 Tauchnitii
548 2224 687 2267 forma
724 2230 767 2266 et
805 2224 993 2266 maxima
1015 2236 1080 2278 ¹et
1110 2224 1272 2267 sedena
1300 2225 1417 2268 facta

68 2286 146 2322 est.
205 2282 249 2322 A
288 2294 375 2334 qua
413 2287 558 2323 tamen
596 2296 713 2324 nunc
750 2281 919 2324 iteratis
947 2282 1065 2325 curis
1093 2297 1145 2325 ac
1170 2282 1416 2326 meditatio-

68 2337 197 2380 nibus
227 2351 315 2379 non
345 2352 433 2380 uno
463 2338 561 2380 loco
601 2337 915 2381 discedendum
951 2339 1077 2382 nobis
1120 2354 1214 2382 esse
1249 2339 1415 2383 iudica-

67 2394 225 2446 vimus,
259 2393 610 2451 quandoquidem
640 2396 780 2438 veteri
808 2396 1038 2452 proverbio
1071 2396 1164 2439 dies
1196 2396 1308 2439 diem
1337 2397 1415 2440 do-

68 2465 166 2492 cere
196 2450 318 2492 solet.

179 2500 381 2563 Denique
411 2508 690 2552 memoranda
719 2515 786 2552 est
812 2511 1048 2554 novissima
1068 2510 1238 2568 Legum
1263 2510 1414 2566 editio,

67 2578 179 2662 guae
203 2564 378 2663 ‘prlodiit
422 2564 594 2609 adiecta
643 2567 996 2623 interpretatione
1036 2566 1296 2611 Germanica
1332 2568 1414 2611 sub

97 2635 149 2663 oc
179 2626 263 2663 tntu
283 2637 329 2664 o:

1058 2697 1147 2738 C*
