1612 2872
233 114 313 155 388
716 108 1084 151 PLATONIS

233 230 467 280 γίγνεσθαι
512 223 752 281 προφάσεις
796 227 865 264 καὶ
914 221 1084 278 σφόδρα
1137 226 1313 276 ἑτοίμας
1359 220 1475 264 ὅπλα
1521 237 1563 262 τε

233 294 450 335 ἀπολλῦσι
495 293 567 332 καὶ
611 287 822 346 φεύγουσι
871 288 922 339 δή
974 304 1096 337 τινας
1141 287 1220 331 οὐκ
1262 286 1465 342 αἰσχράς,
1508 285 1565 333 ὥς

236 373 369 415 φασι,
415 354 573 413 φυγάς.
624 357 765 396 ταῦτα
796 352 881 408 γάρ
916 359 960 395 ὲκ
996 356 1202 405 ναυτικῆς
1237 353 1455 402 ὁπλιτείας
1489 351 1563 408 ῥή-

236 440 354 478 ματα
385 425 501 478 φιλεῖ
535 421 807 475 ξυμβαίνειν,
856 419 935 462 οὐκ
983 417 1085 471 ἄξια
1133 422 1322 462 ἐπαίνων
1359 418 1566 466 πολλάκις

236 491 413 542 μυρίων,
448 485 561 528 ἀλλὰ
601 485 883 529 τούναντίον
920 488 1008 536 ἔθη
1046 484 1129 539 γὰρ
1166 483 1337 537 πονηρὰ
1361 484 1566 527 οὐδέποτε

234 555 397 605 ἐθίζειν
434 555 515 601 δεῖ,
551 554 621 594 καὶ
659 554 799 594 ταῦτα
836 549 884 593 τὸ
921 553 1007 592 τῶν
1044 554 1232 594 πολιτῶν
1268 553 1466 603 βέλτιςον
1497 553 1566 603 με·

234 634 331 673 ρος·
382 612 436 670 ἦν
482 620 525 660 δέ
560 633 645 660 που
683 616 813 660 τοῦτο’
848 634 893 669 γε
929 619 1000 658 καὶ
1036 616 1139 670 παρ’
1176 615 1366 672 Ὁμήρου
1402 617 1566 669 λαβεῖν,

235 684 305 728 ὅτι
341 682 390 727 τὸ
426 682 688 736 ἐπιτήδευμα
726 677 779 734 ἦν
816 682 865 725 τὸ
907 684 1109 725 τοιοῦτον
1148 683 1199 725 οὐ
1237 680 1385 724 καλόν.
1428 679 1565 724 Ὀδυσ-

236 749 333 800 σεὺς
368 749 452 803 γὰρ
477 748 597 803 αὐτῷ
622 752 810 802 λοιδορεῖ
830 749 908 791 τον
939 747 1252 803 Ἀγαμέμνονα,
1285 747 1568 802 τῶνἈχαιῶν

236 818 335 860 τότε
371 813 455 858 ὑπὸ
493 817 579 857 τῶν
622 814 785 870 Τρώων
833 821 1128 868 κατεχομένων
1165 816 1213 873 τῇ
1250 813 1385 872 μα’χῃ,
1429 812 1568 855 κελεύ-

237 900 344 925 οντα
390 882 471 931 τοὶς
518 882 625 929 ναῦς
669 885 726 930 εἰς
772 878 851 930 τὴν
884 880 1120 921 θάλατταν
1166 882 1418 921 καθέλκειν·
1463 877 1484 921 ὁ
1524 881 1568 920 δὲ

233 951 484 1003 χαλεπαίνει
523 963 567 989 τε
603 944 724 1000 αὐτῷ
763 948 833 987 καὶ
870 948 978 996 λέγει

331 1096 472 1132 ταῦτα’
493 1097 569 1140 γὰρ
603 1097 648 1129 ἐκ
680 1098 909 1139 ιάυιικῆε]
945 1098 1074 1130 Οοτιιὲἑε
1111 1098 1151 1128 mi
1186 1099 1270 1128 Pznt.
1299 1097 1319 1129 Ι.
1347 1107 1379 1137 ρ.
1409 1095 1487 1129 208.
1512 1096 1566 1129 20.

240 1146 391 1178 correxit
416 1144 562 1181 τοιαῦτα,
587 1142 676 1184 quod
703 1144 834 1182 recepit
863 1143 1051 1174 nokkerus.

334 1193 452 1232 φιλεῖ
479 1188 759 1230 ξυμβαίνειν]
794 1187 987 1228 Legebatur
1015 1187 1098 1228 φασὶ
1123 1187 1221 1227 ξυμβ.
1256 1185 1345 1228 (μιοά
1374 1194 1458 1216 unius
1487 1185 1568 1216 Ven.

247 1238 282 1270 Ξ.
308 1241 342 1268 et
369 1236 458 1268 Flor.
484 1245 515 1266 o.
545 1244 574 1266 c.
602 1243 675 1265 cum
701 1233 821 1272 Steph.
851 1238 975 1264 tuetur.

332 1282 375 1313 D.
426 1279 469 1311 τὸ
496 1278 726 1320 τοιοῦτον]
754 1277 851 1310 Voss.
878 1279 990 1308 τοῦτο.

241 1391 473 1431 meminerint,
533 1391 656 1430 quanta
715 1389 873 1421 libertate

241 1437 368 1469 Graeci
385 1436 523 1467 omnino
544 1435 575 1465 in
599 1433 772 1465 variandis
793 1434 871 1465 sub-

241 1483 318 1516 iecti
351 1481 542 1514 rationibus
583 1478 635 1510 usi
669 1479 745 1510 sint.
804 1479 872 1510 Pro

243 1527 389 1564 εἰκαίας,
421 1525 512 1567 quod
549 1525 650 1563 vulgo
684 1524 871 1564 legebatur,

243 1584 286 1605 ex
311 1572 446 1614 optimis
473 1569 573 1604 codd.
590 1567 719 1600 εἰκυίας
735 1569 872 1610 scripsi-

243 1628 336 1656 mus,
367 1615 458 1657 quod
489 1616 755 1654 interpretamur
781 1623 872 1654 spe-

242 1664 399 1699 cimas,
425 1670 512 1701 quas
528 1659 731 1698 veilentipsi
758 1657 873 1690 haberi

242 1706 494 1747 probabiles
520 1704 572 1735 vel
599 1703 871 1735 verisimiles.

243 1751 392 1785 Eaedem
430 1759 510 1781 vero
536 1758 678 1781 cerussae
709 1752 874 1780 vocantur

243 1798 344 1830 etiam
381 1793 518 1835 σφόδρα
549 1792 692 1832 ἕτοιμαι,
731 1792 871 1824 admo-

242 1843 334 1874 dnm
363 1844 527 1882 promta
539 1847 575 1878 e,
601 1848 668 1879 quo
692 1837 873 1876 indicatur,

244 1886 470 1920 Athenienses
506 1885 538 1917 in
581 1882 621 1914 iis
659 1882 872 1915 inveniendis

242 1937 344 1973 atque
375 1927 612 1972 excogitandis
636 1926 742 1959 fuisse
767 1928 871 1959 mexi-

240 1988 294 2010 me
312 1977 471 2008 sollertes
498 1979 532 2007 et
551 1973 773 2006 exercitatos.
823 1973 872 2004 De

241 2022 283 2064 δή
331 2029 421 2053 τινας
457 2038 501 2044 -
539 2015 655 2059 φυγάς
698 2017 868 2057 conferas,

239 2077 388 2107 quaeso.
419 2065 526 2106 Legg.
560 2063 602 2096 X.
634 2074 664 2104 p.
697 2061 776 2095 890.
815 2063 867 2096 A:

241 2108 317 2145 ἀλλ’
346 2108 389 2144 ου’
414 2108 455 2152 δή
480 2120 543 2141 τινι
567 2106 680 2149 φύσει.
709 2108 758 2139 De
781 2107 868 2148 ch.

240 2158 289 2190 11.
315 2168 346 2198 p.
371 2155 450 2190 373.
484 2157 523 2187 A.
562 2154 633 2186 Vn.
668 2162 699 2192 ρ.
728 2151 804 2186 521.
831 2152 869 2184 C.

243 2202 416 2234 Phaedon.
443 2211 474 2242 p.
502 2199 578 2234 107.
605 2199 644 2229 Ι).
670 2207 701 2237 p.
730 2197 806 2231 115.
826 2197 869 2229 D.

242 2248 360 2288 Symp.
396 2258 427 2286 p.
460 2245 538 2279 179.
572 2244 611 2276 C.
649 2241 762 2281 ibique
797 2252 871 2274 ann.

218 2292 319 2324 ‘Aiin
354 2292 495 2330 conlegit
531 2286 788 2321 Boissoned.
829 2286 871 2318 ad

243 2336 403 2370 Philostr.
438 2335 584 2367 Heroicn
617 2343 649 2374 p.
675 2331 751 2366 299.
803 2332 871 2364 Re-

242 2386 297 2413 cte
339 2381 566 2411 Hermann.
606 2377 648 2409 ad
689 2377 798 2417 Antig.
840 2387 869 2407 v.

241 2426 320 2462 158.
359 2423 403 2466 δή
440 2433 487 2455 us
522 2425 764 2463 interpretatur
805 2431 870 2453 ne-

242 2472 336 2503 scio
372 2470 484 2510 qnis3
522 2468 614 2509 quod
656 2476 799 2507 prorsus
838 2466 869 2498 in

243 2516 329 2549 hunc
361 2516 474 2547 iocum
508 2513 676 2545 convenit.
729 2511 871 2550 Proprie

243 2565 315 2593 ost:
346 2559 519 2592 scilicet
550 2558 727 2598 aliquas
753 2555 869 2588 vide-

243 2606 359 2638 iicet..

289 2649 419 2681 ταῦτα
458 2645 537 2688 γὰρ
574 2644 616 2676 ἐκ
661 2646 870 2687 ναυτικῆς

942 1405 983 1412 -
1018 1386 1134 1431 φιξλεῖ
1169 1386 1475 1427 ξυμβαίνεινΠ
1501 1386 1570 1419 Pro

944 1434 1063 1470 ταῦτα,
1095 1433 1186 1473 qnod
1225 1433 1299 1464 iibri
1333 1442 1453 1464 omnes
1477 1442 1569 1465 mor-

941 1479 1036 1510 dicus
1061 1482 1193 1517 tenent,
1229 1477 1389 1509 Corae's
1420 1477 1461 1509 nd
1488 1479 1569 1510 Pin-

942 1524 1049 1555 tarch.
1087 1523 1159 1554 Vol.
1184 1523 1212 1554 1.
1238 1532 1271 1564 p.
1297 1522 1376 1556 208.
1401 1523 1455 1556 20.
1495 1533 1568 1555 cor—

941 1567 1116 1609 rigendum
1143 1568 1275 1599 censuit
1299 1568 1445 1605 τοιαῦτα,
1469 1567 1570 1608 idque

942 1614 1016 1645 sine
1047 1613 1206 1644 librorum
1245 1613 1414 1653 suffragiis
1439 1614 1572 1654 recepit

945 1658 1179 1690 Bekkerns.
1231 1657 1300 1689 Nec
1331 1662 1444 1689 tamen
1471 1662 1570 1699 puta-

939 1712 1012 1735 mus
1037 1711 1114 1734 eam
1141 1703 1388 1735 correctionem
1409 1712 1569 1735 necessa—

939 1748 1023 1779 riam
1051 1757 1143 1784 esse,
1171 1747 1442 1788 quimdoqnidem
1470 1749 1570 1779 ταῦτα

940 1793 1081 1824 similem
1124 1792 1224 1824 habet
1265 1794 1428 1824 rationem
1466 1797 1570 1833 atque

941 1837 1089 1870 τοιαῦτα.
1151 1837 1255 1872 Quod
1298 1838 1383 1869 enim
1427 1837 1568 1870 dicitur:

939 1883 1066 1914 Istae
1099 1883 1212 1914 enim
1249 1893 1380 1914 voces
1417 1892 1457 1914 ex
1503 1893 1567 1914 nn-

940 1928 1024 1960 vsli
1051 1928 1207 1960 militia
1241 1929 1384 1960 soient
1406 1927 1568 1960 existe—

938 1983 1003 2012 re;
1033 1972 1069 2004 id
1101 1983 1183 2005 vero
1219 1974 1332 2014 pauno
1367 1973 1496 2006 fortius
1521 1972 1569 2004 di-

937 2021 1027 2049 ctum
1046 2028 1122 2059 pro:
1152 2017 1401 2051 istiusmodi
1426 2027 1566 2050 voces.

937 2062 1009 2095 Nec
1033 2073 1114 2095 vero
1128 2067 1222 2095 recte
1244 2063 1364 2103 anquis
1393 2062 1569 2095 articulum

940 2105 976 2139 τὰ
1001 2111 1080 2140 ante
1107 2105 1234 2149 ῥήματα
1266 2107 1450 2140 desideret.
1501 2108 1568 2141 Qui

938 2162 998 2184 cur
1022 2153 1169 2185 omissus
1196 2153 1260 2193 sit,
1286 2152 1459 2184 docebunt
1482 2162 1569 2193 quae

941 2197 1136 2238 scripsimus
1162 2197 1203 2228 nd
1233 2197 1361 2230 Phiieb.
1389 2208 1422 2239 p.
1447 2197 1500 2231 16.
1528 2198 1566 2230 C.

940 2245 975 2275 et
1006 2253 1037 2283 p.
1074 2242 1128 2276 65.
1162 2243 1206 2274 D.
1264 2243 1350 2275 Rem
1394 2243 1569 2283 attigimus

940 2287 1039 2319 etism
1087 2287 1192 2327 Legg.
1235 2287 1293 2319 ΙΙΙ.
1335 2297 1366 2328 ρ.
1407 2287 1483 2321 702.
1527 2288 1565 2319 C.

939 2332 1029 2364 Dein
1055 2342 1117 2373 pro
1144 2333 1246 2372 φιλεῖ,
1270 2332 1360 2373 quod
1384 2333 1487 2364 codd.
1515 2336 1566 2364 tn-

939 2381 1054 2416 entur,
1091 2388 1194 2418 prave
1236 2379 1316 2410 oiim
1348 2378 1421 2410 eret
1451 2379 1566 2417 φασίν.

937 2421 1100 2454 Nimirum
1134 2422 1351 2454 Atheniensis
1383 2432 1472 2454 nunc
1501 2432 1567 2454 non

938 2466 1061 2507 refert,
1090 2467 1172 2508 qnid
1209 2466 1362 2499 homines
1393 2468 1493 2508 vulgo
1524 2467 1566 2499 de

938 2521 978 2543 en
1009 2521 1047 2543 re
1076 2512 1191 2544 dicere
1222 2517 1259 2544 et
1289 2511 1443 2544 iudicare
1473 2513 1564 2544 soie-

938 2560 1014 2594 ant,
1040 2557 1100 2589 sed
1127 2558 1243 2598 potius
1271 2563 1364 2589 suam
1392 2558 1466 2598 ipse
1489 2566 1566 2588 sen-

939 2601 1076 2634 tentiam
1103 2602 1134 2634 in
1160 2601 1308 2634 medinm
1335 2603 1447 2635 affort.
1486 2600 1567 2632 Sta-

938 2646 999 2677 tim
1026 2652 1103 2688 post
1130 2647 1377 2688 Stephanus
1402 2655 1468 2678 non
1495 2646 1566 2677 sine
