1612 2872
207 88 288 130 252

701 82 1071 125 PLATONIS

206 206 265 251 εὶς
301 198 463 255 ἀρετὴν
499 200 851 254 μεταβαίνουσαν
893 195 986 252 ἅμα
1033 200 1104 239 καὶ
1141 202 1296 240 κακίαν
1331 196 1534 240 ἑκάστοτε

207 270 411 311 θεατέον.

307 333 404 373 ΚΛ,
473 332 623 382 Ae'ystg
658 330 700 370 δὲ
736 290 907 379 πόθεν,-

311 397 408 438 ΛΘ
483 394 613 447 Οἶμαι
647 395 726 448 μὲν
763 392 853 435 ἀπὸ
884 391 1048 448 χρόνου
1076 391 1238 447 μήκους
1258 411 1301 437 τε
1320 397 1391 438 καὶ
1413 395 1535 438 ἀπει-

304 528 405 568 ΚΛ.

313 593 404 634 ΑΘ.

482 527 583 574 [1034-
616 527 744 578 λε’)ἐις
763 542 775 567 .-

143 469 180 509 B
211 466 307 517 ρίας
341 463 412 503 καὶ
450 463 535 502 τῶν
567 460 825 514 μεταβολῶν
861 464 906 501 ὲν
941 460 1001 512 τῷ
1037 458 1234 514 τοιούτῳ.

478 593 598 647 Φέρε,
634 591 700 648 ἀφ
736 583 790 632 οὗ
824 589 969 639 πόλεις
1002 588 1040 631 τ’
1083 592 1162 632 εὶσὶ
1197 592 1268 631 καὶ
1298 587 1538 644 ἅνθρωποι

207 655 552 711 πολιτευόμενοι,
604 659 744 705 δοκεῖς
795 654 853 697 ἄν
905 672 1010 698 ποτε
1054 658 1327 707 κατανοῆσαι
1373 656 1536 713 χρόνου

207 725 386 775 πλῆθος
420 720 527 765 ὅσον
561 726 756 775 γέγονενς

308 790 410 833 ΚΛ.

306 856 406 897 ΑΘ.

206 919 282 963 ἂν
301 920 378 972 εἴη.

307 987 410 1028 ΔΚΛ.

485 785 656 830 Οὔκουν
689 786 846 845 ῥᾴδιόν
880 802 925 839 ys
962 785 1176 839 οὐδαμῶς.

480 853 539 896 Τὸ
585 856 628 896 δέ
675 870 740 906 γε,
776 850 835 901 ὡς
879 849 1069 894 ἄπλετόν
1114 867 1155 893 τι
1200 856 1270 894 καὶ
1307 850 1538 907 ἀμήχανον

482 983 609 1027 Πάνυ
643 987 723 1039 μὲν
759 977 839 1026 οὖν
876 982 1008 1026 τοῦτό
1045 999 1090 1037 γε

318 1053 412 1094 ΑΘ.
483 1052 597 1093 Μῶν
631 1043 711 1092 οὖν
748 1048 799 1091 οὐ
834 1052 984 1103 μυρίαι
1016 1052 1096 1103 μὲν
1130 1050 1197 1090 ἐπὶ
1232 1052 1405 1103 μυρίαις
1439 1047 1541 1102 ἡμῖν

206 1116 409 1172 γεγόνασι
442 1116 589 1166 πόλεις
625 1121 670 1158 ὲν
701 1114 840 1168 τούτῳ
876 1116 935 1169 τῷ
967 1114 1126 1171 χρόνῳ,
1143 1113 1255 1157 κατὰ
1292 1113 1367 1157 τὸν
1402 1113 1541 1157 αὑτὸν

302 1292 342 1324 Β
390 1286 558 1322 Οὔκουν
583 1287 739 1332 ῥᾴδιόν
764 1289 831 1331 γε]
860 1290 901 1322 V.
928 1287 1014 1331 ῥᾷόν
1037 1301 1085 1331 γε.
1128 1289 1199 1322 Sed
1225 1287 1357 1332 ράιδιόν
1381 1301 1418 1332 γε
1446 1288 1482 1321 Ω.
1510 1294 1544 1323 et

211 1347 325 1390 supra.
343 1346 434 1368 vers.
462 1336 539 1367 Par.
567 1338 610 1367 A.
658 1335 700 1367 In
730 1336 832 1367 Voss.
859 1340 911 1367 est
935 1332 1054 1377 ῥᾴδιον
1079 1331 1248 1375 ουδαμώς.
1285 1336 1377 1368 Dein
1401 1333 1544 1367 ἄπλετον

212 1393 274 1425 pro
307 1379 448 1422 ἄπειρον
476 1381 711 1422 praebuerunt
746 1380 787 1412 B.
824 1378 864 1413 Ω.
900 1381 924 1412 f.
955 1381 988 1414 h.
1016 1391 1044 1412 r.
1075 1391 1105 1413 a.
1130 1392 1160 1413 c.
1185 1379 1216 1413 δ.
1242 1392 1273 1413 ο.
1298 1391 1338 1413 ae
1362 1390 1424 1423 pro
1450 1382 1553 1422 vulg...

217 1537 402 1579 νουσαν]
428 1537 673 1570 Boeckhius
705 1548 768 1580 pro
793 1549 847 1577 με·

217 1583 450 1624 ιαβαίνουσαν
478 1584 662 1624 legendum
694 1584 848 1624 suspica-

217 1634 273 1660 tur
323 1627 619 1669 μεταβαινουσῶν;
682 1629 851 1669 probante

219 1675 364 1706 Astio.
415 1677 526 1714 Atque
560 1673 610 1704 ita
639 1673 768 1714 legisse
799 1673 850 1704 vi-

217 1720 292 1751 deri
322 1722 439 1760 potest
472 1718 656 1750 Proclus
692 1720 730 1750 in
761 1718 850 1750 Tim.

218 1766 265 1797 11.
300 1774 333 1805 p
366 1763 426 1797 882
452 1764 620 1795 πολιτείας
652 1762 715 1816 μὶρ
747 1760 852 1804 ἀρχὴν

218 1807 373 1852 ζητήσας,
391 1804 450 1848 ἀφ’
469 1803 509 1850 ἧς
526 1797 608 1840 εἶς’
588 1806 711 1850 αρειήν
736 1819 769 1840 τε
799 1808 852 1839 καὶ

221 1856 340 1887 κακίαν
369 1854 634 1895 μεταβαίνουσιν
664 1853 702 1885 αἱ
729 1851 852 1891 πόλεις,

220 1899 368 1942 ἐπήγαγε
392 1910 422 1930 κ.
450 1911 474 1931 τ.
500 1900 527 1933 λ.
575 1899 649 1932 Nec
673 1907 788 1931 tamen
814 1909 856 1932 ea

222 1946 423 1978 coniectura
454 1946 540 1977 adeo
572 1948 624 1976 est
647 1946 855 1984 necessaria,

222 1997 261 2023 ut
292 2000 376 2032 prae
410 2000 452 2022 ea
482 1991 650 2022 librorum
684 1991 856 2031 scriptura

222 2041 389 2078 protenus
412 2035 665 2068 contemnenda
684 2037 856 2068 videatur.

222 2082 314 2114 Nam
344 2082 447 2113 etiam
479 2078 499 2123 ἦ
531 2079 684 2112 ἐπίδοσις
707 2082 773 2112 τῶν
795 2078 855 2112 πό-

226 2128 310 2159 λεων
333 2131 425 2158 recte
454 2126 580 2159 dieitur
603 2126 857 2167 μεταβαίνουσα

227 2172 275 2204 εἰς
292 2169 412 2213 ἀρετὴν
433 2172 487 2203 καὶ
509 2172 638 2204 κακίαν.
672 2173 751 2204 Pro
764 2172 856 2205 olus

228 2227 312 2251 vero
337 2227 397 2249 cur
419 2214 518 2259 ριοῆ
541 2218 607 2249 τῶν
632 2215 763 2250 πόλεων
788 2216 858 2249 ἐπί-

229 2260 325 2294 δοσις
343 2263 520 2303 scripserit
533 2262 571 2294 αἱ
595 2261 720 2303 πόλεις,
734 2273 858 2296 caussa

229 2312 351 2360 aperta.
373 2313 464 2339 esset
488 2309 591 2340 debet
613 2309 858 2350 omnib11s‚qui

233 2353 307 2384 eius
327 2352 600 2407 disputationem
631 2355 858 2396 inspexerint.

232 2397 321 2430 Mox
352 2398 395 2429 de
421 2408 511 2437 οιμαι
541 2398 601 2438 μὲν
638 2410 708 2432 non
742 2400 861 2432 subse-

233 2447 363 2484 quente
400 2440 436 2473 δέ
472 2455 504 2476 v.
542 2445 588 2477 ad
618 2446 798 2478 Phaedon.
827 2455 862 2486 p.

233 2487 290 2522 58.
316 2489 354 2519 A.
377 2488 463 2520 Crit.
487 2499 522 2530 p.
546 2489 601 2523 43.
632 2491 678 2522 D.
707 2490 864 2531 Sophist.

234 2546 275 2578 p
300 2535 378 2570 221
410 2535 454 2567 Α.
483 2545 517 2576 p.
549 2535 628 2570 231.
662 2537 705 2569 D.
729 2536 864 2577 Euthy-

455 2580 490 2614 ’2.
527 2579 565 2612 Β.
592 2580 773 2622 Phileb.p
752 2591 784 2622 p.
809 2580 863 2614 35.

236 2581 362 2623 phron.
392 2591 413 2623 p

239 2629 284 2662 A.
331 2626 385 2659 De
409 2625 493 2667 Rep.
519 2625 543 2661 1.
573 2636 605 2667 p.
635 2626 713 2662 334.
741 2625 768 2658 C
805 2626 851 2659 lV

914 1548 948 1578 p.
988 1536 1065 1571 423.
1103 1537 1141 1568 C.
1172 1548 1275 1578 supra
1306 1539 1382 1570 libr.
1423 1539 1469 1572 11.
1511 1550 1544 1581 p.

915 1582 995 1617 656.
1021 1582 1061 1615 Β.

960 1648 1002 1681 Β.
1052 1646 1173 1689 Φέρε,
1204 1644 1275 1688 ἀφ’
1313 1643 1362 1681 οὗ
1401 1648 1546 1682 πόλεις

916 1693 984 1734 —-]
1024 1695 1132 1734 Age,
1171 1699 1358 1734 putasne
1400 1700 1439 1727 te
1476 1707 1544 1728 un-

919 1749 1046 1780 quam
1076 1745 1404 1780 perspecturum
1428 1752 1547 1777 esse,

920 1782 1038 1824 qnam
1061 1784 1232 1825 longum
1262 1787 1548 1826 praeterierit

919 1830 1127 1870 temporis
1152 1832 1357 1871 spatium,
1384 1841 1435 1863 ex
1466 1842 1546 1874 quo

920 1875 1129 1906 civitates
1154 1876 1243 1906 s1nt
1259 1876 1547 1919 hommesque

921 1924 1057 1953 artem
1075 1921 1245 1952 civilem
1264 1924 1546 1964 usurpantes?

974 1985 1027 2020 Τὸ
1063 1986 1104 2019 δέ
1133 1999 1194 2029 γε,
1219 1984 1271 2020 ὥς
1306 1986 1491 2021 ἄπλετόν
1515 2001 1548 2021 τι

924 2034 986 2075 -]
1024 2033 1171 2066 Fallitur
1206 2035 1358 2067 Astius
1400 2031 1446 2067 ὥς
1483 2045 1548 2076 pro

922 2089 1128 2120 perquam
1157 2080 1346 2119 accipiens,
1369 2090 1391 2111 a
1421 2091 1488 2122 quo
1513 2081 1550 2112 in

923 2124 1074 2157 eri-orem
1124 2124 1285 2157 inductus
1339 2130 1391 2157 est
1447 2127 1552 2158 etiam

924 2169 1142 2202 Matthiae
1173 2168 1234 2201 Gr.
1267 2168 1328 2201 Gr.
1355 2171 1384 2211 ξ.
1414 2171 1494 2205 628.
1518 2171 1549 2204 l.

924 2215 1015 2247 Nam
1046 2215 1174 2254 pendet
1210 2216 1334 2247 vocula
1365 2226 1408 2247 ex
1439 2215 1551 2248 δοκεῖς

923 2259 1138 2300 κατανοῆσαι,
1158 2260 1252 2300 quod
1276 2271 1319 2292 ex
1341 2262 1552 2302 antegressis

922 2307 968 2339 acl
999 2303 1047 2336 Τὸ
1074 2303 1109 2335 δέ
1132 2316 1170 2346 γε
1193 2306 1454 2347 intelligendum
1487 2311 1550 2348 est,

923 2352 991 2384 hoe
1022 2359 1142 2382 sensu:
1167 2350 1346 2383 Minime
1377 2352 1550 2393 quidem

924 2396 1097 2429 facile
1149 2401 1228 2428 est
1275 2397 1549 2438 intelligere,

926 2443 1118 2484 quantum
1177 2443 1386 2483 temporis
1452 2443 1551 2477 iude

929 2485 1172 2519 effluxerit.
1185 2486 1268 2518 Ath.
1294 2487 1389 2519 Hoc
1412 2491 1554 2520 autem

928 2532 1123 2572 intelligi
1162 2533 1349 2572 poterit,
1385 2534 1550 2565 immen-

930 2587 1021 2610 sum
1070 2577 1185 2608 illud
1231 2577 1373 2610 fuisse
1409 2579 1550 2618 plane-

932 2633 1011 2664 que
1047 2623 1286 2655 infinitum.
1345 2623 1401 2657 De
1438 2619 1486 2654 Τὸ
1517 2620 1554 2654 δὲ
