<?xml version="1.0" encoding="UTF-8"?>
<!DOCTYPE html PUBLIC "-//W3C//DTD XHTML 1.0 Transitional//EN"
    "http://www.w3.org/TR/xhtml1/DTD/xhtml1-transitional.dtd">
<html xmlns="http://www.w3.org/1999/xhtml" xml:lang="en" lang="en">
 <head>
  <title>
</title>
<meta http-equiv="Content-Type" content="text/html;charset=utf-8" />
  <meta name='ocr-system' content='tesseract 3.04.00' />
  <meta name='ocr-capabilities' content='ocr_page ocr_carea ocr_par ocr_line ocrx_word'/>
</head>
<body>
  <div class='ocr_page' id='page_1' title='image "./s1operaomniarece10platuoft_0112.png"; bbox 0 0 1612 2872; ppageno 0'>
   <div class='ocr_carea' id='block_1_1' title="bbox 276 114 1165 157">
    <p class='ocr_par' dir='ltr' id='par_1_1' title="bbox 276 114 1165 157">
     <span class='ocr_line' id='line_1_1' title="bbox 276 114 1165 157; baseline 0.001 -1"><span class='ocrx_word' id='word_1_1' title='bbox 276 115 423 157; x_wconf 74' lang='lat' dir='ltr'>cvm</span> <span class='ocrx_word' id='word_1_2' title='bbox 692 114 1165 157; x_wconf 63' lang='lat' dir='ltr'>PRODEGOMENA</span> 
     </span>
    </p>
   </div>
   <div class='ocr_carea' id='block_1_2' title="bbox 251 225 1603 2687">
    <p class='ocr_par' dir='ltr' id='par_1_2' title="bbox 251 225 1603 2687">
     <span class='ocr_line' id='line_1_2' title="bbox 276 225 1588 281; baseline 0.002 -14"><span class='ocrx_word' id='word_1_3' title='bbox 276 226 393 268; x_wconf 87' lang='lat' dir='ltr'>aliud</span> <span class='ocrx_word' id='word_1_4' title='bbox 429 226 612 279; x_wconf 84' lang='lat' dir='ltr'>relinqui</span> <span class='ocrx_word' id='word_1_5' title='bbox 651 226 730 266; x_wconf 78' lang='lat' dir='ltr'>nisi</span> <span class='ocrx_word' id='word_1_6' title='bbox 772 225 881 278; x_wconf 86' lang='lat' dir='ltr'>hoc,</span> <span class='ocrx_word' id='word_1_7' title='bbox 923 230 971 266; x_wconf 88' lang='lat' dir='ltr'>ut</span> <span class='ocrx_word' id='word_1_8' title='bbox 1013 226 1144 266; x_wconf 87' lang='lat' dir='ltr'>vitam</span> <span class='ocrx_word' id='word_1_9' title='bbox 1174 226 1311 280; x_wconf 82' lang='lat' dir='ltr'>illam,</span> <span class='ocrx_word' id='word_1_10' title='bbox 1354 226 1461 281; x_wconf 83' lang='lat' dir='ltr'>quae</span> <span class='ocrx_word' id='word_1_11' title='bbox 1493 228 1588 270; x_wconf 91' lang='lat' dir='ltr'>olim</span> 
     </span>
     <span class='ocr_line' id='line_1_3' title="bbox 274 280 1591 338; baseline 0.001 -14"><span class='ocrx_word' id='word_1_12' title='bbox 274 282 462 324; x_wconf 80' lang='lat' dir='ltr'>Saturno</span> <span class='ocrx_word' id='word_1_13' title='bbox 506 287 709 335; x_wconf 76' lang='lat' dir='ltr'>regnante</span> <span class='ocrx_word' id='word_1_14' title='bbox 746 281 877 322; x_wconf 85' lang='lat' dir='ltr'>fuisso</span> <span class='ocrx_word' id='word_1_15' title='bbox 907 280 1176 336; x_wconf 86' lang='lat' dir='ltr'>perhibetur,</span> <span class='ocrx_word' id='word_1_16' title='bbox 1217 282 1260 323; x_wconf 90' lang='lat' dir='ltr'>in</span> <span class='ocrx_word' id='word_1_17' title='bbox 1304 283 1591 338; x_wconf 84' lang='lat' dir='ltr'>gubernandis</span> 
     </span>
     <span class='ocr_line' id='line_1_4' title="bbox 273 336 1590 391; baseline 0.002 -13"><span class='ocrx_word' id='word_1_18' title='bbox 273 336 709 390; x_wconf 78' lang='lat' dir='ltr'>administrandisque</span> <span class='ocrx_word' id='word_1_19' title='bbox 759 336 1072 391; x_wconf 84' lang='lat' dir='ltr'>rebuspublicis</span> <span class='ocrx_word' id='word_1_20' title='bbox 1129 338 1240 379; x_wconf 87' lang='lat' dir='ltr'>omni</span> <span class='ocrx_word' id='word_1_21' title='bbox 1281 338 1407 380; x_wconf 90' lang='lat' dir='ltr'>modo</span> <span class='ocrx_word' id='word_1_22' title='bbox 1437 339 1590 380; x_wconf 89' lang='lat' dir='ltr'>imitari</span> 
     </span>
     <span class='ocr_line' id='line_1_5' title="bbox 272 391 1592 450; baseline 0.002 -16"><span class='ocrx_word' id='word_1_23' title='bbox 272 393 533 445; x_wconf 75' lang='lat' dir='ltr'>studeamus,</span> <span class='ocrx_word' id='word_1_24' title='bbox 564 391 746 446; x_wconf 88' lang='lat' dir='ltr'>ideoque</span> <span class='ocrx_word' id='word_1_25' title='bbox 775 391 834 445; x_wconf 86' lang='lat' dir='ltr'>id,</span> <span class='ocrx_word' id='word_1_26' title='bbox 865 391 981 446; x_wconf 91' lang='lat' dir='ltr'>quod</span> <span class='ocrx_word' id='word_1_27' title='bbox 1009 393 1051 433; x_wconf 89' lang='lat' dir='ltr'>in</span> <span class='ocrx_word' id='word_1_28' title='bbox 1091 393 1302 435; x_wconf 83' lang='lat' dir='ltr'>nobismet</span> <span class='ocrx_word' id='word_1_29' title='bbox 1338 395 1442 450; x_wconf 88' lang='lat' dir='ltr'>ipsis</span> <span class='ocrx_word' id='word_1_30' title='bbox 1479 396 1592 436; x_wconf 86' lang='lat' dir='ltr'>inest</span> 
     </span>
     <span class='ocr_line' id='line_1_6' title="bbox 272 447 1589 505; baseline 0.002 -15"><span class='ocrx_word' id='word_1_31' title='bbox 272 449 533 501; x_wconf 84' lang='lat' dir='ltr'>immortale,</span> <span class='ocrx_word' id='word_1_32' title='bbox 564 447 735 502; x_wconf 84' lang='lat' dir='ltr'>publice</span> <span class='ocrx_word' id='word_1_33' title='bbox 765 448 1048 503; x_wconf 87' lang='lat' dir='ltr'>privatimque</span> <span class='ocrx_word' id='word_1_34' title='bbox 1078 449 1288 502; x_wconf 82' lang='lat' dir='ltr'>colamus,</span> <span class='ocrx_word' id='word_1_35' title='bbox 1329 465 1589 505; x_wconf 82' lang='lat' dir='ltr'>veneremur,</span> 
     </span>
     <span class='ocr_line' id='line_1_7' title="bbox 271 503 1591 560; baseline 0 -14"><span class='ocrx_word' id='word_1_36' title='bbox 271 520 524 558; x_wconf 84' lang='lat' dir='ltr'>sequamur,</span> <span class='ocrx_word' id='word_1_37' title='bbox 556 504 712 559; x_wconf 87' lang='lat' dir='ltr'>leges</span> <span class='ocrx_word' id='word_1_38' title='bbox 742 527 795 534; x_wconf 83' lang='lat'>-—-</span> <span class='ocrx_word' id='word_1_39' title='bbox 826 503 991 556; x_wconf 79' lang='grc' dir='ltr'>νόμους</span> <span class='ocrx_word' id='word_1_40' title='bbox 1027 529 1081 536; x_wconf 88' lang='lat'>-—</span> <span class='ocrx_word' id='word_1_41' title='bbox 1119 512 1320 560; x_wconf 86' lang='lat' dir='ltr'>putantes</span> <span class='ocrx_word' id='word_1_42' title='bbox 1361 520 1455 548; x_wconf 89' lang='lat' dir='ltr'>esse</span> <span class='ocrx_word' id='word_1_43' title='bbox 1497 510 1591 548; x_wconf 73' lang='grc' dir='ltr'>νοῦ</span> 
     </span>
     <span class='ocr_line' id='line_1_8' title="bbox 270 559 1590 614; baseline 0.002 -13"><span class='ocrx_word' id='word_1_44' title='bbox 270 559 500 614; x_wconf 76' lang='grc' dir='ltr'><em>διανομήν,</em></span> <span class='ocrx_word' id='word_1_45' title='bbox 529 560 683 601; x_wconf 84' lang='lat' dir='ltr'>mentis</span> <span class='ocrx_word' id='word_1_46' title='bbox 715 566 758 601; x_wconf 91' lang='lat' dir='ltr'>et</span> <span class='ocrx_word' id='word_1_47' title='bbox 787 559 962 601; x_wconf 86' lang='lat' dir='ltr'>rationis</span> <span class='ocrx_word' id='word_1_48' title='bbox 996 560 1119 614; x_wconf 85' lang='lat' dir='ltr'>quasi</span> <span class='ocrx_word' id='word_1_49' title='bbox 1148 561 1361 614; x_wconf 85' lang='lat' dir='ltr'>quandam</span> <span class='ocrx_word' id='word_1_50' title='bbox 1388 562 1590 604; x_wconf 89' lang='lat' dir='ltr'>distribu-</span> 
     </span>
     <span class='ocr_line' id='line_1_9' title="bbox 270 615 1590 672; baseline 0.003 -16"><span class='ocrx_word' id='word_1_51' title='bbox 270 615 445 657; x_wconf 88' lang='lat' dir='ltr'>tionem.</span> <span class='ocrx_word' id='word_1_52' title='bbox 515 615 589 657; x_wconf 87' lang='lat' dir='ltr'>Sin</span> <span class='ocrx_word' id='word_1_53' title='bbox 631 622 771 657; x_wconf 83' lang='lat' dir='ltr'>autem</span> <span class='ocrx_word' id='word_1_54' title='bbox 810 630 921 657; x_wconf 87' lang='lat' dir='ltr'>unus</span> <span class='ocrx_word' id='word_1_55' title='bbox 959 615 1085 657; x_wconf 89' lang='lat' dir='ltr'>homo</span> <span class='ocrx_word' id='word_1_56' title='bbox 1114 616 1182 657; x_wconf 89' lang='lat' dir='ltr'>vel</span> <span class='ocrx_word' id='word_1_57' title='bbox 1211 617 1336 658; x_wconf 82' lang='lat' dir='ltr'>etiam</span> <span class='ocrx_word' id='word_1_58' title='bbox 1367 619 1494 672; x_wconf 89' lang='lat' dir='ltr'>pauci</span> <span class='ocrx_word' id='word_1_59' title='bbox 1524 619 1590 660; x_wconf 89' lang='lat' dir='ltr'>vel</span> 
     </span>
     <span class='ocr_line' id='line_1_10' title="bbox 270 671 1589 736; baseline 0.002 -24"><span class='ocrx_word' id='word_1_60' title='bbox 270 671 496 713; x_wconf 84' lang='lat' dir='ltr'>universus</span> <span class='ocrx_word' id='word_1_61' title='bbox 527 671 712 736; x_wconf 88' lang='lat' dir='ltr'>populus</span> <span class='ocrx_word' id='word_1_62' title='bbox 741 672 1044 727; x_wconf 85' lang='lat' dir='ltr'>rempublicam</span> <span class='ocrx_word' id='word_1_63' title='bbox 1071 678 1260 713; x_wconf 85' lang='lat' dir='ltr'>tractant</span> <span class='ocrx_word' id='word_1_64' title='bbox 1302 673 1393 727; x_wconf 87' lang='lat' dir='ltr'>sic,</span> <span class='ocrx_word' id='word_1_65' title='bbox 1438 681 1486 715; x_wconf 89' lang='lat' dir='ltr'>ut</span> <span class='ocrx_word' id='word_1_66' title='bbox 1514 674 1589 715; x_wconf 90' lang='lat' dir='ltr'>im-</span> 
     </span>
     <span class='ocr_line' id='line_1_11' title="bbox 270 726 1589 785; baseline 0.003 -17"><span class='ocrx_word' id='word_1_67' title='bbox 270 727 498 769; x_wconf 79' lang='lat' dir='ltr'>moderatis</span> <span class='ocrx_word' id='word_1_68' title='bbox 528 743 572 768; x_wconf 87' lang='lat' dir='ltr'>m</span> <span class='ocrx_word' id='word_1_69' title='bbox 602 743 652 769; x_wconf 83' lang='lat' dir='ltr'>ea</span> <span class='ocrx_word' id='word_1_70' title='bbox 679 742 723 768; x_wconf 91' lang='lat' dir='ltr'>re</span> <span class='ocrx_word' id='word_1_71' title='bbox 754 726 1005 783; x_wconf 86' lang='lat' dir='ltr'>indulgeant</span> <span class='ocrx_word' id='word_1_72' title='bbox 1031 727 1363 783; x_wconf 72' lang='lat' dir='ltr'>cupiditatibus,</span> <span class='ocrx_word' id='word_1_73' title='bbox 1405 729 1589 785; x_wconf 84' lang='lat' dir='ltr'>legibus-</span> 
     </span>
     <span class='ocr_line' id='line_1_12' title="bbox 270 784 1589 839; baseline 0.002 -15"><span class='ocrx_word' id='word_1_74' title='bbox 270 799 353 837; x_wconf 88' lang='lat' dir='ltr'>que</span> <span class='ocrx_word' id='word_1_75' title='bbox 391 784 569 825; x_wconf 85' lang='lat' dir='ltr'>rationis</span> <span class='ocrx_word' id='word_1_76' title='bbox 605 784 833 825; x_wconf 83' lang='lat' dir='ltr'>contemtis</span> <span class='ocrx_word' id='word_1_77' title='bbox 859 784 1154 839; x_wconf 24' lang='lat' dir='ltr'>acsneglectis</span> <span class='ocrx_word' id='word_1_78' title='bbox 1197 785 1363 839; x_wconf 86' lang='lat' dir='ltr'>imperii</span> <span class='ocrx_word' id='word_1_79' title='bbox 1402 785 1589 828; x_wconf 83' lang='lat' dir='ltr'>habenas</span> 
     </span>
     <span class='ocr_line' id='line_1_13' title="bbox 268 839 1588 894; baseline 0.002 -14"><span class='ocrx_word' id='word_1_80' title='bbox 268 846 523 894; x_wconf 81' lang='lat' dir='ltr'>capessant,</span> <span class='ocrx_word' id='word_1_81' title='bbox 555 848 643 880; x_wconf 85' lang='lat' dir='ltr'>tum</span> <span class='ocrx_word' id='word_1_82' title='bbox 674 846 790 881; x_wconf 86' lang='lat' dir='ltr'>certe</span> <span class='ocrx_word' id='word_1_83' title='bbox 818 839 911 880; x_wconf 90' lang='lat' dir='ltr'>fieri</span> <span class='ocrx_word' id='word_1_84' title='bbox 941 840 1057 881; x_wconf 91' lang='lat' dir='ltr'>nullo</span> <span class='ocrx_word' id='word_1_85' title='bbox 1089 839 1214 881; x_wconf 90' lang='lat' dir='ltr'>modo</span> <span class='ocrx_word' id='word_1_86' title='bbox 1245 847 1410 894; x_wconf 87' lang='lat' dir='ltr'>potest,</span> <span class='ocrx_word' id='word_1_87' title='bbox 1451 848 1501 882; x_wconf 90' lang='lat' dir='ltr'>ut</span> <span class='ocrx_word' id='word_1_88' title='bbox 1530 843 1588 883; x_wconf 91' lang='lat' dir='ltr'>ci-</span> 
     </span>
     <span class='ocr_line' id='line_1_14' title="bbox 268 895 1587 952; baseline 0.002 -16"><span class='ocrx_word' id='word_1_89' title='bbox 268 896 378 937; x_wconf 88' lang='lat' dir='ltr'>vitas</span> <span class='ocrx_word' id='word_1_90' title='bbox 410 895 463 936; x_wconf 86' lang='lat' dir='ltr'>ad</span> <span class='ocrx_word' id='word_1_91' title='bbox 493 911 599 942; x_wconf 77' lang='lat' dir='ltr'>eam,</span> <span class='ocrx_word' id='word_1_92' title='bbox 630 910 757 950; x_wconf 87' lang='lat' dir='ltr'>quam</span> <span class='ocrx_word' id='word_1_93' title='bbox 787 896 933 951; x_wconf 88' lang='lat' dir='ltr'>optimi</span> <span class='ocrx_word' id='word_1_94' title='bbox 972 896 1129 950; x_wconf 90' lang='lat' dir='ltr'>quique</span> <span class='ocrx_word' id='word_1_95' title='bbox 1159 896 1338 937; x_wconf 81' lang='lat' dir='ltr'>maxime</span> <span class='ocrx_word' id='word_1_96' title='bbox 1368 904 1587 952; x_wconf 81' lang='lat' dir='ltr'>expetunt,</span> 
     </span>
     <span class='ocr_line' id='line_1_15' title="bbox 268 951 1585 1005; baseline 0.002 -13"><span class='ocrx_word' id='word_1_97' title='bbox 268 951 517 992; x_wconf 78' lang='lat' dir='ltr'>felicitatem</span> <span class='ocrx_word' id='word_1_98' title='bbox 556 951 789 1005; x_wconf 78' lang='lat' dir='ltr'>perveniat.</span> <span class='ocrx_word' id='word_1_99' title='bbox 859 951 981 994; x_wconf 89' lang='lat' dir='ltr'>Solet</span> <span class='ocrx_word' id='word_1_100' title='bbox 1009 952 1119 993; x_wconf 92' lang='lat' dir='ltr'>enim</span> <span class='ocrx_word' id='word_1_101' title='bbox 1147 959 1235 993; x_wconf 91' lang='lat' dir='ltr'>tum</span> <span class='ocrx_word' id='word_1_102' title='bbox 1267 953 1351 993; x_wconf 88' lang='lat' dir='ltr'>fere</span> <span class='ocrx_word' id='word_1_103' title='bbox 1382 954 1442 993; x_wconf 88' lang='lat' dir='ltr'>ita</span> <span class='ocrx_word' id='word_1_104' title='bbox 1473 954 1585 995; x_wconf 86' lang='lat' dir='ltr'>acci-</span> 
     </span>
     <span class='ocr_line' id='line_1_16' title="bbox 268 1007 1587 1063; baseline 0.002 -15"><span class='ocrx_word' id='word_1_105' title='bbox 268 1007 392 1059; x_wconf 90' lang='lat' dir='ltr'>dere,</span> <span class='ocrx_word' id='word_1_106' title='bbox 432 1013 481 1048; x_wconf 91' lang='lat' dir='ltr'>ut</span> <span class='ocrx_word' id='word_1_107' title='bbox 508 1007 626 1062; x_wconf 85' lang='lat' dir='ltr'>leges</span> <span class='ocrx_word' id='word_1_108' title='bbox 669 1008 786 1062; x_wconf 84' lang='lat' dir='ltr'>ipsae</span> <span class='ocrx_word' id='word_1_109' title='bbox 806 1007 1021 1049; x_wconf 78' lang='lat' dir='ltr'>inservire</span> <span class='ocrx_word' id='word_1_110' title='bbox 1049 1015 1261 1063; x_wconf 84' lang='lat' dir='ltr'>cogantur</span> <span class='ocrx_word' id='word_1_111' title='bbox 1289 1009 1587 1063; x_wconf 86' lang='lat' dir='ltr'>imperantium</span> 
     </span>
     <span class='ocr_line' id='line_1_17' title="bbox 267 1063 1587 1117; baseline 0.002 -13"><span class='ocrx_word' id='word_1_112' title='bbox 267 1063 502 1104; x_wconf 80' lang='lat' dir='ltr'>commodis</span> <span class='ocrx_word' id='word_1_113' title='bbox 532 1070 575 1104; x_wconf 89' lang='lat' dir='ltr'>et</span> <span class='ocrx_word' id='word_1_114' title='bbox 598 1063 854 1105; x_wconf 72' lang='lat' dir='ltr'>utilitatibus</span> <span class='ocrx_word' id='word_1_115' title='bbox 884 1069 1011 1117; x_wconf 89' lang='lat' dir='ltr'>atque</span> <span class='ocrx_word' id='word_1_116' title='bbox 1032 1063 1404 1105; x_wconf 79' lang='lat' dir='ltr'>accommodentur</span> <span class='ocrx_word' id='word_1_117' title='bbox 1429 1065 1587 1107; x_wconf 78' lang='lat' dir='ltr'>tuendo</span> 
     </span>
     <span class='ocr_line' id='line_1_18' title="bbox 266 1118 1586 1177; baseline 0.002 -18"><span class='ocrx_word' id='word_1_118' title='bbox 266 1119 328 1160; x_wconf 87' lang='lat' dir='ltr'>illi</span> <span class='ocrx_word' id='word_1_119' title='bbox 356 1119 617 1175; x_wconf 84' lang='lat' dir='ltr'>reipublicae</span> <span class='ocrx_word' id='word_1_120' title='bbox 656 1120 824 1176; x_wconf 85' lang='lat' dir='ltr'>generi,</span> <span class='ocrx_word' id='word_1_121' title='bbox 865 1118 981 1173; x_wconf 86' lang='lat' dir='ltr'>quod</span> <span class='ocrx_word' id='word_1_122' title='bbox 1011 1119 1315 1174; x_wconf 83' lang='lat' dir='ltr'>imperantibus</span> <span class='ocrx_word' id='word_1_123' title='bbox 1343 1121 1466 1162; x_wconf 86' lang='lat' dir='ltr'>unice</span> <span class='ocrx_word' id='word_1_124' title='bbox 1497 1122 1586 1177; x_wconf 87' lang='lat' dir='ltr'>pla-</span> 
     </span>
     <span class='ocr_line' id='line_1_19' title="bbox 266 1174 1582 1230; baseline 0 -13"><span class='ocrx_word' id='word_1_125' title='bbox 266 1181 359 1229; x_wconf 87' lang='lat' dir='ltr'>cet,</span> <span class='ocrx_word' id='word_1_126' title='bbox 412 1176 512 1230; x_wconf 91' lang='lat' dir='ltr'>quia</span> <span class='ocrx_word' id='word_1_127' title='bbox 558 1175 645 1217; x_wconf 83' lang='lat' dir='ltr'>suis</span> <span class='ocrx_word' id='word_1_128' title='bbox 694 1176 902 1217; x_wconf 76' lang='lat' dir='ltr'>satisfacit</span> <span class='ocrx_word' id='word_1_129' title='bbox 952 1174 1296 1230; x_wconf 56' lang='lat' dir='ltr'>cupiditatibus„</span> <span class='ocrx_word' id='word_1_130' title='bbox 1330 1175 1582 1218; x_wconf 87' lang='lat' dir='ltr'>Cuiusmodi</span> 
     </span>
     <span class='ocr_line' id='line_1_20' title="bbox 265 1230 1586 1287; baseline 0.002 -15"><span class='ocrx_word' id='word_1_131' title='bbox 265 1232 463 1274; x_wconf 86' lang='lat' dir='ltr'>civitates</span> <span class='ocrx_word' id='word_1_132' title='bbox 494 1233 687 1287; x_wconf 78' lang='lat' dir='ltr'>protecto</span> <span class='ocrx_word' id='word_1_133' title='bbox 719 1246 882 1272; x_wconf 85' lang='lat' dir='ltr'>summo</span> <span class='ocrx_word' id='word_1_134' title='bbox 912 1230 1002 1272; x_wconf 90' lang='lat' dir='ltr'>iure</span> <span class='ocrx_word' id='word_1_135' title='bbox 1034 1231 1294 1272; x_wconf 88' lang='lat' dir='ltr'>contendere</span> <span class='ocrx_word' id='word_1_136' title='bbox 1311 1231 1411 1273; x_wconf 86' lang='lat' dir='ltr'>licet</span> <span class='ocrx_word' id='word_1_137' title='bbox 1439 1235 1586 1274; x_wconf 85' lang='lat' dir='ltr'>revera</span> 
     </span>
     <span class='ocr_line' id='line_1_21' title="bbox 265 1287 1586 1343; baseline 0.002 -15"><span class='ocrx_word' id='word_1_138' title='bbox 265 1287 402 1330; x_wconf 88' lang='lat' dir='ltr'>nullas</span> <span class='ocrx_word' id='word_1_139' title='bbox 442 1303 535 1330; x_wconf 82' lang='lat' dir='ltr'>esse</span> <span class='ocrx_word' id='word_1_140' title='bbox 576 1302 740 1341; x_wconf 86' lang='lat' dir='ltr'>suoque</span> <span class='ocrx_word' id='word_1_141' title='bbox 778 1287 946 1328; x_wconf 91' lang='lat' dir='ltr'>nomine</span> <span class='ocrx_word' id='word_1_142' title='bbox 975 1287 1102 1342; x_wconf 84' lang='lat' dir='ltr'>plane</span> <span class='ocrx_word' id='word_1_143' title='bbox 1132 1287 1353 1343; x_wconf 87' lang='lat' dir='ltr'>indignas,</span> <span class='ocrx_word' id='word_1_144' title='bbox 1385 1288 1586 1343; x_wconf 88' lang='lat' dir='ltr'>quemad-</span> 
     </span>
     <span class='ocr_line' id='line_1_22' title="bbox 265 1343 1585 1400; baseline 0.001 -15"><span class='ocrx_word' id='word_1_145' title='bbox 265 1343 437 1385; x_wconf 90' lang='lat' dir='ltr'>modum</span> <span class='ocrx_word' id='word_1_146' title='bbox 482 1359 562 1385; x_wconf 86' lang='lat' dir='ltr'>nec</span> <span class='ocrx_word' id='word_1_147' title='bbox 613 1343 730 1400; x_wconf 84' lang='lat' dir='ltr'>leges</span> <span class='ocrx_word' id='word_1_148' title='bbox 771 1358 856 1384; x_wconf 87' lang='lat' dir='ltr'>eae·</span> <span class='ocrx_word' id='word_1_149' title='bbox 883 1358 960 1398; x_wconf 90' lang='lat' dir='ltr'>pro</span> <span class='ocrx_word' id='word_1_150' title='bbox 1007 1343 1120 1384; x_wconf 87' lang='lat' dir='ltr'>veris</span> <span class='ocrx_word' id='word_1_151' title='bbox 1158 1344 1370 1398; x_wconf 85' lang='lat' dir='ltr'>rectisque</span> <span class='ocrx_word' id='word_1_152' title='bbox 1414 1345 1585 1399; x_wconf 89' lang='lat' dir='ltr'>probari</span> 
     </span>
     <span class='ocr_line' id='line_1_23' title="bbox 266 1399 1583 1455; baseline 0.001 -14"><span class='ocrx_word' id='word_1_153' title='bbox 266 1406 462 1454; x_wconf 76' lang='lat' dir='ltr'>possunt,</span> <span class='ocrx_word' id='word_1_154' title='bbox 496 1415 604 1454; x_wconf 87' lang='lat' dir='ltr'>quae</span> <span class='ocrx_word' id='word_1_155' title='bbox 633 1415 720 1441; x_wconf 91' lang='lat' dir='ltr'>non</span> <span class='ocrx_word' id='word_1_156' title='bbox 750 1405 926 1455; x_wconf 88' lang='lat' dir='ltr'>propter</span> <span class='ocrx_word' id='word_1_157' title='bbox 954 1399 1110 1440; x_wconf 88' lang='lat' dir='ltr'>bonum</span> <span class='ocrx_word' id='word_1_158' title='bbox 1142 1399 1359 1453; x_wconf 88' lang='lat' dir='ltr'>publicum</span> <span class='ocrx_word' id='word_1_159' title='bbox 1390 1401 1583 1442; x_wconf 88' lang='lat' dir='ltr'>scribun-</span> 
     </span>
     <span class='ocr_line' id='line_1_24' title="bbox 262 1454 1584 1512; baseline 0.001 -15"><span class='ocrx_word' id='word_1_160' title='bbox 262 1462 348 1508; x_wconf 89' lang='lat' dir='ltr'>tur,</span> <span class='ocrx_word' id='word_1_161' title='bbox 382 1455 459 1497; x_wconf 90' lang='lat' dir='ltr'>sed</span> <span class='ocrx_word' id='word_1_162' title='bbox 488 1456 755 1512; x_wconf 87' lang='lat' dir='ltr'>singulorum</span> <span class='ocrx_word' id='word_1_163' title='bbox 783 1455 999 1496; x_wconf 90' lang='lat' dir='ltr'>hominum</span> <span class='ocrx_word' id='word_1_164' title='bbox 1031 1454 1184 1496; x_wconf 87' lang='lat' dir='ltr'>studiis</span> <span class='ocrx_word' id='word_1_165' title='bbox 1223 1461 1265 1496; x_wconf 93' lang='lat' dir='ltr'>et</span> <span class='ocrx_word' id='word_1_166' title='bbox 1293 1456 1584 1498; x_wconf 81' lang='lat' dir='ltr'>voluntatibus</span> 
     </span>
     <span class='ocr_line' id='line_1_25' title="bbox 264 1510 1584 1566; baseline 0 -13"><span class='ocrx_word' id='word_1_167' title='bbox 264 1517 612 1566; x_wconf 87' lang='lat' dir='ltr'>attemperantur.</span> <span class='ocrx_word' id='word_1_168' title='bbox 680 1511 858 1553; x_wconf 87' lang='lat' dir='ltr'>Rectius</span> <span class='ocrx_word' id='word_1_169' title='bbox 898 1510 1030 1552; x_wconf 82' lang='lat' dir='ltr'>multo</span> <span class='ocrx_word' id='word_1_170' title='bbox 1070 1511 1174 1552; x_wconf 80' lang='lat' dir='ltr'>istas</span> <span class='ocrx_word' id='word_1_171' title='bbox 1211 1512 1473 1566; x_wconf 84' lang='lat' dir='ltr'>respublicas</span> <span class='ocrx_word' id='word_1_172' title='bbox 1507 1513 1584 1554; x_wconf 90' lang='lat' dir='ltr'>ali-</span> 
     </span>
     <span class='ocr_line' id='line_1_26' title="bbox 263 1566 1582 1622; baseline -0.001 -13"><span class='ocrx_word' id='word_1_173' title='bbox 263 1570 359 1622; x_wconf 87' lang='lat' dir='ltr'>quis</span> <span class='ocrx_word' id='word_1_174' title='bbox 388 1568 544 1609; x_wconf 86' lang='lat' dir='ltr'>dixerit</span> <span class='ocrx_word' id='word_1_175' title='bbox 573 1568 780 1610; x_wconf 73' lang='lat' dir='ltr'>factiones</span> <span class='ocrx_word' id='word_1_176' title='bbox 801 1582 850 1609; x_wconf 86' lang='lat' dir='ltr'>ac</span> <span class='ocrx_word' id='word_1_177' title='bbox 880 1566 1111 1608; x_wconf 81' lang='lat' dir='ltr'>seditiones</span> <span class='ocrx_word' id='word_1_178' title='bbox 1139 1591 1191 1597; x_wconf 91' lang='lat'>-—</span> <span class='ocrx_word' id='word_1_179' title='bbox 1224 1573 1500 1616; x_wconf 76' lang='grc' dir='ltr'><em>στασιωτείας</em></span> <span class='ocrx_word' id='word_1_180' title='bbox 1529 1592 1582 1599; x_wconf 85' lang='lat'>—</span> 
     </span>
     <span class='ocr_line' id='line_1_27' title="bbox 263 1623 1581 1679; baseline 0 -14"><span class='ocrx_word' id='word_1_181' title='bbox 263 1639 390 1677; x_wconf 88' lang='lat' dir='ltr'>quam</span> <span class='ocrx_word' id='word_1_182' title='bbox 422 1625 640 1674; x_wconf 78' lang='lat' dir='ltr'>civitate83</span> <span class='ocrx_word' id='word_1_183' title='bbox 671 1628 922 1679; x_wconf 88' lang='lat' dir='ltr'>grassantur</span> <span class='ocrx_word' id='word_1_184' title='bbox 950 1623 1061 1663; x_wconf 88' lang='lat' dir='ltr'>enim</span> <span class='ocrx_word' id='word_1_185' title='bbox 1090 1623 1135 1663; x_wconf 91' lang='lat' dir='ltr'>in</span> <span class='ocrx_word' id='word_1_186' title='bbox 1163 1623 1216 1664; x_wconf 88' lang='lat' dir='ltr'>iis</span> <span class='ocrx_word' id='word_1_187' title='bbox 1243 1623 1581 1678; x_wconf 76' lang='lat' dir='ltr'>impotenter-que</span> 
     </span>
     <span class='ocr_line' id='line_1_28' title="bbox 263 1678 1581 1733; baseline 0.001 -12"><span class='ocrx_word' id='word_1_188' title='bbox 263 1679 534 1721; x_wconf 87' lang='lat' dir='ltr'>dominantur</span> <span class='ocrx_word' id='word_1_189' title='bbox 572 1680 707 1721; x_wconf 84' lang='lat' dir='ltr'>malae</span> <span class='ocrx_word' id='word_1_190' title='bbox 737 1678 994 1733; x_wconf 84' lang='lat' dir='ltr'>cupiditates</span> <span class='ocrx_word' id='word_1_191' title='bbox 1032 1679 1350 1733; x_wconf 79' lang='lat' dir='ltr'>imperantium3</span> <span class='ocrx_word' id='word_1_192' title='bbox 1395 1695 1581 1722; x_wconf 83' lang='lat' dir='ltr'>commu·—</span> 
     </span>
     <span class='ocr_line' id='line_1_29' title="bbox 262 1734 1580 1790; baseline 0.001 -14"><span class='ocrx_word' id='word_1_193' title='bbox 262 1736 329 1777; x_wconf 89' lang='lat' dir='ltr'>nis</span> <span class='ocrx_word' id='word_1_194' title='bbox 379 1737 567 1778; x_wconf 89' lang='lat' dir='ltr'>omnium</span> <span class='ocrx_word' id='word_1_195' title='bbox 607 1735 723 1777; x_wconf 85' lang='lat' dir='ltr'>salus</span> <span class='ocrx_word' id='word_1_196' title='bbox 760 1735 991 1790; x_wconf 79' lang='lat' dir='ltr'>negligitur</span> <span class='ocrx_word' id='word_1_197' title='bbox 1027 1749 1077 1775; x_wconf 88' lang='lat' dir='ltr'>ac</span> <span class='ocrx_word' id='word_1_198' title='bbox 1121 1735 1207 1775; x_wconf 87' lang='lat' dir='ltr'>fere</span> <span class='ocrx_word' id='word_1_199' title='bbox 1237 1734 1356 1775; x_wconf 89' lang='lat' dir='ltr'>nihili</span> <span class='ocrx_word' id='word_1_200' title='bbox 1385 1737 1580 1777; x_wconf 87' lang='lat' dir='ltr'>aestima-</span> 
     </span>
     <span class='ocr_line' id='line_1_30' title="bbox 259 1790 1581 1854; baseline 0.002 -22"><span class='ocrx_word' id='word_1_201' title='bbox 259 1793 383 1834; x_wconf 86' lang='lat' dir='ltr'>tur.“</span> <span class='ocrx_word' id='word_1_202' title='bbox 452 1792 571 1833; x_wconf 88' lang='lat' dir='ltr'>Haec</span> <span class='ocrx_word' id='word_1_203' title='bbox 609 1791 742 1847; x_wconf 87' lang='lat' dir='ltr'>igitur</span> <span class='ocrx_word' id='word_1_204' title='bbox 776 1790 1056 1846; x_wconf 85' lang='lat' dir='ltr'>philosophus</span> <span class='ocrx_word' id='word_1_205' title='bbox 1097 1791 1282 1854; x_wconf 81' lang='lat' dir='ltr'>graviter</span> <span class='ocrx_word' id='word_1_206' title='bbox 1323 1791 1581 1846; x_wconf 83' lang='lat' dir='ltr'>copioseque</span> 
     </span>
     <span class='ocr_line' id='line_1_31' title="bbox 262 1846 1580 1904; baseline 0 -15"><span class='ocrx_word' id='word_1_207' title='bbox 262 1847 314 1889; x_wconf 88' lang='lat' dir='ltr'>de</span> <span class='ocrx_word' id='word_1_208' title='bbox 357 1847 569 1904; x_wconf 83' lang='lat' dir='ltr'>regendae</span> <span class='ocrx_word' id='word_1_209' title='bbox 607 1846 1022 1903; x_wconf 88' lang='lat' dir='ltr'>gubernandaequae</span> <span class='ocrx_word' id='word_1_210' title='bbox 1059 1846 1319 1902; x_wconf 80' lang='lat' dir='ltr'>reipublicae</span> <span class='ocrx_word' id='word_1_211' title='bbox 1347 1848 1475 1889; x_wconf 87' lang='lat' dir='ltr'>variis</span> <span class='ocrx_word' id='word_1_212' title='bbox 1506 1863 1580 1904; x_wconf 89' lang='lat' dir='ltr'>ge-</span> 
     </span>
     <span class='ocr_line' id='line_1_32' title="bbox 260 1902 1579 1956; baseline 0.001 -11"><span class='ocrx_word' id='word_1_213' title='bbox 260 1904 436 1946; x_wconf 87' lang='lat' dir='ltr'>neribus</span> <span class='ocrx_word' id='word_1_214' title='bbox 485 1911 528 1945; x_wconf 87' lang='lat' dir='ltr'>et</span> <span class='ocrx_word' id='word_1_215' title='bbox 573 1904 824 1945; x_wconf 88' lang='lat' dir='ltr'>rationibus.</span> <span class='ocrx_word' id='word_1_216' title='bbox 874 1902 1021 1955; x_wconf 63' lang='lat' dir='ltr'>⁴Quae</span> <span class='ocrx_word' id='word_1_217' title='bbox 1063 1903 1137 1956; x_wconf 87' lang='lat' dir='ltr'>qui</span> <span class='ocrx_word' id='word_1_218' title='bbox 1185 1902 1330 1956; x_wconf 88' lang='lat' dir='ltr'>paullo</span> <span class='ocrx_word' id='word_1_219' title='bbox 1378 1905 1579 1946; x_wconf 88' lang='lat' dir='ltr'>attentius</span> 
     </span>
     <span class='ocr_line' id='line_1_33' title="bbox 260 1958 1577 2014; baseline -0.002 -12"><span class='ocrx_word' id='word_1_220' title='bbox 260 1959 654 2011; x_wconf 76' lang='lat' dir='ltr'>consideraverint,</span> <span class='ocrx_word' id='word_1_221' title='bbox 695 1960 725 2000; x_wconf 93' lang='lat' dir='ltr'>ii</span> <span class='ocrx_word' id='word_1_222' title='bbox 755 1964 871 2001; x_wconf 88' lang='lat' dir='ltr'>certe</span> <span class='ocrx_word' id='word_1_223' title='bbox 899 1958 1025 2000; x_wconf 74' lang='lat' dir='ltr'>facile</span> <span class='ocrx_word' id='word_1_224' title='bbox 1053 1958 1310 2014; x_wconf 81' lang='lat' dir='ltr'>largientur,</span> <span class='ocrx_word' id='word_1_225' title='bbox 1351 1959 1507 2000; x_wconf 87' lang='lat' dir='ltr'>nullam</span> <span class='ocrx_word' id='word_1_226' title='bbox 1539 1961 1577 2001; x_wconf 90' lang='lat' dir='ltr'>ei</span> 
     </span>
     <span class='ocr_line' id='line_1_34' title="bbox 259 2014 1576 2072; baseline -0.002 -14"><span class='ocrx_word' id='word_1_227' title='bbox 259 2016 512 2071; x_wconf 85' lang='lat' dir='ltr'>simpliciter</span> <span class='ocrx_word' id='word_1_228' title='bbox 561 2015 732 2072; x_wconf 88' lang='lat' dir='ltr'>probari</span> <span class='ocrx_word' id='word_1_229' title='bbox 777 2016 955 2056; x_wconf 87' lang='lat' dir='ltr'>formam</span> <span class='ocrx_word' id='word_1_230' title='bbox 994 2015 1214 2070; x_wconf 86' lang='lat' dir='ltr'>regiminis</span> <span class='ocrx_word' id='word_1_231' title='bbox 1251 2029 1302 2055; x_wconf 92' lang='lat' dir='ltr'>ex</span> <span class='ocrx_word' id='word_1_232' title='bbox 1340 2014 1413 2068; x_wconf 85' lang='lat' dir='ltr'>iis,</span> <span class='ocrx_word' id='word_1_233' title='bbox 1469 2030 1576 2069; x_wconf 85' lang='lat' dir='ltr'>quae</span> 
     </span>
     <span class='ocr_line' id='line_1_35' title="bbox 258 2069 1577 2125; baseline 0 -12"><span class='ocrx_word' id='word_1_234' title='bbox 258 2087 406 2113; x_wconf 91' lang='lat' dir='ltr'>revera</span> <span class='ocrx_word' id='word_1_235' title='bbox 443 2073 627 2114; x_wconf 88' lang='lat' dir='ltr'>usitatae</span> <span class='ocrx_word' id='word_1_236' title='bbox 667 2071 764 2114; x_wconf 89' lang='lat' dir='ltr'>sint.</span> <span class='ocrx_word' id='word_1_237' title='bbox 818 2071 998 2113; x_wconf 71' lang='lat' dir='ltr'>&#39;Omnes</span> <span class='ocrx_word' id='word_1_238' title='bbox 1038 2070 1197 2125; x_wconf 87' lang='lat' dir='ltr'>quippe</span> <span class='ocrx_word' id='word_1_239' title='bbox 1239 2069 1446 2111; x_wconf 89' lang='lat' dir='ltr'>iudicavit</span> <span class='ocrx_word' id='word_1_240' title='bbox 1484 2086 1577 2113; x_wconf 85' lang='lat' dir='ltr'>esse</span> 
     </span>
     <span class='ocr_line' id='line_1_36' title="bbox 259 2124 1575 2184; baseline -0.001 -15"><span class='ocrx_word' id='word_1_241' title='bbox 259 2134 483 2184; x_wconf 88' lang='lat' dir='ltr'>corruptas</span> <span class='ocrx_word' id='word_1_242' title='bbox 514 2143 590 2182; x_wconf 90' lang='lat' dir='ltr'>eo,</span> <span class='ocrx_word' id='word_1_243' title='bbox 622 2127 737 2182; x_wconf 90' lang='lat' dir='ltr'>quod</span> <span class='ocrx_word' id='word_1_244' title='bbox 783 2125 1064 2183; x_wconf 88' lang='lat' dir='ltr'>temperantia</span> <span class='ocrx_word' id='word_1_245' title='bbox 1093 2133 1136 2167; x_wconf 85' lang='lat' dir='ltr'>et</span> <span class='ocrx_word' id='word_1_246' title='bbox 1173 2124 1464 2167; x_wconf 87' lang='lat' dir='ltr'>moderatione</span> <span class='ocrx_word' id='word_1_247' title='bbox 1502 2142 1575 2168; x_wconf 87' lang='lat' dir='ltr'>ne-</span> 
     </span>
     <span class='ocr_line' id='line_1_37' title="bbox 259 2182 1574 2239; baseline 0.001 -15"><span class='ocrx_word' id='word_1_248' title='bbox 259 2184 402 2239; x_wconf 87' lang='lat' dir='ltr'>glecta</span> <span class='ocrx_word' id='word_1_249' title='bbox 445 2185 630 2239; x_wconf 88' lang='lat' dir='ltr'>partium</span> <span class='ocrx_word' id='word_1_250' title='bbox 649 2183 794 2226; x_wconf 84' lang='lat' dir='ltr'>studia</span> <span class='ocrx_word' id='word_1_251' title='bbox 823 2183 867 2224; x_wconf 89' lang='lat' dir='ltr'>in</span> <span class='ocrx_word' id='word_1_252' title='bbox 890 2183 940 2224; x_wconf 90' lang='lat' dir='ltr'>iis</span> <span class='ocrx_word' id='word_1_253' title='bbox 963 2182 1139 2239; x_wconf 84' lang='lat' dir='ltr'>gliscere</span> <span class='ocrx_word' id='word_1_254' title='bbox 1163 2182 1341 2236; x_wconf 85' lang='lat' dir='ltr'>soleant,</span> <span class='ocrx_word' id='word_1_255' title='bbox 1362 2197 1446 2236; x_wconf 87' lang='lat' dir='ltr'>quo</span> <span class='ocrx_word' id='word_1_256' title='bbox 1466 2183 1574 2225; x_wconf 91' lang='lat' dir='ltr'>malo</span> 
     </span>
     <span class='ocr_line' id='line_1_38' title="bbox 257 2237 1602 2294; baseline -0.001 -13"><span class='ocrx_word' id='word_1_257' title='bbox 257 2239 427 2282; x_wconf 87' lang='lat' dir='ltr'>Platoni</span> <span class='ocrx_word' id='word_1_258' title='bbox 475 2241 613 2282; x_wconf 85' lang='lat' dir='ltr'>visum</span> <span class='ocrx_word' id='word_1_259' title='bbox 660 2246 726 2282; x_wconf 87' lang='lat' dir='ltr'>est</span> <span class='ocrx_word' id='word_1_260' title='bbox 772 2239 935 2281; x_wconf 87' lang='lat' dir='ltr'>nullum</span> <span class='ocrx_word' id='word_1_261' title='bbox 963 2251 1058 2279; x_wconf 80' lang='lat' dir='ltr'>esse</span> <span class='ocrx_word' id='word_1_262' title='bbox 1086 2237 1346 2292; x_wconf 83' lang='lat' dir='ltr'>reipublicae</span> <span class='ocrx_word' id='word_1_263' title='bbox 1375 2239 1575 2294; x_wconf 83' lang='lat' dir='ltr'>pestilen—</span> <span class='ocrx_word' id='word_1_264' title='bbox 1601 2286 1602 2289; x_wconf 11' lang='grc' dir='ltr'><strong>Ἴ</strong></span> 
     </span>
     <span class='ocr_line' id='line_1_39' title="bbox 255 2292 1603 2350; baseline 0.001 -14"><span class='ocrx_word' id='word_1_265' title='bbox 255 2295 355 2337; x_wconf 84' lang='lat' dir='ltr'>tius.</span> <span class='ocrx_word' id='word_1_266' title='bbox 422 2296 640 2337; x_wconf 86' lang='lat' dir='ltr'>Turbatur</span> <span class='ocrx_word' id='word_1_267' title='bbox 677 2296 787 2337; x_wconf 87' lang='lat' dir='ltr'>enim</span> <span class='ocrx_word' id='word_1_268' title='bbox 833 2310 884 2336; x_wconf 90' lang='lat' dir='ltr'>eo</span> <span class='ocrx_word' id='word_1_269' title='bbox 930 2294 1064 2350; x_wconf 88' lang='lat' dir='ltr'>ipsius</span> <span class='ocrx_word' id='word_1_270' title='bbox 1110 2293 1270 2335; x_wconf 90' lang='lat' dir='ltr'>iudicio</span> <span class='ocrx_word' id='word_1_271' title='bbox 1312 2292 1603 2350; x_wconf 69' lang='lat' dir='ltr'>penitusque</span> 
     </span>
     <span class='ocr_line' id='line_1_40' title="bbox 258 2350 1573 2406; baseline -0.001 -13"><span class='ocrx_word' id='word_1_272' title='bbox 258 2352 449 2393; x_wconf 86' lang='lat' dir='ltr'>aufertur</span> <span class='ocrx_word' id='word_1_273' title='bbox 477 2353 665 2393; x_wconf 78' lang='lat' dir='ltr'>civitatis</span> <span class='ocrx_word' id='word_1_274' title='bbox 695 2351 947 2406; x_wconf 82' lang='lat' dir='ltr'>simplicitas</span> <span class='ocrx_word' id='word_1_275' title='bbox 977 2357 1020 2391; x_wconf 90' lang='lat' dir='ltr'>et</span> <span class='ocrx_word' id='word_1_276' title='bbox 1047 2350 1345 2391; x_wconf 88' lang='lat' dir='ltr'>convenientia</span> <span class='ocrx_word' id='word_1_277' title='bbox 1374 2350 1427 2391; x_wconf 84' lang='lat' dir='ltr'>ad</span> <span class='ocrx_word' id='word_1_278' title='bbox 1458 2365 1573 2392; x_wconf 89' lang='lat' dir='ltr'>com-</span> 
     </span>
     <span class='ocr_line' id='line_1_41' title="bbox 256 2405 1572 2461; baseline -0.001 -12"><span class='ocrx_word' id='word_1_279' title='bbox 256 2422 426 2449; x_wconf 88' lang='lat' dir='ltr'>munem</span> <span class='ocrx_word' id='word_1_280' title='bbox 467 2408 645 2449; x_wconf 85' lang='lat' dir='ltr'>salutem</span> <span class='ocrx_word' id='word_1_281' title='bbox 682 2409 862 2449; x_wconf 86' lang='lat' dir='ltr'>maxime</span> <span class='ocrx_word' id='word_1_282' title='bbox 898 2407 1162 2459; x_wconf 83' lang='lat' dir='ltr'>necessaria,</span> <span class='ocrx_word' id='word_1_283' title='bbox 1206 2405 1257 2447; x_wconf 88' lang='lat' dir='ltr'>de</span> <span class='ocrx_word' id='word_1_284' title='bbox 1290 2407 1373 2461; x_wconf 86' lang='lat' dir='ltr'>qua</span> <span class='ocrx_word' id='word_1_285' title='bbox 1400 2423 1439 2449; x_wconf 78' lang='lat' dir='ltr'>v,</span> <span class='ocrx_word' id='word_1_286' title='bbox 1466 2406 1572 2461; x_wconf 71' lang='lat' dir='ltr'>Rep.</span> 
     </span>
     <span class='ocr_line' id='line_1_42' title="bbox 256 2461 1572 2518; baseline 0.002 -13"><span class='ocrx_word' id='word_1_287' title='bbox 256 2463 331 2505; x_wconf 91' lang='lat' dir='ltr'>IV.</span> <span class='ocrx_word' id='word_1_288' title='bbox 362 2479 403 2518; x_wconf 87' lang='lat' dir='ltr'>p.</span> <span class='ocrx_word' id='word_1_289' title='bbox 435 2465 515 2506; x_wconf 81' lang='lat'>419</span> <span class='ocrx_word' id='word_1_290' title='bbox 545 2488 600 2494; x_wconf 92' lang='lat'>—-</span> <span class='ocrx_word' id='word_1_291' title='bbox 629 2465 725 2507; x_wconf 81' lang='lat'>421.</span> <span class='ocrx_word' id='word_1_292' title='bbox 745 2462 794 2506; x_wconf 88' lang='lat' dir='ltr'>C.</span> <span class='ocrx_word' id='word_1_293' title='bbox 824 2464 920 2506; x_wconf 70' lang='lat'>422.</span> <span class='ocrx_word' id='word_1_294' title='bbox 950 2462 1003 2504; x_wconf 80' lang='lat' dir='ltr'>E.</span> <span class='ocrx_word' id='word_1_295' title='bbox 1035 2461 1089 2505; x_wconf 91' lang='lat' dir='ltr'>V.</span> <span class='ocrx_word' id='word_1_296' title='bbox 1118 2478 1159 2517; x_wconf 92' lang='lat' dir='ltr'>p.</span> <span class='ocrx_word' id='word_1_297' title='bbox 1189 2464 1285 2504; x_wconf 80' lang='lat'>461.</span> <span class='ocrx_word' id='word_1_298' title='bbox 1316 2463 1366 2502; x_wconf 81' lang='lat' dir='ltr'>E.</span> <span class='ocrx_word' id='word_1_299' title='bbox 1395 2487 1450 2493; x_wconf 98' lang='lat'><strong>—</strong></span> <span class='ocrx_word' id='word_1_300' title='bbox 1477 2465 1572 2507; x_wconf 75' lang='lat'>465.</span> 
     </span>
     <span class='ocr_line' id='line_1_43' title="bbox 251 2518 1570 2575; baseline 0.001 -15"><span class='ocrx_word' id='word_1_301' title='bbox 251 2518 308 2570; x_wconf 73' lang='grc'>,0.</span> <span class='ocrx_word' id='word_1_302' title='bbox 349 2518 454 2561; x_wconf 87' lang='lat' dir='ltr'>VII.</span> <span class='ocrx_word' id='word_1_303' title='bbox 493 2536 535 2575; x_wconf 91' lang='lat' dir='ltr'>p.</span> <span class='ocrx_word' id='word_1_304' title='bbox 576 2521 670 2560; x_wconf 83' lang='lat'>519.</span> <span class='ocrx_word' id='word_1_305' title='bbox 720 2520 770 2561; x_wconf 78' lang='lat' dir='ltr'>E.</span> <span class='ocrx_word' id='word_1_306' title='bbox 811 2518 941 2560; x_wconf 83' lang='lat' dir='ltr'>VIII.</span> <span class='ocrx_word' id='word_1_307' title='bbox 980 2533 1023 2573; x_wconf 90' lang='lat' dir='ltr'>p.</span> <span class='ocrx_word' id='word_1_308' title='bbox 1062 2519 1156 2561; x_wconf 80' lang='lat'>551.</span> <span class='ocrx_word' id='word_1_309' title='bbox 1198 2518 1249 2559; x_wconf 85' lang='lat' dir='ltr'>E.</span> <span class='ocrx_word' id='word_1_310' title='bbox 1289 2543 1342 2549; x_wconf 89' lang='lat'>—</span> <span class='ocrx_word' id='word_1_311' title='bbox 1382 2519 1570 2561; x_wconf 55' lang='lat'>5569143.</span> 
     </span>
     <span class='ocr_line' id='line_1_44' title="bbox 258 2572 1569 2631; baseline -0.001 -14"><span class='ocrx_word' id='word_1_312' title='bbox 258 2575 321 2617; x_wconf 83' lang='lat' dir='ltr'>Le</span> <span class='ocrx_word' id='word_1_313' title='bbox 355 2591 394 2630; x_wconf 88' lang='lat' dir='ltr'>g.</span> <span class='ocrx_word' id='word_1_314' title='bbox 444 2576 475 2615; x_wconf 89' lang='lat'>1.</span> <span class='ocrx_word' id='word_1_315' title='bbox 517 2592 558 2631; x_wconf 91' lang='lat' dir='ltr'>p.</span> <span class='ocrx_word' id='word_1_316' title='bbox 593 2576 686 2616; x_wconf 79' lang='lat'>628.</span> <span class='ocrx_word' id='word_1_317' title='bbox 718 2576 775 2616; x_wconf 83' lang='grc' dir='ltr'>Ῑ).</span> <span class='ocrx_word' id='word_1_318' title='bbox 808 2575 892 2615; x_wconf 87' lang='grc' dir='ltr'><strong>ΙΙΙ.</strong></span> <span class='ocrx_word' id='word_1_319' title='bbox 923 2575 1087 2630; x_wconf 79' lang='lat' dir='ltr'>p.--69‘2.</span> <span class='ocrx_word' id='word_1_320' title='bbox 1118 2572 1166 2615; x_wconf 85' lang='lat' dir='ltr'>C.</span> <span class='ocrx_word' id='word_1_321' title='bbox 1198 2599 1251 2604; x_wconf 96' lang='lat'><strong>—</strong></span> <span class='ocrx_word' id='word_1_322' title='bbox 1282 2576 1374 2616; x_wconf 79' lang='grc'><strong>693.</strong></span> <span class='ocrx_word' id='word_1_323' title='bbox 1407 2573 1456 2616; x_wconf 83' lang='grc' dir='ltr'>Ο.</span> <span class='ocrx_word' id='word_1_324' title='bbox 1481 2574 1569 2616; x_wconf 83' lang='grc' dir='ltr'>ΙΧ.</span> 
     </span>
     <span class='ocr_line' id='line_1_45' title="bbox 256 2591 1572 2687; baseline -0.002 -14"><span class='ocrx_word' id='word_1_325' title='bbox 256 2645 296 2687; x_wconf 84' lang='lat' dir='ltr'>p.</span> <span class='ocrx_word' id='word_1_326' title='bbox 323 2591 422 2673; x_wconf 58' lang='lat' dir='ltr'>{m</span> <span class='ocrx_word' id='word_1_327' title='bbox 459 2634 511 2673; x_wconf 83' lang='lat' dir='ltr'>A.</span> <span class='ocrx_word' id='word_1_328' title='bbox 542 2631 667 2673; x_wconf 86' lang='lat' dir='ltr'>VIII.</span> <span class='ocrx_word' id='word_1_329' title='bbox 698 2647 739 2686; x_wconf 83' lang='lat' dir='ltr'>p.</span> <span class='ocrx_word' id='word_1_330' title='bbox 774 2633 867 2675; x_wconf 71' lang='lat'>828.</span> <span class='ocrx_word' id='word_1_331' title='bbox 900 2631 952 2672; x_wconf 74' lang='lat' dir='ltr'>D.</span> <span class='ocrx_word' id='word_1_332' title='bbox 983 2630 1146 2673; x_wconf 85' lang='lat' dir='ltr'>tollitur</span> <span class='ocrx_word' id='word_1_333' title='bbox 1182 2630 1280 2672; x_wconf 86' lang='lat' dir='ltr'>item</span> <span class='ocrx_word' id='word_1_334' title='bbox 1310 2630 1484 2672; x_wconf 75' lang='lat' dir='ltr'>libertas</span> <span class='ocrx_word' id='word_1_335' title='bbox 1514 2631 1572 2672; x_wconf 86' lang='lat' dir='ltr'>ci-</span> 
     </span>
    </p>
   </div>
  </div>
 </body>
</html>
