1612 2872
270 89 347 128 160

735 90 1109 136 PLATONIS

368 204 467 245 KA.
502 202 675 257 Ὀρθῶς
709 219 752 245 τε
795 198 1001 259 προκαλεῒ
1044 211 1115 249 καὶ
1153 206 1280 251 ταῦθ’
1318 209 1419 264 ἡμῖν
1451 210 1589 264 οὕτως

266 274 373 324 ἔχειν
407 268 712 324 ἀποκεκρίσθω
751 267 804 310 τὰ
843 273 937 313 νῦι.

867 336 1056 394 πότερον
1090 336 1281 390 ἅπαντες
1316 357 1477 393 πασαις
1511 361 1586 399 χο·-

186 402 222 446 C
264 403 397 455 ρείαις
431 397 589 457 ὁμοίως
620 404 841 456 χαίρομεν,
871 400 895 454 ἢ
931 406 1093 446 πολλοῦ
1130 408 1214 457 δεῖς

362 335 459 376 ΑΘ.
482 334 576 375 ”En
612 333 664 385 δὴ
701 335 820 378 τόδε·

362 466 462 507 ΚΛ.
503 468 591 508 Τοῦ
629 466 795 516 παντὸς
828 471 907 520 μὲν
945 462 1039 513 οὖν.

362 531 460 573 ΑΘ.

514 534 566 574 'la‘
612 532 712 576 ποτ’
761 532 818 576 ἂν
864 529 943 578 οὖν
987 538 1170 590 asma-ev
1217 535 1265 580 τὸ
1313 537 1587 592 πεπλανηκὸς

260 594 377 649 ἡμᾶς
412 596 544 649 εἶναις
579 597 764 653 πότερον
800 598 851 642 οὐ
888 601 1028 643 ταῦτα’
1065 609 1154 644 ἐστι
1188 602 1339 647 καλὰ
1322 614 1421 659 ημῖν
1441 609 1586 656 πᾶσιν,

261 659 286 713 ἡ
324 660 376 704 τά
410 666 488 718 μὲν
524 663 653 714 αὐτα,
686 664 775 707 ἀλλ’
816 666 867 709 οὐ
903 669 1017 710 ὑοκεῖ
1051 668 1190 711 ταύτά
1229 670 1360 727 εἷναι;
1406 672 1457 714 ού
1501 670 1585 727 γὰρ

290 795 292 797 ¹
347 812 430 847 Ἔτι
461 814 507 857 δὴ
543 814 652 848 τόδε·
667 817 678 859 ]

262 864 410 899 tuentur,
441 861 520 893 olim
548 859 584 893 δὲ
597 868 690 917 meret.
717 873 746 896 v
772 875 847 896 ’.ιιιιι

732 818 890 861 Probi„
921 819 1584 860 ψιοάΑ.Β...ΩΞ.1..ιι-ιιο....ὃοκ

353 905 392 937 C.
437 905 487 937 Τι’
508 903 605 939 ποτ’
630 904 678 939 ἂν
711 904 789 939 οὖν
818 908 1004 951 λέγωμεν
1031 911 1095 954 -]
1141 914 1214 945 P.ar
1241 914 1285 945 A.
1310 925 1396 947 corr.
1423 918 1458 948 et
1484 916 1585 950 Voss.

260 1017 326 1048 πᾶν
354 1014 553 1050 τουναντιόν
577 1019 707 1062 (ganz
732 1021 784 1052 im
812 1022 890 1052 Ge-

258 1063 483 1103 gentlieile
528 1065 690 1106 davon)
731 1061 889 1108 εὑρήσετε

258 1108 386 1140 πάντας
428 1107 499 1148 ἐμοὶ
537 1109 686 1151 βοηθεῖν
733 1110 889 1151 ἑτοίμους

260 1154 304 1196 τῷ
331 1154 579 1195 διαφθειᾛρονιι

302 1196 463 1241 Ὀρθῶς
486 1211 527 1232 τε
551 1201 772 1243 προκαλεῖ]
802 1201 886 1234 Cre-

257 1244 442 1277 berrim'um
474 1245 537 1278 hoc
562 1250 616 1278 est
646 1247 801 1287 loquendi
825 1258 886 1288 ge-

259 1299 339 1329 nns,
373 1301 440 1331 quo
472 1296 550 1332 post
579 1288 697 1333 ὀρθῶς
723 1291 827 1334 λὲγεις
853 1297 886 1324 et

257 1335 388 1367 similes
413 1336 577 1369 formulas
603 1337 656 1367 καὶ
681 1347 755 1369 cum
779 1337 886 1379 irnpe-

258 1381 366 1412 rntivo
413 1385 475 1413 aut
514 1382 694 1414 indicativo
741 1383 885 1424 ponitur.

255 1425 422 1466 Exempla
454 1428 576 1469 collegi
609 1427 650 1459 ad
683 1427 830 1462 Phaedr.
855 1439 886 1470 p.

255 1470 332 1505 275.
364 1471 401 1504 C.
431 1471 532 1513 Hipp.
561 1473 639 1504 min.
666 1472 743 1507 367.
774 1473 810 1504 Β.

293 1514 384 1548 ”Eu
407 1515 456 1558 δὴ
474 1515 610 1559 τόδε·]
627 1519 746 1560 Ellipsi
764 1517 887 1550 admo-

255 1561 336 1594 dum
362 1564 480 1595 crebra
506 1563 628 1595 dicitur
651 1564 712 1603 sic,
741 1567 776 1596 ut
806 1573 886 1595 σκο-

254 1607 367 1646 πῶμεν
392 1613 450 1640 aut
474 1608 583 1640 simile
606 1607 764 1649 quiddam
789 1608 885 1640 intel-

255 1652 422 1694 ligendum
450 1653 666 1693 relinquatur.
692 1663 722 1684 v.
749 1663 823 1685 anu.
842 1652 885 1684 ad

259 1697 394 1730 Politic.
427 1708 459 1739 p.
485 1697 563 1732 306.
599 1700 638 1730 Α.
663 1697 816 1739 Sophist.
851 1708 883 1739 p.

257 1742 334 1776 262.
367 1742 407 1774 Ε.
435 1743 490 1774 ubi
515 1744 608 1785 plura
634 1743 729 1775 dedit
757 1743 884 1775 Hein-

258 1787 440 1819 dot-sius.

303 1833 343 1866 C.
374 1832 424 1865 Τι’
451 1829 541 1863 ποτ’
573 1828 620 1863 ἄν
653 1827 730 1864 οὖν
762 1832 884 1875 λέγω·

257 1889 329 1918 μεν
357 1878 423 1920 -—]
474 1877 656 1910 verissime
699 1878 886 1920 disputavit

259 1924 344 1956 Her
356 1932 473 1955 mann
485 1931 530 1954 us
545 1923 593 1955 De
607 1923 769 1965 particula
783 1921 824 1955 ἄν
842 1924 882 1956 ll.

253 1968 692 2011 5.p.93.sq.coniunctivum
703 1968 879 2001 deliberat.

254 2024 329 2047 cum
347 2012 398 2045 ’ἄν
413 2013 569 2054 coniungi
587 2023 652 2046 non
671 2024 785 2055 posse.
821 2013 882 2045 Cui

253 2060 382 2092 frustra
402 2059 607 2099 obloquuntus
626 2065 678 2092 est
701 2060 756 2092 Ha
769 2063 881 2091 rtun-

254 2115 276 2143 ει
288 2106 297 2137 i
308 2115 353 2137 us
364 2105 413 2136 De
428 2104 600 2146 particulis
617 2105 747 2147 linguae
758 2105 880 2136 Graec.

254 2150 296 2182 T.
327 2150 366 2183 ΙΙ.
399 2161 429 2191 p.
457 2148 556 2189 288„
586 2151 710 2192 quippe
743 2151 799 2191 qui
825 2154 887 2181 aut

255 2196 336 2228 locis
366 2196 535 2236 corruptis
570 2200 623 2227 est
655 2196 800 2228 confisus
824 2198 884 2227 aut

254 2241 362 2272 aliena
393 2240 435 2272 ad
472 2249 541 2272 rem
578 2245 792 2281 praesentem
823 2239 884 2271 ad-

254 2285 372 2317 hibuit.
434 2285 718 2318 Percensebimus
769 2285 884 2327 paucis

256 2331 411 2372 exempla
451 2339 538 2370 quae
577 2331 609 2362 in
647 2331 793 2363 medium
832 2334 884 2362 at-

255 2375 334 2408 tulit
369 2385 412 2407 ex
450 2375 594 2408 Platone
631 2380 752 2408 sumta.
798 2376 883 2407 Pro-

257 2424 327 2462 tag.
360 2430 392 2462 p.
418 2419 495 2453 319.
524 2419 562 2452 Β.
597 2420 693 2453 sicuti
720 2420 783 2453 hoc
807 2421 883 2453 loco

257 2464 357 2498 codd.
384 2474 501 2496 omnes
526 2465 560 2496 in
586 2467 718 2508 vulgata
738 2466 884 2507 scriptu-

257 2520 293 2543 ra
330 2510 562 2549 consentiunt3
611 2512 671 2543 sed
711 2510 883 2552 quomodo

256 2556 352 2588 locus
377 2554 606 2587 emendandus
623 2556 678 2595 sit,
703 2556 831 2588 dudum
851 2556 883 2587 in

256 2601 477 2634 annotatione
514 2604 629 2632 nostra
664 2601 884 2633 ostendimus.

258 2645 341 2680 ibid.
374 2656 406 2688 p.
432 2645 510 2679 326.
538 2646 575 2678 Α.
603 2655 691 2687 quae
717 2647 883 2687 leguntur,

956 1021 1019 1054 huc
1044 1022 1140 1063 plane
1172 1032 1237 1055 non
1261 1025 1446 1077 pertinent,
1479 1037 1584 1068 quan-

956 1067 1140 1108 doquidem
1167 1065 1260 1100 ὅπως
1283 1066 1324 1100 ἄν
1348 1075 1426 1111 post
1447 1075 1584 1106 curandi

955 1114 1059 1144 verba
1084 1113 1179 1144 aliter
1191 1115 1423 1155 accipiendum
1446 1122 1509 1156 est,
1530 1124 1581 1151 at-

955 1168 1020 1199 que
1035 1158 1116 1189 fecit
1142 1159 1419 1200 Hartungius.
1441 1142 1581 1196 Plua'edr.

954 1214 985 1245 p.
1012 1203 1088 1237 231.
1125 1204 1161 1235 D.
1191 1215 1252 1246 pro
1278 1208 1365 1247 vulg.
1393 1202 1583 1248 ἡγήσωνται

953 1259 1040 1280 nunc
1062 1251 1375 1290 praestantissimus
1390 1253 1463 1284 eod.
1483 1251 1581 1287 Bodl.

953 1305 980 1325 s.
1010 1293 1122 1327 Clark.
1148 1305 1221 1326 cum
1241 1296 1391 1336 plurimis
1409 1298 1481 1329 aliis
1499 1296 1582 1342 η’γή-

954 1349 1068 1371 σαιντο
1094 1341 1266 1381 ρτεθδυίῐ,
1297 1346 1334 1372 ut
1363 1345 1580 1378 temerarium

954 1386 997 1416 sit
1023 1395 1063 1417 eo
1087 1385 1162 1417 loco
1180 1386 1279 1417 hodie.
1292 1395 1425 1427 quoque
1439 1387 1481 1419 ad
1502 1401 1581 1431 pro-

952 1430 1059 1462 banda
1104 1429 1310 1463 incredibilia
1354 1433 1445 1464 abuti
1482 1436 1579 1467 velle.

953 1475 1041 1513 Quid
1070 1475 1174 1515 igitur
1203 1476 1247 1508 de
1278 1475 1340 1508 hoc
1365 1470 1440 1509 loco
1465 1480 1580 1512 existi-

951 1520 1134 1553 mundum?
1157 1520 1320 1553 Nimirum
1338 1526 1466 1555 rectam
1494 1525 1579 1557 viam

952 1566 1153 1597 monstravit
1185 1566 1450 1599 Hermannus
1487 1570 1507 1600 l.
1539 1580 1605 1609 c.,=

950 1611 1007 1650 qui
1034 1609 1096 1642 hoc
1120 1610 1252 1651 quidem
1289 1611 1364 1654 loco
1397 1609 1439 1643 ἄν
1461 1614 1503 1645 ad
1528 1614 1577 1646 in-

951 1655 1110 1687 finitivum
1137 1665 1177 1687 ex
1201 1656 1345 1697 λέγωμεν
1372 1666 1578 1700 suspensum

952 1700 1124 1742 pertinere
1150 1701 1343 1733 arbitratur.
1378 1701 1421 1734 Et
1441 1705 1579 1744 acquie-

952 1755 1050 1777 scere
1074 1746 1230 1786 profecto
1255 1745 1318 1777 lunc
1345 1748 1477 1780 ratione
1501 1749 1578 1781 lice-

951 1794 1022 1829 ret,
1058 1791 1119 1823 nisi
1146 1791 1220 1823 libri
1250 1791 1352 1823 etiam
1383 1793 1471 1825 aliud
1497 1794 1578 1835 quid

952 1835 1221 1877 suppeditarent,
1255 1835 1347 1876 quod
1371 1839 1577 1880 amplecten-

951 1881 1030 1912 dum
1058 1881 1199 1914 videtur.
1250 1881 1370 1913 Veram
1403 1883 1490 1916 enim
1516 1893 1578 1925 pu-

950 1930 1062 1959 tamus
1099 1926 1298 1967 scripturam
1339 1926 1416 1960 Par.
1448 1931 1486 1962 A.
1527 1927 1576 1960 λέ-

950 1982 1066 2014 γομεν,
1103 1971 1133 2004 h.
1170 1982 1199 2004 e.
1238 1980 1406 2005 oensem
1420 1983 1484 2012 us;
1522 1974 1578 2015 qui

948 2017 1145 2049 indicativus
1160 2016 1359 2057 saepissime
1383 2018 1417 2050 in
1441 2019 1576 2050 coniun—

949 2063 1075 2094 ctivum
1106 2064 1255 2093 mutatus
1298 2064 1367 2101 est3
1405 2067 1505 2104 atque
1541 2063 1574 2095 id

947 2107 1056 2148 ipsum
1083 2106 1183 2138 etiam
1206 2106 1358 2138 Astius
1389 2108 1487 2140 iussit
1519 2118 1574 2140 re-

948 2153 1051 2183 stitui.
1075 2152 1262 2184 Praeterea
1277 2161 1357 2183 vero
1372 2153 1472 2186 etiam
1485 2153 1574 2185 aliud

947 2196 1023 2238 quid
1059 2196 1259 2236 requirimus
1297 2195 1338 2228 ad
1368 2198 1472 2230 totius
1510 2198 1576 2231 loci

947 2242 1185 2282 integritatem,
1212 2241 1301 2282 quod
1318 2241 1359 2273 ad
1383 2243 1472 2276 illam
1492 2252 1575 2275 con-

949 2287 1144 2319 structionis
1176 2288 1339 2320 rationem
1359 2287 1436 2321 nihil
1469 2289 1573 2329 perti-

949 2335 1016 2364 net.
1042 2332 1219 2364 Sententia
1243 2333 1329 2366 enim
1358 2338 1428 2367 est:
1462 2333 1573 2367 Quid

949 2377 1081 2417 igitur
1119 2387 1220 2409 esse
1268 2387 1494 2412 censemus
1525 2378 1572 2410 il-

950 2421 1043 2460 lud,
1081 2422 1190 2463 quod
1232 2432 1308 2454 nos
1347 2423 1403 2455 ita
1440 2423 1479 2454 in
1514 2433 1573 2455 er·

949 2476 1087 2499 rorem
1122 2467 1324 2500 inducere
1354 2466 1573 2508 potuerit?

950 2515 1087 2544 utrum
1132 2522 1209 2544 non
1250 2511 1393 2545 eadem
1445 2512 1571 2544 nobis

950 2557 1142 2589 omnibus
1174 2558 1322 2599 pulcra
1361 2561 1471 2596 sunt,
1512 2555 1573 2598 (ut

949 2602 982 2634 in
997 2602 1100 2644 ipsius
1117 2603 1222 2644 pulcri
1244 2602 1437 2635 diversitate
1451 2611 1572 2634 caussa
1596 2620 1602 2636 ι

949 2646 996 2680 rei
1017 2646 1210 2688 quaerenda
1236 2647 1320 2689 sit);
1348 2656 1398 2680 an
1423 2646 1571 2680 eadem
