1612 2872
479 88 560 131 DE
594 87 870 132 LEGIBUS
905 98 986 131 etc.
1262 86 1393 128 CVII

48 205 123 259 iis,
156 204 230 259 qui
262 204 487 259 imperant.
550 206 613 245 At
643 203 754 245 enim
789 218 890 245 vero
924 200 1144 254 civitatis,
1177 215 1289 255 quae
1321 217 1397 242 no·

49 262 164 304 mine
194 276 273 304 suo
305 260 438 317 digna
467 260 538 314 sit,
571 261 680 302 ratio
711 267 826 302 certe
858 259 986 316 longe
1018 257 1102 300 alia
1130 257 1262 300 debet
1290 273 1397 300 esse.

0 313 5 369 ¹¹(
51 319 166 361 Nam
195 317 304 360 haec
335 316 513 372 quidem
546 333 639 359 >non
670 333 696 359 a
726 317 800 359 tali
833 333 876 359 re
909 313 1168 372 appellanda
1195 322 1276 368 est,
1320 314 1399 357 sed

49 391 76 418 a
105 375 203 428 deo,
235 374 309 430 qui
340 374 398 416 sit
429 389 656 430 supremus
687 375 780 416 eius
811 373 1012 416 dominus
1042 387 1093 414 ac
1119 372 1398 428 gubernator.

49 431 182 486 Quod
220 433 258 474 si
297 432 394 487 quis
423 432 616 474 incertus
655 431 846 483 haereat,
888 445 1093 486 quorsum
1124 436 1294 484 spectet
1323 436 1400 471 aut

0 503 1 518 *
49 505 127 532 cur
157 490 219 531 ita
245 494 477 540 statuatur,
510 503 597 530 rem
628 488 776 530 fabula
806 488 994 542 quadam
1015 487 1184 529 iuvabit
1205 486 1397 529 declara-

50 547 177 589 visse.
244 546 460 588 Narratur
497 545 609 587 enim
640 545 842 587 omnibus
874 545 983 597 illis,
1036 559 1145 600 quas
1194 544 1399 597 diximus,

47 602 299 647 civitatibus
350 602 484 644 multo
521 602 656 644 fuisse
707 602 927 657 antiquior
963 616 1014 643 ea
1054 617 1194 643 rerum
1241 601 1400 658 guber-

48 660 192 712 natio,
231 675 342 715 quae
381 658 482 701 olim
522 657 710 701 Saturno
748 666 958 717 regnante
1004 658 1204 714 viguerit.
1274 657 1400 711 Quae

48 717 254 773 quoniam
301 716 431 773 longe
481 715 565 758 fuit
610 716 776 772 optima
822 723 867 758 et
914 716 1125 758 maximae
1180 715 1400 758 beatitatis

46 789 204 818 caussa
235 780 280 816 et
308 773 531 825 effectrix,
572 788 844 828 consequens
873 779 964 826 est,
997 780 1046 814 ut
1074 771 1143 814 vel
1173 787 1246 826 ea,
1289 788 1399 828 quan

48 847 163 874 nunc
197 830 571 887 praestantissima
602 838 831 885 censetur,
866 830 1116 886 respublica
1146 829 1252 871 nihil
1283 830 1400 872 aliud

48 890 107 932 sit
136 889 221 931 nisi
263 887 381 930 illius
420 888 606 930 imitatio
637 887 850 943 quaedam
880 894 924 931 et
955 887 1211 928 adumbrata
1241 887 1399 944 imago.

48 945 188 990 Cuius
218 944 394 1000 quidem
424 946 718 1001 praestantiae
749 952 793 988 et
822 945 1104 987 excellentiae
1136 959 1335 987 caussam
1365 947 1402 987 si

48 1004 146 1060 quis
176 1003 439 1055 sciscitetur,
472 1001 643 1045 videtur
667 1003 741 1044 illa
769 1018 857 1045 non
888 1002 972 1044 alia
1000 1002 1135 1044 fuisse
1166 1002 1248 1044 nisi
1279 1002 1399 1044 haec.

48 1061 264 1105 Saturnus
295 1060 408 1102 enim
437 1075 569 1115 quum
601 1060 726 1102 facile
758 1060 946 1113 videret,
979 1066 1158 1101 naturae
1191 1059 1402 1101 humanae

49 1117 238 1161 indolem
287 1132 339 1160 ac
376 1117 583 1158 virtutem
622 1133 708 1160 non
748 1133 844 1160 esse
876 1133 992 1170 eam,
1035 1132 1169 1171 quae,
1221 1124 1403 1173 accepta

50 1190 192 1218 rerum
237 1175 521 1216 huma-narum
561 1175 739 1217 arbitrio
780 1190 859 1217 suo
901 1173 1280 1231 gubernandarum
1324 1190 1401 1229 po-

50 1240 229 1285 testate,
272 1232 326 1274 ab
357 1231 601 1284 insolentia,
633 1233 853 1288 superbia,
881 1231 1077 1274 lubidine
1110 1238 1155 1273 et
1187 1231 1403 1273 iniustitia

50 1298 145 1331 tuta
184 1295 314 1344 atque
347 1289 547 1331 immunis
578 1298 694 1331 esset
726 1304 952 1343 mansura,
984 1289 1305 1344 sapientissime
1339 1289 1403 1331 sic

9 1370 12 1374 ·
49 1346 264 1400 instituit,
306 1352 355 1387 ut
393 1346 643 1389 civitatibus
674 1362 762 1389 non
793 1347 991 1389 homines
1022 1346 1320 1389 moderatores
1351 1362 1402 1388 ae

51 1403 268 1461 principes
305 1409 583 1459 praeessent,
629 1403 709 1445 sed
751 1404 899 1460 potius
947 1403 1065 1461 genii
1102 1403 1156 1446 iis
1197 1403 1403 1446 darentur

9 1459 26 1493 '—
50 1476 190 1504 rerum
220 1460 572 1517 gravissimarum
601 1468 827 1516 curatores
858 1468 902 1504 et
922 1461 1251 1519 gubernatores.
1313 1461 1403 1504 Ge-

50 1518 111 1560 nii
149 1517 262 1560 enim
298 1518 371 1560 isti
410 1533 542 1572 quum
584 1524 730 1560 essent
759 1518 939 1576 originis
978 1517 1230 1573 divinioris,
1274 1519 1404 1561 etiam

52 1590 193 1618 rerum
231 1574 515 1617 humanarum
555 1574 774 1617 fortunam
805 1584 848 1618 et
886 1575 1184 1620 conditionem
1223 1592 1303 1633 per
1329 1592 1404 1619 eos

52 1631 287 1688 aliquando
336 1632 556 1674 meliorem
605 1634 839 1677 extituram
886 1648 983 1676 esse
1032 1633 1269 1676 arbitratus
1322 1641 1400 1676 est.

55 1688 434 1743 Quemadmodum
482 1689 620 1747 igitur
665 1706 782 1733 nunc
831 1690 1029 1733 videmus
1078 1690 1274 1735 homines
1327 1707 1402 1747 pe-

54 1746 213 1789 cudum
240 1761 396 1803 greges
426 1761 577 1803 regere
609 1762 659 1789 ac
689 1763 885 1804 pascere,
918 1748 979 1790 ita
1008 1747 1082 1790 illo
1113 1764 1222 1791 aevo
1253 1749 1403 1807 generi

55 1803 275 1846 hominum
304 1803 514 1859 praefecti
544 1805 662 1847 fuere
696 1805 830 1861 genii,
863 1806 939 1860 qui
971 1805 1063 1847 eius
1103 1820 1251 1847 curam
1281 1821 1404 1863 gere-

54 1866 164 1901 rent.
224 1862 292 1902 Ac
322 1860 404 1901 fuit
446 1875 551 1902 sane
584 1877 636 1903 ea
664 1877 732 1904 res
763 1863 1018 1905 mortalibus
1049 1863 1176 1919 longe
1208 1863 1426 1906 saluber—‘

59 1917 178 1958 rima.
246 1915 400 1958 Divini
439 1918 553 1958 enim
594 1919 711 1974 genii
763 1935 897 1974 quum
937 1920 1130 1963 colerent
1176 1920 1403 1973 iustitiam,

55 1978 281 2021 tuerentur
328 1988 479 2029 pacem
517 1980 562 2016 et
602 1976 981 2030 tranquillitatem,
1032 1976 1169 2019 bonas
1217 1976 1406 2032 denique

56 2029 175 2087 leges
215 2029 452 2072 conderent
491 2045 542 2073 ac
571 2039 811 2087 servarent,
843 2032 1092 2076 hominibus
1123 2032 1180 2075 ad
1211 2040 1404 2076 mutuam

57 2087 404 2130 benevolentiam
452 2094 493 2129 et
554 2089 776 2131 caritatem
825 2090 1069 2132 conciliatis
1123 2091 1405 2147 fontibusque

59 2143 302 2187 discordiae
332 2159 383 2186 ac
413 2144 643 2188 seditionis
675 2147 876 2189 omnibus
908 2148 1172 2202 obstructis,
1213 2149 1406 2192 mortali-

61 2201 142 2244 bus
179 2216 276 2243 eam
315 2202 557 2244 attulerunt
604 2202 860 2246 felicitatem
901 2211 946 2246 et
992 2205 1270 2260 beatitatem,
1319 2222 1406 2262 qua

60 2258 263 2300 maiorem
313 2274 368 2300 ne
412 2267 555 2302 mente
606 2260 781 2315 quidem
830 2269 872 2303 et
921 2262 1187 2319 cogitatione
1239 2264 1405 2306 finovere

61 2315 201 2357 liceat.
260 2315 383 2358 Haec
422 2317 556 2373 igitur
598 2318 680 2359 fuit
709 2319 834 2375 regni
865 2319 1060 2362 Saturnii
1088 2321 1211 2363 ratio.
1271 2300 1405 2365 Unnde

61 2371 167 2427 quid
196 2372 546 2431 possitintelligi
577 2382 620 2417 et
648 2375 868 2430 condisci,
906 2377 1219 2433 propemodum
1250 2386 1406 2435 sponte

60 2436 256 2484 apparet.
322 2429 590 2487 Perspicitur
631 2432 745 2474 enim
775 2432 876 2476 inde
905 2434 1167 2487 clarissime,
1206 2436 1407 2479 civitates

65 2500 228 2540 omnes,
259 2486 415 2541 quibus
444 2504 531 2532 non
562 2490 698 2543 Deus,
731 2489 809 2532 sed
829 2491 1020 2535 mortalis
1039 2492 1196 2548 aliquis
1227 2495 1404 2548 praesit,

64 2541 226 2584 nullum
265 2558 454 2600 unquam
492 2547 700 2589 malorum
741 2553 783 2590 et
832 2563 1130 2592 aerumnarum
1179 2550 1406 2594 habituras

61 2613 156 2644 esse
196 2598 415 2657 eflugium.
482 2603 583 2647 Hoc
622 2611 769 2647 autem
809 2605 993 2648 sirecte
1022 2622 1211 2663 vereque
1239 2608 1407 2650 iudica-

58 2661 150 2709 tur,
192 2668 308 2700 certe
346 2666 540 2715 apertum
572 2676 666 2704 esse
698 2661 825 2706 debet
869 2664 1094 2718 omnibus,
1131 2665 1257 2708 nobis
1301 2664 1408 2707 nihil
