1612 2872
237 117 487 161 LXXXVI
667 110 1092 156 PROLEGOMEN
1101 112 1140 150 A

236 234 481 272 contractae
513 235 717 281 tanquam
755 223 799 264 in
835 223 983 264 tabula
1020 222 1166 275 aliqua
1205 234 1467 276 proponere,
1497 220 1557 272 ita

238 285 364 328 simul
387 284 586 326 effectum
605 281 657 322 iri
677 279 983 331 existimantes,
1014 283 1062 319 ut
1080 291 1227 319 omnes
1254 276 1562 331 disputationis

238 340 468 382 admodum
515 337 829 379 amfractuosae
869 349 918 375 ae
960 333 1139 374 diffusae
1177 339 1317 388 partes
1346 338 1562 385 tamquam

238 398 283 438 in
319 411 451 438 unum
494 394 665 435 iunctae
694 390 1014 445 conspiciantur
1043 395 1086 430 et
1125 404 1211 430 uno
1249 389 1400 429 mentis
1439 388 1563 429 obtu-

238 462 285 494 tu
312 450 651 493 considerentur.
711 446 866 501 Itaque
905 460 1071 487 summa
1109 445 1333 486 universae
1372 443 1563 499 disputa-

238 508 368 549 tionis
395 510 439 549 in
468 505 535 546 his
564 503 684 546 libris
713 503 934 545 institutae
963 502 1050 543 fere
1080 501 1164 543 huc
1195 500 1319 542 redit.

786 773 906 849 Gap.
947 772 1027 831 lV.

286 896 554 932 Exhlbetur
585 894 751 930 brevis
783 894 1054 938 descriptio
1085 901 1274 931 eorum,
1307 898 1436 934 quae
1468 890 1516 924 ln

561 951 742 995 Legum
768 952 906 986 libris
932 949 1256 994 disputantur·-
1450 963 1452 965 >

358 1058 527 1099 Libro
562 1057 735 1112 primo
774 1063 824 1098 et
866 1055 1116 1098 secundo
1155 1057 1444 1109 posteaquam'
1474 1052 1569 1094 uni-

245 1128 366 1155 verse
407 1113 461 1154 de
497 1113 666 1168 legibus
708 1119 751 1154 et
786 1112 997 1155 institutis
1029 1109 1282 1166 quibusdam
1311 1109 1569 1163 reipublicae

243 1169 610 1212 Lacedaemoniae
629 1175 672 1210 et
697 1168 916 1210 Cretensis
937 1167 1200 1223 disputatum
1221 1171 1301 1218 est,
1326 1165 1411 1206 ista.
1431 1164 1571 1205 omnia

247 1225 428 1267 docetur
466 1240 619 1281 parum
661 1231 776 1266 recte
816 1224 871 1265 ad
901 1239 1029 1265 unam
1059 1221 1324 1278 potissimum
1355 1219 1569 1261 fortitudia

245 1296 343 1323 nem
382 1281 577 1323 bellicam
617 1287 861 1336 comparata
906 1294 1016 1333 esse,
1045 1277 1256 1332 siquidem
1286 1277 1403 1332 leges
1433 1275 1571 1331 publi-

249 1352 322 1379 cas
363 1338 491 1379 etiam
531 1337 585 1378 ad
630 1336 959 1391 temperantiam
997 1348 1249 1387 omnemque
1279 1333 1476 1373 virtutem
1507 1342 1572 1372 re-

245 1393 348 1435 ferri
399 1393 554 1434 debere
598 1399 931 1434 consentaneum
981 1391 1049 1433 sit.
1127 1389 1294 1442 Quibus
1343 1387 1573 1442 disputatis

246 1449 404 1491 mentio
435 1449 627 1490 iniicitur
663 1449 800 1490 Attici
838 1446 1059 1489 cuiusdam
1088 1444 1295 1498 instituti,
1335 1442 1450 1497 quod
1493 1443 1574 1484 etsi

246 1505 599 1560 intemperantiae
640 1505 784 1546 favere
814 1503 1023 1556 videatur,
1055 1508 1196 1543 tamen
1225 1499 1279 1540 ad
1310 1513 1573 1554 cognoscen-

249 1561 346 1602 dam
374 1561 684 1616 temperantiae
721 1560 994 1614 disciplinam
1023 1557 1237 1599 iudicatur
1266 1570 1472 1611 perquam
1501 1569 1572 1595 ac-

248 1616 561 1659 commodatum
609 1631 715 1671 esse.
795 1615 1036 1657 Disseritur
1087 1614 1198 1655 enim
1250 1611 1303 1652 de
1355 1625 1437 1652 usu
1467 1610 1573 1650 »vini

248 1672 363 1728 apud
404 1672 691 1714 Athenienses
730 1670 954 1722 licentiore
995 1670 1133 1724 deque
1186 1666 1574 1722 compotationibus

248 1728 421 1783 publica
445 1728 540 1769 leore
580 1728 817 1783 permissis.
876 1727 942 1768 Ea
970 1741 1071 1767 vero
1103 1724 1202 1765 dum
1234 1723 1472 1765 ostenditur
1502 1722 1574 1775 qui

247 1785 324 1825 fiat
358 1792 408 1825 ut
457 1762 513 1824 ad
561 1783 869 1838 temperantiae
917 1781 1263 1823 exercitationem
1310 1779 1574 1832 aliquantum

248 1840 419 1881 valeant
455 1846 583 1893 atque
625 1839 882 1890 etiam-aliis
913 1838 1056 1879 multis
1098 1835 1343 1877 nominibus
1372 1833 1574 1889 reipubli—

250 1910 324 1937 cae
354 1896 535 1950 prosint,
566 1895 828 1950 exspatiatur
870 1894 1004 1936 oratio
1044 1892 1168 1934 simul
1208 1891 1334 1931 etiam
1363 1889 1418 1930 ad
1447 1888 1574 1943 musi:

250 1966 325 1993 cae
364 1958 405 1992 et
442 1951 622 1993 choreae
659 1951 973 1992 institutionem
1015 1963 1064 1990 ac
1095 1947 1398 2002 disciplinam;'
1428 1944 1574 1998 qu'am-

249 2023 376 2062 quam
393 2007 461 2049 hic
492 2007 678 2059 nondum
702 2007 931 2061 exponitur
957 2002 1015 2046 'de
1046 2019 1096 2046 ea
1128 2003 1306 2055 musica,
1338 2015 1448 2055 quae
1479 2001 1577 2040 uni-.

250 2077 419 2105 versum
449 2063 704 2106 eruditionis
732 2061 986 2104 liberalioris
1016 2059 1219 2101 ambitum
1261 2055 1573 2110 complecteba-

250 2125 343 2170 tur,
391 2118 468 2161 sed
504 2119 557 2161 de
597 2134 682 2160 una
731 2118 804 2159 illa
853 2117 1112 2173 explicatur,
1170 2128 1277 2168 quae
1329 2112 1574 2167 angustiore

251 2189 380 2216 sensu
410 2175 495 2216 dici
518 2176 640 2217 solet.
670 2199 724 2205 —
782 2174 893 2215 Tum
929 2187 1028 2213 vero
1069 2170 1167 2211 inde
1201 2185 1225 2210 a
1253 2168 1411 2210 tertii
1439 2167 1574 2209 libri

251 2230 415 2271 initio
456 2231 568 2272 facta
603 2229 826 2286 repentina
866 2227 1118 2270 transitione
1155 2224 1210 2266 ad
1239 2224 1459 2265 historiam
1479 2221 1572 2279 sCi-

252 2285 431 2341 vitatum
468 2285 733 2328 Graecorum
771 2293 902 2339 atque
932 2284 1166 2325 'Persarum
1213 2279 1446 2331 acceditur,
1496 2277 1572 2329 db-

252 2347 460 2395 ceturque
490 2343 616 2384 variis
646 2357 784 2383 rerum
816 2340 1078 2396 publicarum
1108 2336 1257 2389 initiis,
1290 2335 1450 2386 formis,
1481 2349 1571 2376 mu-

252 2398 484 2439 tationibus
514 2397 860 2450 considerandis,
892 2394 1202 2451 prosperiorem
1233 2407 1402 2446 semper
1430 2405 1573 2431 earum

254 2453 444 2494 extitisse
475 2453 714 2505 fortunam,
767 2452 909 2494 sicubi
945 2449 1114 2492 sublata
1155 2447 1437 2502 cupiditatum
1477 2461 1573 2487 cum

254 2510 416 2551 ratione
453 2508 692 2562 discordia,
735 2509 817 2550 hoc
848 2514 937 2560 est,
966 2513 1017 2558 ,et
1056 2504 1322 2559 principibus
1363 2508 1480 2543 recta
1507 2516 1573 2543 se-

239 2565 482 2619 quentibus
513 2570 566 2606 et'
583 2564 744 2620 populo
772 2564 895 2605 bonis
924 2563 1092 2604 illorum
1130 2559 1319 2602 consiliis
1348 2558 1573 2612 morigero,

256 2622 362 2663 bene
389 2626 578 2663 moratae
607 2620 849 2670 extiterint,
882 2618 1132 2672 iniquiorem
1163 2621 1304 2656 autem
1333 2629 1383 2656 ac
1411 2612 1571 2654 tristio-
