1612 2872
471 92 554 134 1)ss
589 90 867 136 LEGIBUS
898 98 979 134 etc.
1124 88 1386 132 CXXXIII

37 206 112 248 bet
149 219 246 248 sese
282 219 351 250 res
388 206 587 259 profecto
628 205 764 246 multo
794 203 934 260 aliter.
993 202 1244 259 Exponitur
1273 203 1389 246 enim

35 263 80 304 in
124 262 320 318 Legibus
361 262 511 316 utique
553 261 607 303 de
645 267 855 316 quattuor
891 260 978 303 illis
1018 260 1255 303 virtutibus
1297 260 1392 316 pari

35 318 255 376 elegantia
284 330 416 373 atque
448 319 676 375 gravitate.
746 317 1024 373 Quamquam
1065 316 1111 359 id
1140 317 1191 358 fit
1221 332 1310 359 non
1341 331 1393 359 ea

37 377 231 429 ratione,
271 382 321 417 ut
360 375 447 418 alia
475 382 606 430 atque
636 375 723 416 alia
752 375 890 416 virtus
921 374 1073 416 ordine
1104 372 1310 430 deinceps
1339 373 1390 415 il-

36 433 261 486 lustretur,
292 447 431 487 eaque
462 431 762 488 disputatione
792 431 992 473 absoluta
1023 430 1080 473 ad
1109 431 1253 487 legum
1284 431 1392 473 scri—

36 489 231 546 ptionem
278 487 536 542 accedatur,
584 488 715 531 sicuti
753 494 1041 544 optaverunt,
1097 488 1173 543 qui
1219 487 1392 530 Platoni

26 561 179 602 ‘nuper
233 544 568 601 propemodum·
607 545 926 600 praescriptum
981 545 1177 598 iverunt,
1242 559 1392 600 quem-

37 602 274 645 admodum
317 602 402 657 ipsi
447 601 663 657 disputari
700 601 888 653 vellent,
939 600 1019 643 sed
1052 602 1199 656 potius
1226 601 1311 656 ita,
1342 608 1393 643 ut

37 658 93 701 de
135 658 365 701 virtutibus
404 658 589 714 singulis
630 672 828 700 Seorsum
868 657 977 700 locis
1017 657 1146 713 plane
1188 658 1390 713 diversis,

0 715 5 728 '
37 715 140 758 data
169 715 296 772 quasi
334 715 395 756 rei
424 714 754 771 opportunitate
783 729 833 756 ae
865 729 944 769 per
973 715 1264 768 occasionem,
1299 713 1389 757 dis-

37 782 220 816 seratur.
286 771 420 825 Quod
459 778 625 826 quanta
663 787 761 813 cum
805 771 998 813 sollertia
1037 771 1100 813 ita
1139 771 1391 813 institutum

38 831 121 884 sit,
162 829 275 873 intra
303 827 571 882 ostendetur,
613 844 699 882 quo
739 829 837 871 loco
869 827 923 870 de
953 828 1199 885 argumenti
1228 835 1391 870 tracta-

37 886 153 929 tione
195 896 241 928 et
277 893 368 927 arte
410 884 652 928 disserendi
691 885 735 928 in
780 885 848 927 his
877 885 1000 928 libris
1031 884 1228 928 adhibita
1257 900 1390 940 pecu-

36 943 133 986 liari
172 957 306 999 opera
343 941 656 998 disputabitur.
729 942 905 984 Etenim
948 941 1002 984 de
1043 941 1390 984 fortitudine

38 999 212 1056 quidem
246 1007 322 1042 ·et
375 1000 759 1054 temperantia
806 998 978 1041 duobus
1031 1000 1218 1041 maxime
1265 998 1390 1041 libris

36 1057 253 1113 prioribus
286 1055 444 1113 agitur.
504 1055 577 1098 Ad
608 1056 944 1112 sapientiam
975 1062 1119 1098 autem
1151 1055 1217 1097 vel
1260 1070 1388 1111 pru·

38 1112 314 1167 dentiam,
345 1119 630 1169 posteaquam
673 1114 758 1155 iam
790 1113 914 1155 Libr.
945 1111 982 1154 I.
1012 1128 1052 1168 p.
1083 1114 1178 1154 631.
1210 1110 1261 1154 C.
1294 1127 1390 1167 sqq.

39 1171 230 1213 breviter
256 1169 310 1212 de
343 1185 395 1212 ea
415 1171 626 1213 monitum
654 1177 735 1223 est,
768 1185 910 1212 sermo
933 1169 1128 1211 defertur
1157 1168 1280 1210 Libr.
1304 1168 1390 1210 111.

36 1226 138 1270 inde
176 1242 202 1268 a
239 1243 282 1283 p.
322 1228 418 1268 657.
459 1227 512 1270 E.
574 1227 779 1281 Denique
823 1226 953 1268 etiam
997 1226 1228 1268 iustitia
1268 1226 1391 1270 Libr.

39 1283 120 1326 IV.
153 1300 195 1340 p.
226 1286 325 1326 815.
358 1285 413 1325 A.
443 1298 538 1338 sqq.
568 1284 834 1337 illustratur,
865 1284 927 1325 ita
958 1282 1148 1338 quidem,
1183 1289 1234 1324 ut
1263 1282 1391 1324 etiam

38 1341 161 1384 Libr.
193 1341 275 1383 IX.
306 1357 348 1397 p.
378 1342 476 1382 839.
504 1339 556 1383 C.
587 1355 683 1396 sqq.
716 1340 1018 1396 imprimisque
1050 1356 1091 1396 p.
1124 1341 1220 1382 863.
1248 1339 1305 1381 Ε.
1341 1362 1387 1370 -—

37 1399 135 1440 864.
165 1397 219 1439 Β.
250 1397 461 1439 nonnulla
497 1397 782 1451 adiiciantur,
833 1412 945 1453 quae
985 1395 1041 1438 ad
1081 1397 1174 1438 eius
1214 1396 1304 1438 vim
1347 1403 1393 1439 et

39 1461 235 1496 naturam
265 1454 616 1510 patefaciendam
634 1454 821 1496 valeant.
879 1453 1038 1508 Itaque
1059 1459 1240 1510 apparet
1266 1461 1391 1508 quat-

38 1518 137 1554 tuor
166 1512 348 1553 virtutes
377 1512 602 1568 primarias
632 1527 738 1554 sane
777 1512 908 1553 variis
939 1511 1049 1554 locis
1087 1510 1296 1567 explicari
1328 1517 1392 1552 at-

39 1584 123 1624 que
151 1568 370 1611 illustrari.

152 1625 246 1667 Iam
275 1640 378 1667 vero
409 1625 446 1668 si
478 1626 666 1680 quaeris,
699 1625 841 1680 qualis
873 1623 1047 1666 tandem
1079 1624 1136 1666 sit
1167 1624 1276 1667 haec
1306 1624 1392 1666 vir-

40 1682 145 1724 tutis
175 1681 387 1735 doctrina,
426 1681 649 1724 fatendum
689 1682 863 1738 quidem
905 1689 996 1734 est,
1038 1696 1132 1723 eam
1163 1697 1259 1724 esse
1289 1682 1393 1736 sim-

41 1739 260 1794 pliciorem
291 1739 517 1795 magisque
548 1739 830 1795 popularem,
864 1755 991 1794 quam
1023 1754 1136 1794 quae
1168 1738 1212 1780 in
1245 1739 1393 1795 Repu-

40 1795 153 1845 blica
181 1794 385 1850 traditur,
416 1796 631 1851 siquidem
671 1796 810 1839 virtus
847 1812 935 1838 non
983 1811 1036 1837 ex
1087 1796 1218 1837 variis
1262 1796 1394 1837 animi

42 1852 323 1894 facultatibus
363 1860 410 1892 ut
451 1853 682 1907 primitivis
712 1853 907 1895 fontibus
939 1853 1030 1895 suis
1062 1852 1304 1905 derivatur,
1338 1854 1395 1894 si-

42 1908 131 1950 cuti
181 1915 338 1963 quarto
389 1907 442 1950 de
466 1958 474 1965 κ
493 1909 734 1964 Republica
793 1910 906 1951 libro
966 1909 1062 1951 fieri
1107 1910 1394 1951 meminimus.

42 1965 353 2006 Verumtamen
386 1964 568 2007 eandem
609 1966 725 2007 illam
761 1983 786 2007 a
817 1966 1014 2007 Platonis
1045 1966 1263 2007 sententia
1294 1966 1396 2007 alie-

42 2037 141 2064 nam
179 2023 275 2064 esse
315 2028 392 2063 aut
432 2037 528 2064 cum
561 2037 611 2064 ea
649 2037 861 2078 pugna-re,
894 2022 938 2063 id
966 2037 1069 2064 vero
1100 2028 1224 2064 tanto
1255 2022 1399 2066 minus

43 2078 191 2120 licebit
222 2093 474 2120 asseverare
505 2085 549 2120 et
588 2078 878 2133 contendere,
920 2085 1083 2132 quanto
1114 2079 1273 2121 clarius
1305 2095 1397 2122 cer-

43 2136 215 2190 tiusque
246 2134 536 2177 demonstrari
568 2142 738 2192 potest,
772 2151 1059 2190 quaecunque
1089 2136 1133 2177 in
1165 2151 1216 2178 ea
1242 2136 1393 2191 singu-

43 2191 150 2234 laria
179 2191 422 2246 videantur,
444 2192 764 2249 sapientissime
786 2193 990 2248 primario
1018 2193 1269 2249 scriptionis
1291 2209 1396 2235 eon-

45 2249 141 2291 silio
183 2249 491 2291 convenienter
529 2251 758 2291 immutata
798 2256 841 2291 et
879 2257 1075 2291 correcta
1112 2265 1222 2294 esse.
1282 2250 1396 2293 Nam

45 2311 94 2348 ut
123 2320 210 2347 rem
238 2306 389 2361 paucis
421 2306 810 2361 comprehendam,
851 2308 1080 2362 proposuit
1109 2306 1399 2364 philosophus

22 2362 90 2405 .in
123 2361 191 2403 his
223 2362 346 2421 libris
377 2362 720 2419 descriptionem
755 2364 877 2418 quasi
908 2363 1124 2419 quandam
1155 2364 1398 2406 virtutis

49 2418 248 2460 civilis
286 2426 340 2460 et
382 2421 707 2475 popularis,
758 2437 887 2476 quam
929 2437 1059 2463 unam
1100 2421 1236 2464 solam
1287 2420 1399 2462 vidit

48 2474 198 2531 populi
228 2475 495 2518 multitudini
517 2493 613 2519 esse
632 2478 983 2532 convenientem,
1013 2477 1200 2534 ideoque
1224 2493 1302 2520 nec¹
1322 2493 1395 2520 ne-

49 2531 283 2574 cessarium
313 2532 526 2575 iudicavit
554 2535 766 2589 cuiusque
797 2535 970 2578 virtutis
991 2550 1172 2578 caussas
1192 2535 1398 2577 subtilius

50 2588 324 2644 investigare.
391 2590 558 2632 Retulit
596 2593 768 2647 potius,
804 2598 851 2634 ut
898 2607 966 2636 res
1007 2592 1103 2648 ipsa
1133 2592 1400 2649 postulabat,

51 2644 194 2686 omnia
237 2646 324 2691 fere
364 2646 419 2688 ad
451 2647 532 2699 τὴν
565 2648 719 2704 ὀρθὴν
748 2651 885 2702 δόξαν
916 2657 959 2690 et
994 2649 1048 2692 ad
1080 2665 1253 2692 sensum
1286 2664 1402 2690 vom-
