1612 2872
243 93 327 135 DE
361 90 635 134 mensus
666 90 785 133 12115.
819 79 880 133 11ss
910 91 958 131 P.
994 90 1089 132 653.
1121 90 1186 133 st.

1319 92 1397 133 145

0 207 1 210 Ἴ
50 219 94 256 ἐν
130 214 190 267 τῷ
228 209 538 266 ἐπιτηδεύματι
574 207 715 263 τούτῳ
750 211 890 260 καλῶς
925 212 1274 264 κατορθουμένῳ
1316 222 1399 251 σω-

52 285 197 337 τηρία.
239 326 243 329 ,
616 332 640 344 Γ

153 347 257 390 ΚΛ.
295 346 424 398 Μέγα
458 346 606 398 λὲγεις.

147 413 248 456 ΑΘ.
321 412 447 465 Λέγω
486 415 636 454 τοίνυν
678 412 766 453 τῶν
815 412 983 452 παίδων
1031 408 1240 462 παιδικὴν
1285 408 1397 454 εἶναι

49 481 228 537 πρώτην
264 479 479 531 αἴσθησιν
514 476 681 531 ἡδονὴν
717 481 788 520 καὶ
826 475 982 529 λύπην,
1021 480 1093 520 καὶ
1132 482 1178 520 ἐν
1209 475 1273 528 οἷς
1300 476 1400 533 ἀρε-

48 548 101 601 τὴ
132 549 249 608 ψυχῇ
273 549 345 589 καὶ
367 548 496 588 κακία
529 550 848 602 παραγίγνεται
876 547 1065 599 πρῶτον,
1102 545 1221 607 ταῦτ’
1262 545 1398 588 εἶναι·

47 616 263 676 φρόνησιν
298 615 343 656 δὲ
381 615 453 656 καὶ
489 612 681 665 ἀληθεῖς
716 612 847 665 δόξας
870 613 1076 667 βεβαίους
1097 611 1282 669 εὐτυχές,
1310 610 1400 668 ὅτῳ

49 820 128 849 unite
155 814 293 856 πρῶτον
318 813 492 852 distinxit,
520 817 557 844 ut
582 812 712 843 factum
747 816 800 842 est
826 812 925 844 etiam
952 811 983 843 in
1009 796 1095 844 Veu.
1124 814 1161 849 Ξ,
1190 818 1224 846 ot
1252 815 1328 846 Par,
1360 813 1397 845 Β,

140 859 271 902 δόξας
304 857 542 901 βεβαίους]
586 857 706 900 Steph.
733 858 882 890 correxit
912 856 1108 899 βεβαιοῦν,
1145 862 1261 893 invitis
1296 860 1397 892 codd.

49 908 217 941 omnibus.
243 907 328 939 Dein
354 906 475 937 Astius
499 903 655 945 εὐτυχής,
683 914 786 946 quam
805 909 924 938 tamen
946 906 1148 948 seripturam
1178 909 1252 950 ipse
1279 911 1398 950 postea

49 953 266 997 improbavit.
291 963 322 984 v.
350 961 476 984 comm.
503 951 589 984 infra

48 1137 158 1178 τυχές,
186 1132 258 1177 δ’τῳ
283 1131 450 1176 φρόνησις
475 1150 519 1155 -·
548 1132 687 1172 παρεγέ-

49 1193 137 1213 νετο.
180 1180 285 1214 Quod
311 1189 394 1211 vero
422 1178 584 1219 scriptum
618 1182 686 1210 est:

48 1224 208 1268 ειῖτυχές,
238 1224 308 1266 ὅτῳ
333 1227 556 1266 παρεγένετο,
593 1233 689 1255 more

49 1275 189 1306 Graeco
226 1271 276 1303 sic
303 1270 427 1303 dicitur
453 1280 514 1313 pro
539 1270 688 1311 vulgari:

49 1315 210 1361 εὐτυχές,
240 1318 271 1349 εἴ
299 1329 368 1349 τινι
391 1335 436 1341 --
469 1323 685 1358 παρεγένετο.

50 1365 223 1400 Quocirca
233 1364 401 1396 sententia
413 1363 591 1404 scriptoris
606 1361 689 1394 haec

50 1415 121 1444 est:
140 1409 416 1453 prudentiam
434 1419 539 1441 vero
558 1414 600 1440 et
621 1419 687 1440 re—

48 1461 140 1490 ctas
166 1457 397 1498 opiuiones
413 1455 603 1487 stabiles
630 1457 688 1485 nt—

49 1513 131 1544 que
168 1506 314 1535 certas
358 1502 529 1533 beatum
566 1500 687 1542 quid-

50 1548 143 1581 dam
169 1548 291 1587 dico,
318 1548 352 1580 si
378 1548 445 1579 cui
464 1547 531 1579 vei
554 1556 687 1587 nsque

48 1595 97 1627 nd
129 1597 401 1626 senectutem
436 1598 570 1634 (usque
605 1593 684 1624 dum

49 1640 229 1673 advenerit
273 1638 456 1680 senectus)
493 1638 684 1678 contige-

47 1686 141 1719 rint.
167 1685 272 1720 Quod
287 1689 386 1728 patet
402 1684 466 1717 dici
493 1685 686 1718 rectissime

50 1742 113 1774 pro
145 1732 288 1764 usitato:
329 1731 370 1764 Si
412 1741 513 1763 vero
553 1731 684 1763 alicui

48 1778 178 1811 etiam
205 1778 243 1810 in
259 1782 487 1811 senectute
505 1778 685 1818 prudeu—

49 1823 110 1856 tia
136 1827 179 1856 et
204 1833 330 1856 verae
364 1823 596 1863 opiniones
621 1823 686 1855 ob-

49 1869 250 1911 tigerint‚
285 1869 328 1901 id
367 1869 531 1901 beatum
565 1868 684 1910 quid—

50 1914 140 1947 dam
165 1914 279 1947 dico.
315 1915 367 1946 De
392 1911 432 1949 ὃς
458 1917 493 1946 et
517 1911 613 1951 ὅστις
638 1914 687 1945 sic

51 1971 114 2003 pro
138 1962 169 1992 εἴ
190 1972 245 1996 τις
270 1964 432 2000 usurpato
464 1961 688 2002 exposuimus

49 2006 92 2039 ad
107 2005 281 2040 Phaedon.
300 2017 332 2048 p.
353 2005 408 2040 68.
425 2005 465 2038 Β.
489 2016 566 2048 cap.
584 2006 687 2038 XIII.

48 2053 115 2092 in.;
140 2053 300 2094 exposuit
321 2052 400 2084 item
418 2051 527 2084 S'cha
541 2052 687 2085 eserus

48 2098 94 2130 ad
109 2098 272 2131 Brunckii
288 2099 384 2133 Poet.
404 2098 532 2130 Guom.
557 2108 589 2140 p.
609 2097 684 2132 186.

49 2144 106 2176 ubi
151 2154 214 2176 nee
253 2144 347 2177 huius
401 2144 465 2176 ioci
508 2145 690 2177 immemor

48 2190 124 2222 fuit.
140 2189 262 2224 Addas
276 2201 358 2224 vero
375 2190 406 2222 H
417 2200 479 2223 om
492 2201 510 2222 e
521 2201 545 2223 r.
561 2190 688 2235 Odyss.

49 2236 129 2268 XV.
169 2236 223 2271 72.
263 2237 408 2278 Eurip.
448 2236 612 2270 Androm.
657 2247 688 2269 v.

49 2281 128 2316 189.
151 2282 291 2324 Hippoi.
319 2293 350 2314 v.
375 2281 453 2317 643.
478 2282 583 2315 Here.
603 2282 685 2315 Fur.

49 2327 127 2363 160.
163 2327 291 2361 Electr.
322 2328 401 2363 821.
426 2328 614 2371 Xenoph.
638 2330 684 2361 A.

50 2373 99 2406 11.
125 2372 165 2414 5,
195 2374 251 2408 21.
278 2373 368 2407 Heu.
401 2374 448 2407 11.
483 2375 528 2416 3,
559 2375 614 2410 51.
650 2379 687 2407 nt

51 2419 116 2452 siin
142 2420 329 2453 mittamus.
358 2420 420 2453 His
446 2431 528 2454 vero
553 2423 604 2454 ita
626 2431 684 2453 ex-

52 2465 185 2508 plicatis
217 2466 360 2508 primum
387 2467 523 2508 quidem
560 2468 688 2500 inteili-

51 2514 172 2552 genu,
210 2512 346 2553 opinor,
394 2512 483 2546 saiso
522 2514 686 2546 Astinm

52 2556 132 2588 oiim
153 2554 313 2598 εὐτυχής,
341 2560 527 2592 mascunno
551 2569 688 2602 genere,

22 2627 24 2629 .
51 2604 172 2644 reponi
199 2603 348 2637 iussisse.
372 2604 506 2638 Deinde
529 2615 592 2638 nec
608 2604 689 2638 iilud

54 2647 192 2681 dubium
217 2652 278 2682 aut
302 2650 468 2684 incertum
495 2651 599 2685 videri
629 2662 689 2694 po-

53 2694 149 2734 terit,
192 2695 270 2736 quid
310 2696 529 2730 statuendum
569 2698 613 2731 sit
647 2697 690 2730 de

97 2749 187 2782 Piat.
214 2751 304 2793 Opp.
334 2753 406 2788 voi.
431 2753 474 2786 X.
501 2754 596 2788 Sect.
621 2754 646 2788 1.

756 1134 924 1176 scriptura
949 1136 1132 1175 βεβαιοῦν,
1167 1143 1267 1174 quani
1299 1132 1395 1165 Ste-

757 1179 923 1217 phanus
959 1191 1021 1222 pro
1052 1180 1215 1222 βεβαίους
1257 1179 1398 1211 invexit.

756 1226 929 1266 originem
958 1227 1045 1259 enim
1065 1237 1103 1258 ea
1124 1226 1223 1258 habet
1247 1235 1287 1258 ex
1310 1226 1399 1258 male

756 1272 876 1305 sedula
904 1273 970 1305 ioci
996 1273 1215 1306 correctione
1234 1282 1342 1313 eaque
1356 1270 1398 1303 ad

757 1320 960 1351 sententiam
1009 1329 1124 1359 parum
1160 1321 1252 1360 apta.
1312 1317 1397 1350 Nam

755 1364 904 1405 α’ληθεῖς
939 1363 1042 1400 δόξαι
1076 1363 1211 1408 βέβαιοι
1246 1374 1398 1396 comme-

757 1419 934 1443 morantur
956 1412 1162 1444 rectissime.
1188 1411 1290 1442 sicuti
1309 1410 1399 1443 ¹sim.

756 1467 790 1499 p.
816 1457 873 1491 37.
900 1457 948 1490 B:
982 1456 1082 1494 δόξαι
1113 1456 1169 1488 καὶ
1193 1458 1324 1494 πίστεις
1348 1457 1401 1499 γί-

756 1516 900 1544 γνονται
925 1505 1060 1546 βέβαιοι
1083 1503 1138 1535 καὶ
1152 1502 1308 1544 ἀληθεῖς.
1330 1503 1397 1535 De—

756 1550 858 1590 nique
898 1551 1004 1582 etiam
1034 1554 1160 1591 sponte
1197 1549 1402 1589 intelligitur

755 1606 860 1637 prave
892 1597 996 1636 vnigo
1028 1601 1106 1628 aute
1138 1593 1278 1637 εὐτυχές
1303 1606 1398 1628 com-

755 1647 848 1675 mate
871 1642 1063 1684 interpungi
1090 1642 1216 1682 solere,
1240 1651 1308 1683 quo
1331 1645 1400 1673 tur-

755 1689 855 1720 batur
879 1692 1054 1721 structura
1075 1688 1257 1720 verborum
1277 1690 1395 1720 miser-

755 1735 850 1766 rime.
874 1734 1021 1766 ..Restat
1046 1739 1176 1774 autem,
1205 1738 1244 1766 nt
1268 1735 1310 1765 «ie.
1336 1744 1400 1765 unu

755 1790 793 1813 re
819 1779 927 1813 adhuc
955 1782 1164 1813 monendum
1191 1781 1245 1812 sit.
1296 1780 1399 1815 Quod

756 1827 844 1859 enim
869 1828 1072 1869 παρεγένετο
1098 1826 1254 1869 ponitur,
1279 1836 1399 1858 nume.-

758 1882 815 1904 rus
848 1872 1053 1914 singularis,
1085 1873 1142 1914 qni
1178 1873 1325 1914 pertinet
1358 1874 1399 1904 nd

754 1915 922 1960 φρόνησις
948 1917 1005 1949 καὶ
1029 1917 1179 1959 ἀληθεῖς
1210 1916 1328 1957 δόξαι,
1368 1918 1400 1949 id

755 1964 855 1995 facite
873 1964 1022 2005 aiiquem
1047 1968 1210 1995 moretur.
1234 1965 1286 1995 At
1301 1964 1400 1996 nimi—

755 2018 828 2041 rum
855 2009 996 2041 verbum
1028 2009 1230 2051 praedicato
1261 2008 1403 2051 εὐτυχές

755 2054 1058 2088 accommodatum
1071 2054 1399 2095 videt=1r‚usuhaud-

755 2110 923 2142 quaquam
951 2110 1043 2133 raro.
1071 2101 1175 2136 Quod
1202 2102 1229 2133 si
1256 2103 1308 2134 cui
1335 2103 1399 2134 mi-

758 2156 822 2179 nus
849 2147 1026 2188 probetur,
1052 2152 1146 2180 certe
1171 2147 1333 2189 quidquid
1349 2153 1402 2181 est

758 2194 909 2236 scrupuu
929 2195 1099 2233 eximent,
1123 2203 1212 2235 quae
1232 2194 1273 2226 nd
1289 2194 1400 2226 Phae.-

757 2239 838 2271 don.
865 2251 897 2282 p.
925 2238 978 2273 62.
1007 2239 1048 2274 D.
1067 2239 1230 2283 Sympos-
1260 2251 1292 2282 p.
1319 2239 1398 2275 188.

758 2285 799 2317 B.
830 2290 865 2318 et
889 2285 982 2317 Ibid.
1018 2295 1050 2327 p.
1076 2285 1155 2320 190.
1191 2286 1230 2318 C.
1263 2287 1306 2319 de
1335 2297 1399 2319 uu-

757 2341 855 2363 mero
888 2331 983 2364 verbi
1025 2332 1185 2373 singulari
1217 2342 1293 2365 cum
1326 2334 1399 2375 piu-

753 2377 825 2410 raiii
860 2377 1033 2411 nominum
1067 2379 1268 2411 consociato
1296 2389 1402 2422 expo-

759 2433 895 2456 sumus.
949 2422 1112 2457 Ceterum
1154 2423 1316 2457 Cicero
1344 2425 1401 2458 De

758 2469 832 2501 Fin.
860 2471 904 2502 V.
931 2469 987 2503 21.
1020 2481 1053 2512 p.
1085 2469 1165 2505 433.
1208 2465 1262 2503 ed.
1295 2470 1400 2504 Rath.

760 2516 872 2549 iocum
909 2515 1151 2557 interpretatur
1185 2515 1250 2550 hoc
1274 2517 1399 2550 modo:

758 2560 951 2602 Beatum,
991 2562 1056 2594 cui
1091 2563 1225 2596 etiam
1261 2563 1302 2595 iu
1337 2575 1397 2596 se-

758 2611 945 2640 nectute
972 2609 1235 2650 contigerit,
1268 2614 1314 2641 ut
1339 2620 1398 2641 sa—

759 2654 973 2696 pientiam
990 2665 1214 2697 verasque
1230 2656 1399 2697 opinio-

759 2710 832 2733 nes
857 2701 1049 2742 assequi
1076 2702 1237 2742 possit.

1072 2758 1127 2799 10
