1612 2872
239 73 425 117 XXXII.
716 73 1079 116 PRAEFATIO.

240 186 325 227 tius
362 183 556 226 excussis
594 183 850 226 intellexisse
886 185 1093 226 videmur.
1160 187 1269 228 Nam
1306 188 1363 230 ibi
1403 188 1445 229 in
1476 188 1561 230 fine

239 239 530 297 responsionis
568 254 654 280 non
686 240 963 282 rarolittera
998 241 1138 283 finalis
1169 243 1367 297 ponitur,
1400 244 1472 285 ubi
1503 243 1562 284 al-

240 303 306 339 ter
323 297 556 338 orationem
583 310 703 336 suam
735 310 761 336 a
790 310 980 338 consona
1008 297 1148 338 littera
1176 298 1405 341 exorditur.
1464 298 1563 351 Qua

241 368 286 395 re
306 351 602 393 animadversa
618 365 695 391 nos
715 351 886 405 quidem
911 367 997 393 non
1019 352 1307 396 dubitavimus
1329 361 1562 409 praeeunte

238 408 488 450 Bekkero
526 406 848 461 responsionum
878 407 1095 462 clausulis,
1131 409 1374 465 ubicunque
1414 410 1459 451 id
1489 426 1561 452 co-

240 464 356 505 dices
403 461 652 514 suaderent,
694 466 729 506 35
768 463 893 504 etiam
937 472 1035 505 ante
1085 479 1294 507 consonas
1345 467 1563 521 sequentis

240 518 443 561 orationis
474 517 671 559 adiicere.
730 517 1000 574 Quamquam
1025 520 1107 561 hoc
1136 536 1306 574 quoque
1337 522 1379 562 in
1408 536 1563 578 genere

239 581 360 616 tanta
387 580 539 629 regnat
566 574 610 614 in
640 574 861 616 codicibus
893 590 992 617 mss.
1034 577 1216 618 varietas
1247 584 1290 618 et
1318 578 1564 619 inconstan-

239 631 323 683 tia,
365 631 413 670 ut
443 630 548 671 certi
578 630 811 685 quidquam
840 632 1101 673 constituere
1131 633 1240 674 velle
1268 648 1403 688 paene
1431 641 1563 675 teme-

239 687 397 728 rarium
436 685 644 729 videatur.
711 686 826 727 Illud
865 702 994 728 unum
1034 688 1166 743 igitur
1205 688 1258 729 de
1296 689 1378 730 hac
1417 705 1462 730 re
1500 699 1563 730 te-

239 747 386 784 nuisse
414 741 593 794 iuvabit,
625 742 740 796 quod
767 757 868 784 sane
900 743 1196 785 observatione
1226 759 1310 785 non
1340 744 1563 801 indignum

239 798 434 850 videtur,
484 798 610 838 etiam
648 799 689 839 in
727 799 894 840 vicibus
933 814 1174 841 sermonum
1214 800 1385 841 codices
1415 815 1562 842 manu-

240 855 424 911 scriptos
451 854 642 895 ultimam
674 854 878 910 syllabam
910 870 1056 895 eorum
1085 856 1415 909 vocabulorum,
1455 871 1564 911 quae

241 912 292 953 τό
329 913 381 952 νῦ
412 910 723 963 ὲφελκυστικόν
753 911 916 963 ferunt,
950 911 1132 952 litteram
1163 913 1287 952 istam
1314 912 1564 966 plerumque

241 966 472 1022 aspernari,
503 965 640 1007 sicubi
670 965 730 1006 ita
760 966 834 1019 fit,
874 973 923 1007 ut
964 967 1136 1008 alterius
1167 967 1438 1009 collocutoris
1470 982 1565 1009 ora—

239 1023 302 1064 tio
331 1037 356 1063 a
383 1021 526 1062 littera
555 1036 746 1063 consona
774 1021 1035 1076 exordiatur,
1066 1037 1152 1064 non
1170 1038 1264 1065 raro
1294 1029 1434 1065 tamen
1464 1039 1564 1065 ean-

241 1078 338 1120 dem
367 1077 620 1119 adsciscere.

353 1133 441 1176 Sed
485 1134 589 1175 satis
638 1131 743 1175 haec
783 1131 835 1174 de
874 1132 1015 1174 littera
1050 1133 1099 1183 ἦ
1146 1132 1404 1175 videbantur
1452 1134 1566 1176 enim

241 1191 311 1232 hic
349 1189 578 1232 acervatim
625 1188 841 1231 afferenda
893 1203 1015 1242 esse,
1058 1204 1169 1243 quae
1217 1189 1419 1231 vitandae
1475 1206 1565 1232 mo·-

241 1247 376 1288 lestae
459 1245 726 1301 repetitionis
797 1259 948 1287 caussa
1021 1245 1181 1287 criticis
1253 1246 1565 1287 commentariis

241 1301 486 1359 singulatim
517 1308 559 1342 et
603 1301 732 1343 variis
776 1301 882 1343 locis
911 1301 1163 1342 interserere
1192 1301 1415 1344 noluimus.
1474 1301 1565 1342 Iam

240 1373 342 1400 vero
372 1357 424 1399 de
453 1357 616 1412 reliqua
656 1356 962 1412 orthographia
1001 1357 1304 1398 vocabulorum
1335 1357 1438 1411 quid
1469 1373 1567 1399 sen-

241 1415 421 1467 tiamus,
462 1428 659 1469 magnam
689 1423 851 1469 partem
881 1412 1189 1454 declaravimus
1217 1413 1261 1454 in
1295 1413 1480 1454 Praefat.
1511 1412 1567 1454 ad

242 1470 342 1512 edit.
364 1469 404 1511 O
424 1485 451 1525 p
472 1485 511 1524 p.
556 1470 590 1509 Ρ
611 1469 626 1509 l
645 1484 670 1509 a
690 1476 708 1510 t
727 1485 752 1511 o
773 1484 812 1509 n.
843 1468 980 1509 forma
1010 1474 1203 1522 quatern.
1243 1468 1358 1524 apud
1397 1468 1566 1509 Tauch-

240 1526 418 1568 nitzium
460 1525 730 1580 Lipsiensem
766 1526 871 1566 1850
900 1526 1055 1566 factam
1085 1540 1125 1580 p.
1157 1524 1212 1566 V.
1243 1531 1286 1565 et
1313 1524 1357 1565 in
1386 1526 1565 1580 Appen-

241 1581 336 1624 dice
374 1596 510 1636 nuper
547 1581 738 1623 secundo
768 1580 948 1622 Politiae
976 1580 1179 1622 volumini
1209 1580 1415 1633 subiecta,
1456 1595 1566 1634 quae

241 1637 311 1679 hic
347 1644 540 1692 repetere
576 1636 787 1678 nolumus.
855 1635 1114 1691 Scripsimus
1154 1636 1284 1692 igitur
1321 1651 1488 1691 semper
1524 1642 1568 1677 et

240 1694 401 1747 ubique
439 1693 637 1744 ἀνδρείας
680 1691 928 1748 scripsimus
967 1693 1070 1733 item
1109 1692 1320 1733 secundas
1359 1707 1565 1746 personas

242 1749 402 1806 passivi
440 1755 483 1790 et
519 1747 648 1790 medii
686 1748 914 1804 singularis
955 1748 1117 1789 numeri
1153 1747 1313 1801 ubique
1344 1748 1389 1788 in
1417 1750 1453 1791 ἷι
1480 1754 1565 1788 ter-

241 1807 448 1857 minata83
494 1803 736 1846 addidimus
779 1819 906 1859 porro
946 1804 1034 1845 iota
1072 1803 1123 1844 iis
1169 1803 1405 1856 adverbiis,
1456 1818 1566 1857 quae

243 1868 345 1904 sunt
382 1866 678 1915 ὄοτικιιφανης
709 1860 927 1902 omisimus
957 1866 1114 1901 contra.
1135 1859 1247 1900 idem
1272 1859 1369 1900 ,iota
1397 1860 1440 1900 in
1469 1859 1565 1899 infi-

241 1918 387 1960 nitivis
427 1917 592 1974 syllaba
629 1918 683 1957 ἇν
719 1916 977 1965 terminatis3
1009 1922 1053 1956 et
1082 1930 1190 1969 quae
1221 1915 1303 1956 alia
1332 1915 1390 1956 ibi
1421 1915 1564 1968 attigi-

241 1989 348 2016 mus.
384 1974 534 2016 Unum
565 1978 705 2013 tamen
735 1972 816 2013 hoc
855 1971 949 2013 loco
980 1978 1202 2027 praeterea
1232 1971 1441 2024 attingere
1473 1971 1564 2024 pla-

243 2035 333 2083 cet,
375 2029 556 2071 dicimus
596 2028 849 2083 scripturam
896 2043 988 2070 voc.
1028 2026 1227 2081 ὠφέλεια.
1302 2026 1409 2066 Eam
1451 2027 1564 2066 enim

241 2086 328 2127 fuit*
363 2085 436 2140 qui
482 2099 620 2140 nuper
664 2084 707 2125 in
755 2083 946 2138 Legibus
999 2083 1158 2137 ubique
1205 2088 1472 2123 converteret
1519 2082 1563 2122 in

243 2140 422 2195 ὠφελία,
453 2155 538 2195 qua
559 2141 695 2181 forma
722 2139 896 2181 Ionicae
926 2138 1102 2193 originis
1132 2137 1357 2191 aliquoties
1377 2153 1478 2179 usus
1500 2143 1565 2179 est

242 2195 601 2252 Thucydides
633 2196 687 2250 (1.
722 2198 762 2248 3,
797 2197 834 2237 2.
863 2194 898 2236 Ι.
929 2194 1014 2247 26.)
1045 2194 1098 2235 V.
1130 2195 1197 2246 38,
1231 2195 1268 2234 ⁶2.
1304 2194 1374 2235 VI.
1399 2196 1463 2236 13.
1497 2195 1562 2235 73.

242 2252 296 2294 al.
320 2251 555 2294 usus⁵item
588 2250 887 2307 Euripides
916 2257 983 2292 est
1006 2249 1214 2290 Androm.
1246 2264 1284 2291 V.
1307 2251 1400 2291 539.
1433 2264 1563 2302 quum

241 2307 409 2350 interim
438 2308 510 2349 alii
537 2308 676 2347 forma
703 2308 890 2364 ὠφέλεια
918 2311 1107 2358 utantur,
1137 2311 1186 2345 ut
1219 2305 1363 2357 Plato,
1397 2304 1562 2360 Sopho-

241 2364 344 2417 cles,
390 2362 719 2418 Aristophanes.
795 2362 897 2405 Nec¹
936 2376 1036 2403 vero
1092 2366 1292 2415 putamus
1342 2361 1563 2402 Platonem

241 2434 423 2474 usquam
451 2420 496 2461 in
514 2418 705 2474 Legibus
736 2418 900 2474 ὠφελία
929 2417 1166 2472 scripsisse,
1199 2417 1268 2457 cui
1299 2417 1457 2458 formae
1485 2431 1563 2458 nec

242 2476 440 2518 meliores
486 2489 656 2528 semper
712 2488 793 2515 nec
847 2473 997 2515 multi·
1026 2471 1198 2514 codices
1258 2472 1396 2524 suffra,
1421 2478 1562 2513 antur.

242 2531 374 2575 Nam
406 2531 528 2573 Libr.
567 2530 604 2572 I.
643 2545 684 2584 p.
724 2530 822 2571 646.
860 2530 918 2571 1).
955 2528 1062 2570 falso
1091 2533 1236 2569 narrat
1274 2528 1386 2569 Bek
1437 2542 1562 2568 erus

242 2587 359 2636 νει).-
395 2586 443 2631 Ξ.
463 2592 529 2628 <et
554 2586 656 2627 Van
686 2585 740 2626 Ω.
770 2583 961 2641 ὠφελίαν
989 2583 1195 2638 scriptum
1225 2582 1402 2635 habere,
1432 2583 1563 2636 siqui-
