1612 2872
225 98 307 141 ³344
712 95 1083 145 PLATO-NIS

227 214 314 262 ὁεὶς
343 202 597 268 Ἐρετριέων
633 208 772 253 αὑτὸν
805 209 1120 267 ἀποπεφευγὼς
1158 211 1247 262 εἰἠ·
1281 210 1559 270 ξυνοὶψαντες

227 277 315 332 γάρ
360 274 449 332 ἄρα
499 274 579 325 τὰς
617 283 765 331 χεῖρας
800 275 1110 328 σαγηνεύσαιεν
1153 279 1301 318 πᾶσαν
1336 277 1417 328 τὴν
1448 277 1558 331 Ἐρε-

226 342 379 396 τρικὴν
415 345 455 383 οἱ
493 344 776 397 στριατιῶται
810 343 888 383 τοῦ
923 340 1121 390 Δάτιδος.
1157 341 1180 384 ὁ
1216 339 1266 394 δὴ
1300 342 1441 394 λόγος,
1477 342 1559 384 εἴτε

226 406 406 458 ἀληθὴς
440 406 520 448 εἴτε
553 409 624 448 καὶ
666 405 752 465 ὅπῃ
789 405 997 462 ἀφίκετο,
1046 405 1152 456 τούς
1194 423 1237 449 τε
1279 406 1438 456 ἄλλους
1462 405 1559 448 ’Έλ-

227 477 362 523 ληνας
389 474 459 513 καὶ
483 470 534 522 δὴ
568 474 641 514 καὶ
671 471 942 523 Ἀθηναίους
976 472 1208 527 ἐξέπληττες,
1251 475 1321 515 καὶ
1358 475 1560 527 πρεσβευ-

232 542 404 591 ομένοις
439 536 589 588 αὐτοῖς
627 535 874 594 πανταχόσε
907 539 1098 591 βοηθεῖν
1125 537 1264 587 οὐδεὶς
1285 538 1418 589 ἤθελε
1448 537 1560 589 πλήν

232 619 277 656 γε
313 606 693 655 Λακεδαιμονίων·
731 597 857 646 οὗτοι
892 605 935 644 δὲ
970 601 1066 645 ὑπό,
1094 620 1137 645 τε
1173 606 1249 645 τοῦ
1286 603 1396 658 πρὸς
1434 605 1559 644 Into·-

228 669 367 721 σήνην
387 666 517 718 ὄντος
553 667 649 711 τότε
674 671 861 723 πολέμου
886 671 956 710 καὶ
989 673 1023 711 εὶ
1045 668 1096 720 δή
1119 686 1158 710 τι
1193 668 1417 712 διεκώλυεν
1453 666 1561 710 ἄλλο

229 733 406 784 αὐτούς,
443 731 495 777 οὐ
530 732 615 790 γὰρ
651 734 770 789 ἴσμεν
801 733 1049 789 λεγόμενον,
1085 733 1262 791 ὕστεροι
1283 733 1314 776 δ’
1342 727 1421 778 οὗν
1456 733 1558 790 άφί·

229 816 360 844 κοντο
398 802 475 851 τῆς
509 805 553 843 ἐν
591 802 857 857 Μαραθῶνι
877 798 1017 855 μάχης
1047 806 1277 856 γενομένης
1297 802 1377 856 μιᾷ
1410 798 1562 854 ἡμέρᾳ.

325 948 343 981 ὁ
377 948 424 991 δή
450 948 524 990 λόγ
563 927 602 990 ὲ]
643 948 868 981 scribebatur
892 948 934 987 δέ,
961 949 1051 991 quod
1078 946 1213 992 praeter
1237 951 1320 982 Ven.
1350 950 1387 984 Ξ.
1414 953 1449 982 et
1469 949 1561 981 Flor.

231 995 273 1083 ἐξ]
289 997 456 1092 οὲόῖιιὶιὲυε
482 1005 522 1027 co
551 995 697 1026 .habet.
727 994 941 1027 Hermannus
973 995 1016 1027 de
1046 996 1243 1047 coniectura
1273 1005 1332 1027 sua
1357 995 1494 1038 scripsit
1523 992 1564 1026 ὃς

323 1087 362 1117 Ε.
389 1082 564 1125 ὕστεροι
589 1079 628 1114 δ’
653 1077 759 1125 οὑν]
786 1085 830 1117 V.
854 1082 1009 1126 ὕστερον,
1035 1083 1127 1126 quod
1154 1095 1195 1117 ex
1221 1084 1298 1117 Par.
1316 1086 1353 1117 A.
1368 1095 1401 1117 x.
1426 1090 1560 1118 etcorr.

237 1129 275 1163 Ω.
304 1131 523 1163 mutavimus.
550 1127 706 1160 Schneid
740 1134 852 1166 tanum
878 1127 1022 1173 ὕστερον
1046 1131 1206 1162 servavit.
1243 1130 1329 1163 Dein
1354 1132 1474 1173 vulgo:
1500 1142 1562 1163 πα-

230 1241 386 1271 narratur
410 1236 489 1269 Men
514 1248 546 1271 x.
557 1249 608 1294 p.
625 1238 703 1272 240.
725 1239 769 1271 B:
789 1242 864 1273 Δᾶ-

231 1295 281 1315 τιν
306 1281 343 1313 δὲ
366 1280 488 1324 ἄρχοντ
535 1279 627 1314 εἶπεν
652 1295 746 1323 ηκειν
761 1284 864 1328 ἄγον-

232 1340 271 1360 τα
295 1324 482 1369 Ἐρετριέας
505 1329 559 1360 καὶ
583 1326 810 1370 Ἀθηναίους,
835 1332 870 1364 εἰ

232 1373 396 1414 βούλοιτο
437 1371 496 1414 τὴν
537 1373 664 1406 ἑαυτοῦ
714 1375 865 1417 κεφαλήν

231 1422 325 1459 ἔχειν.
354 1418 562 1451 Herodot.
590 1422 609 1452 Ι.
636 1430 664 1452 c.
720 1420 863 1454 ἐντειλά-

232 1471 338 1506 μενος
379 1461 411 1494 δὲ
447 1460 618 1503 ἀπέπεμπε
655 1463 863 1508 ἐξανδραπο-

235 1509 393 1541 δίσαιτας
434 1505 585 1550 Ἀθήνας
611 1511 664 1541 καὶ
694 1510 867 1554 Ἐρέτριαν

233 1553 330 1596 οἴγειν
353 1553 471 1596 ἑωῦτῷ
495 1553 530 1586 ἐς
556 1553 638 1594 ὄψιν
655 1552 864 1598 ἀνδράποδα.

929 1241 971 1274 ad
999 1240 1126 1276 Pliileb.
1159 1251 1192 1282 p.
1223 1240 1278 1274 58.
1313 1239 1354 1271 Β.
1405 1238 1474 1271 Pro
1498 1236 1562 1280 γὰρ

928 1286 970 1329 ἄρ
974 1298 994 1318 α
1011 1283 1464 1326 HeindorfiusSpecim.
1475 1284 1561 1316 Crit.

930 1343 963 1374 p
996 1331 1050 1365 32
1094 1331 1276 1372 legendum
1315 1329 1456 1372 putabat
1498 1326 1562 1371 γὰρ

929 1375 1005 1417 ἅμα,
1037 1376 1243 1408 assentiente
1277 1373 1500 1407 Boeckhio
1530 1385 1562 1415 p.

929 1422 1006 1456 193.
1058 1421 1127 1454 Sed
1165 1422 1239 1461 ipse
1271 1421 1321 1452 vir
1342 1419 1563 1451 doctissimus

931 1471 1051 1508 postea
1092 1466 1295 1498 sententiam
1330 1474 1426 1496 suam
1463 1473 1563 1505 repu-

934 1512 1042 1543 diavit
1079 1514 1194 1543 annot.
1235 1511 1279 1542 ad
1317 1511 1498 1549 Protagor.
1531 1519 1563 1549 p.

932 1556 1010 1590 484.
1036 1566 1080 1586 ·-·-.·
1107 1566 1140 1597 p.
1166 1555 1245 1589 315.
1274 1556 1313 1586 D.
1341 1555 1397 1586 ubi
1415 1553 1478 1596 γὰρ
1497 1552 1565 1595 ἄρα

235 1599 402 1632 conferas
442 1600 543 1632 etiam
582 1600 791 1635 Herodot.
827 1603 864 1634 V.

231 1655 261 1676 c.
291 1645 346 1677 99.
384 1645 440 1676 ubi
473 1645 594 1676 Darius
631 1645 750 1678 dicitur
782 1647 866 1679 Ere·

229 1689 413 1722 triensibus
445 1693 481 1720 et
506 1688 771 1723 Atheniensibus
795 1703 865 1724 ma·

229 1735 321 1767 xime
366 1733 472 1765 fuisse
508 1733 613 1765 iratus
650 1734 749 1776 ideo,
788 1737 864 1778 quia

231 1779 462 1818 Aristagoram
502 1778 691 1819 Milesium,
727 1782 867 1814 molien—

229 1832 298 1855 tem
325 1822 490 1855 adversus
507 1823 633 1854 Persas
649 1825 864 1870 seditionem,

229 1869 351 1909 opibus
389 1869 460 1898 suis
489 1867 710 1901 adiuvissent.
760 1871 867 1903 Prae-

231 1918 327 1946 terea
353 1912 647 1946 animadversione
662 1914 797 1956 dignum
814 1920 867 1953 est

231 1956 586 1998 anacoluthon,an
626 1963 704 2000 post
740 1962 865 2001 geniti-

230 2013 309 2035 vum
345 2002 542 2042 πέμψαντος
573 2003 730 2046 Δαρείου
768 2006 865 2038 dein-

231 2059 315 2090 ceps
356 2049 510 2087 positus
539 2052 594 2081 est
638 2051 864 2084 nominativus

230 2091 388 2125 θανατὸν
412 2089 504 2136 αυτῷ
529 2093 758 2135 προειπών.
802 2095 862 2137 Ni·

229 2140 352 2171 mirum
365 2139 591 2171 nominativus
602 2140 771 2182 participii
781 2134 863 2173 sub-

228 2185 361 2215 iunctus
377 2187 429 2215 est
452 2194 511 2225 per
529 2185 663 2227 synesin
681 2186 862 2227 quendam,

228 2228 499 2270 quandoquidem
549 2230 695 2270 scriptor
735 2232 862 2263 oratio·

227 2283 303 2305 nem
331 2273 470 2314 perinde
496 2274 739 2315 conformavit,
762 2286 802 2307 ac
833 2276 861 2307 si

228 2322 465 2358 antegressum
507 2323 617 2351 esset:
655 2318 695 2351 ὃν
740 2321 863 2361 ἔπεμψε

226 2363 377 2404 Δαρεῖος
403 2360 591 2416 διαρῥίδην
619 2366 686 2397 κτλ.

271 2408 311 2439 1).
348 2406 625 2447 ξυνάψαντες
663 2408 743 2452 γὰρ
781 2408 866 2453 ἄρα

226 2463 251 2483 τ.
275 2463 304 2492 χ
337 2452 731 2497 σαγηνεύσαιεν-]
754 2456 867 2498 Opta-

227 2498 316 2529 tivus
346 2499 380 2529 in
405 2500 559 2534 oratione
575 2501 710 2540 obliqua
728 2511 867 2541 praece-

226 2541 327 2575 dente
363 2541 419 2574 ὅ’τι
451 2548 484 2574 et
515 2541 560 2574 ὥς
590 2555 663 2576 cum
700 2546 805 2577 verbo
829 2546 867 2577 fi-

226 2589 297 2619 nito
335 2588 389 2620 vel
424 2588 620 2620 accusativo
654 2599 727 2622 cum
759 2591 866 2622 intini-

226 2633 296 2664 tivo
330 2635 478 2665 nou-ita
509 2643 602 2665 rarus
635 2639 698 2665 est.
750 2636 867 2666 Genus

226 2676 419 2711 suin-turne
458 2678 582 2710 affatim
623 2679 866 2713 illustravimus

932 1602 980 1634 ita
1016 1601 1170 1641 usurpari
1209 1602 1321 1632 solere
1357 1600 1471 1630 multis
1515 1599 1563 1630 rei

933 1645 1099 1685 exemplis
1130 1646 1160 1676 in
1187 1645 1334 1677 medium
1365 1645 1474 1675 allatis
1503 1643 1562 1675 de-

933 1690 1145 1722 monstravit.
1170 1690 1257 1723 conf.
1278 1689 1484 1721 Matthiae
1501 1689 1562 1719 Gr.
1588 1713 1595 1718 .

932 1735 963 1776 ξ.
989 1735 1067 1769 614.
1094 1734 1182 1766 Rem
1207 1735 1314 1778 ipsam
1345 1737 1479 1765 narrant
1505 1744 1563 1766 eo-

935 1781 1012 1812 dem
1053 1779 1155 1812 modo
1193 1780 1316 1812 Plato
1358 1778 1492 1810 Menex.
1531 1790 1563 1817 p.

934 1826 1012 1858 240.
1052 1823 1139 1857 B.O.
1179 1827 1215 1856 et
1258 1822 1468 1856 Herodot.
1496 1823 1565 1854 111.

937 1870 1013 1905 149.
1037 1869 1092 1911 qui
1117 1869 1220 1901 etiam
1241 1870 1344 1901 verbo
1367 1866 1566 1910 σαγηνεύειν

933 1916 1056 1954 utitur,
1088 1914 1180 1955 quod
1213 1919 1282 1946 est:
1313 1919 1502 1954 tanquam
1529 1924 1565 1945 e-

933 1960 1155 1992 verriculo
1185 1969 1348 2000 capere
1372 1965 1425 1990 ·et
1449 1957 1564 1990 cohi-

933 2006 1046 2037 bere.
1085 2014 1116 2035 v.
1142 2005 1342 2037 Valcken.
1372 2003 1413 2035 ad
1450 2003 1563 2035 Hero-

933 2051 1005 2082 doti
1046 2050 1067 2081 l.
1094 2059 1124 2080 c.
1161 2049 1279 2082 Latius
1311 2047 1397 2080 hunc
1433 2057 1563 2080 morem

933 2096 1117 2127 Persarum
1151 2104 1274 2136 parens
1312 2092 1471 2124 historiae
1505 2092 1563 2126 de-

931 2140 1049 2173 scribit
1068 2139 1151 2171 libro
1172 2139 1224 2170 Vl.
1241 2149 1269 2172 o.
1290 2137 1358 2177 31„
1385 2138 1439 2168 ubi
1454 2137 1566 2169 Wes-

930 2185 1149 2223 selingius
1165 2184 1327 2222 ostendit,
1353 2193 1450 2214 usum
1470 2184 1563 2215 verbi

931 2226 1130 2271 σαγηνεύειν
1162 2228 1249 2265 apud
1284 2228 1468 2269 scriptores
1502 2238 1565 2269 po-

931 2275 1086 2308 sterioris
1123 2275 1265 2313 aetatis,
1306 2273 1460 2305 Platonis
1494 2275 1564 2304 ele·

929 2319 1078 2359 gantiam
1111 2319 1338 2355 aemulantes,
1372 2317 1563 2358 ffibanium,

929 2366 1176 2403 Polemonem,
1227 2363 1440 2402 ulmetium,
1488 2373 1566 2394 esse

931 2409 1241 2450 frequentissimum
1281 2413 1315 2440 et
1347 2418 1428 2439 vero
1461 2408 1564 2439 etiam

933 2455 965 2487 in
989 2464 1025 2486 re
1053 2453 1242 2486 Christiana
1267 2464 1285 2485 a
1310 2452 1478 2493 Gregorio
1496 2452 1563 2484 Na-

935 2500 1113 2540 zianzeuo‚
1128 2499 1176 2531 lo.
1198 2498 1456 2541 chrysostomo,
1474 2497 1562 2529 Pro-

934 2545 1009 2583 clo,
1047 2545 1138 2584 aliis,
1168 2544 1210 2576 ad
1241 2546 1362 2584 gentes
1387 2542 1563 2583 Evangelii

934 2589 1086 2621 doctrina
1120 2594 1279 2630 tanquam
1304 2592 1423 2629 captas
1447 2585 1562 2618 tradu-

935 2638 1035 2667 etum.

981 2677 998 2710 ὅ
1019 2677 1062 2717 δὴ
1083 2676 1210 2720 λόγος
1227 2678 1307 2709 εἴτε
1329 2672 1562 2721 α’ληθής-]
