1612 2872
249 104 385 146 LXII
669 99 1150 143 PROLEGOMENA

246 213 347 255 boni
388 212 576 267 speciem
617 218 660 252 et
699 211 918 265 exemplar
957 211 1151 252 omnibus
1181 211 1375 266 partibus
1405 210 1576 253 absolu-

246 275 333 310 tam
365 267 689 309 admirarentur.
747 266 891 307 Aliter
926 280 1030 307 vero
1061 266 1236 307 alteram
1267 267 1482 308 civitatem
1510 267 1575 307 iu-

247 324 407 365 dicavit
454 320 799 363 constituendam
839 336 949 374 esse,
991 335 1118 375 quam
1156 336 1252 376 pro
1282 337 1447 363 rerum
1476 321 1577 363 hu-

246 393 516 421 manarum
560 378 781 418 fortuna
820 385 862 418 et
893 376 1144 430 condicione
1173 377 1310 418 voluit
1339 393 1433 420 esse
1464 378 1577 432 opti-

244 439 370 476 inam.
410 434 536 475 Hanc
567 432 677 481 enim
699 432 833 487 ipsius
856 433 970 473 vitae
994 432 1163 473 veritati
1192 438 1396 486 tanquam
1426 432 1578 474 funda-

245 495 389 531 mento
419 488 589 529 cuidam
621 489 921 543 superstruxit,
953 488 1013 528 ita
1038 487 1223 542 quidem,
1256 494 1304 529 ut
1333 488 1450 543 optio
1480 487 1579 528 data

246 551 362 586 esset
401 544 586 597 optimae
625 558 766 584 rerum
804 543 1092 596 conditionis,
1136 544 1274 597 qualis
1323 543 1578 585 mortalibus

248 599 499 654 contingere
539 613 668 653 posse
708 599 937 640 videretur.
1005 597 1158 652 Itaque
1194 599 1378 653 primum
1409 598 1580 653 quidem

247 655 527 711 magistratus
563 654 845 711 philosophos
889 654 959 695 hic
997 654 1137 696 nullos
1176 654 1365 709 induxit,
1415 654 1578 708 quippe

246 725 354 765 quos
398 709 565 752 videret
602 725 690 751 non
734 709 859 751 aliter
897 710 981 751 nisi
1019 709 1233 752 rarissime
1263 724 1327 761 ‚ac
1373 709 1581 765 singulari

247 765 435 820 quodam
496 765 684 807 numinis
741 765 875 807 divini
923 765 1131 807 beneficio
1181 779 1310 820 posse
1359 765 1579 806 exsistere.

247 821 417 863 Deinde
447 821 650 862 instituta
678 821 850 876 publica
879 821 1021 862 omnia
1050 821 1225 876 propius
1266 820 1321 862 ad
1350 821 1488 875 ipsam
1516 820 1580 860 vi-

246 884 317 919 tae
356 877 579 918 veritatem
618 876 919 931 attemperavit
955 876 1139 930 ideoque
1178 875 1424 932 diligentius
1466 890 1580 917 com-

247 933 418 989 paravit
447 931 502 972 ad
532 946 679 973 eorum
709 931 1046 985 similitudinem,
1072 946 1181 986 quae
1210 932 1254 972 in
1283 932 1448 986 patriae
1479 945 1582 972 suae

247 988 377 1030 rebus
414 987 599 1042 publicis
639 993 683 1028 et
719 988 815 1028 aliis
855 988 1104 1029 civitatibus
1143 985 1322 1029 Graecis
1360 997 1581 1043 praestan-

248 1044 413 1089 tissima
450 1043 723 1084 haberentur.
797 1042 920 1084 Haec
958 1043 1069 1084 enim
1118 1057 1375 1097 quamquam
1423 1056 1502 1084 nec
1538 1042 1583 1083 in

249 1100 450 1141 absoluta
486 1098 562 1139 illa
598 1097 822 1153 republica
856 1098 1071 1154 neglexit,
1112 1104 1254 1139 tamen
1290 1099 1337 1139 in
1376 1098 1459 1140 ista
1488 1098 1582 1151 qui-

249 1155 347 1197 dem
386 1153 442 1196 ad
480 1153 669 1210 speciem
711 1168 899 1195 summae
939 1154 1241 1209 perfectionis,
1283 1168 1410 1208 quam
1441 1153 1582 1195 animo

250 1216 534 1265 conceperat,
578 1209 753 1251 liberius
793 1209 956 1251 inflexit
983 1215 1112 1264 atque
1141 1210 1336 1263 mutavit,
1367 1208 1583 1250 hominum

238 1281 414 1318 xmorem
444 1271 488 1306 et
517 1264 869 1307 consuetudinem
899 1280 986 1306 non
1017 1264 1190 1319 quidem
1217 1265 1466 1321 negligens,
1508 1264 1584 1306 sed

249 1330 392 1364 tamen
419 1336 498 1375 pro
537 1321 707 1362 consilii
745 1321 811 1362 sui
840 1321 1006 1362 ratione
1034 1321 1173 1362 minus
1201 1334 1379 1371 curans;
1418 1320 1462 1360 in
1501 1319 1584 1361 hac

251 1383 394 1420 autem
431 1377 494 1418 ita
529 1376 669 1418 tenuit
707 1390 758 1417 ac
795 1376 1007 1432 respexit,
1045 1382 1096 1417 ut
1132 1390 1182 1417 ea
1217 1375 1272 1417 ad
1300 1376 1439 1430 ipsius
1469 1376 1584 1417 vitae

251 1448 378 1476 usum
408 1438 451 1474 et
480 1431 835 1474 consuetudinem
859 1431 1178 1474 accommodate
1200 1431 1460 1484 emendaret,
1490 1445 1585 1487 per·

253 1490 402 1531 ficeret
430 1494 473 1530 et
501 1487 556 1528 ad
587 1488 864 1543 perfectionis
894 1502 1022 1542 quam
1051 1487 1259 1528 maximae
1286 1486 1458 1528 laudem
1486 1501 1585 1542 pro—

252 1545 439 1587 veheret.
496 1542 768 1597 Quamquam
805 1558 886 1585 nec
923 1543 968 1584 in
996 1543 1077 1585 hac
1108 1542 1242 1584 altera
1270 1542 1491 1598 republica
1518 1556 1585 1584 re-

252 1601 356 1643 iecit
393 1605 466 1641 aut
504 1598 749 1654 repudiavit
789 1613 860 1651 ea,
893 1613 1004 1653 quae
1033 1599 1077 1640 in
1139 1598 1246 1639 rima
1275 1598 1447 1640 civitate
1477 1603 1584 1639 tam-

256 1671 383 1711 quam
425 1655 589 1709 optima
626 1655 874 1710 probasset,
927 1653 1005 1696 sed
1041 1613 1191 1695 eadem
1232 1654 1338 1707 ista,
1381 1659 1586 1708 quantum

256 1710 430 1766 quidem
472 1711 562 1751 vita
600 1710 835 1751 communis
877 1710 922 1750 in
952 1709 1104 1750 melius
1138 1714 1302 1750 mutata
1329 1709 1439 1750 ferre
1468 1708 1587 1750 vide-

261 1773 405 1820 retur,
445 1771 694 1808 constanter
721 1764 909 1806 retinuit.
978 1763 1197 1817 Quocirca
1235 1764 1361 1806 facile
1391 1770 1584 1820 apparet,

257 1829 483 1876 utramque
512 1836 630 1874 sane,
662 1835 790 1876 quam
818 1820 958 1873 finxit,
998 1820 1212 1862 civitatem
1242 1835 1336 1862 esse
1365 1825 1587 1875 praestan-

255 1878 488 1930 tissimam,
520 1877 596 1918 sed
625 1876 709 1919 hoc
737 1881 880 1917 tamen
909 1875 1175 1928 discrimine',
1206 1885 1256 1916 ut
1283 1875 1460 1917 alteram
1487 1890 1587 1931 pos-

260 1935 320 1977 sis
357 1947 512 1974 vocare
551 1932 755 1984 idealem,
801 1931 961 1995 quippe
1015 1944 1125 1986 quae
1165 1930 1221 1972 ad
1259 1945 1446 1973 summae
1490 1945 1587 1986 per-

259 1989 459 2031 fectionis
497 1987 566 2030 vel
604 1988 756 2030 summi
793 1987 896 2029 bom
933 1987 978 2028 in
1025 1987 1116 2029 vita
1161 1986 1346 2028 humana
1395 1986 1588 2041 expressi

260 2045 446 2100 speciem
475 2050 618 2086 mente
648 2050 689 2085 et
717 2043 858 2084 animo
889 2057 1022 2084 conce
1052 2048 1141 2084 tam
1158 2042 1386 2083 informata
1413 2048 1457 2083 et
1485 2055 1587 2083 con—

259 2101 413 2142 stituta
451 2099 530 2150 sit;
583 2100 761 2141 alteram
795 2105 912 2140 recte
951 2113 1024 2139 rea
1042 2112 1108 2139 em
1159 2096 1342 2150 dixeris,
1394 2096 1587 2151 quando-

262 2154 434 2210 quidem
477 2169 528 2195 ea
567 2161 610 2196 et
647 2154 702 2195 ad
738 2154 874 2210 ipsius
910 2154 1026 2195 vitae
1065 2152 1284 2194 veritatem
1313 2159 1357 2194 et
1386 2152 1442 2194 ad
1478 2167 1502 2193 ο
1534 2152 1588 2193 ti-

261 2225 355 2252 mae
386 2209 573 2252 civitatis
602 2209 923 2252 similitudinem
952 2208 1078 2251 simul
1107 2214 1354 2263 comparata
1375 2214 1442 2250 est
1467 2168 1588 2249 idien-

263 2280 347 2321 que
385 2265 499 2318 talis,
560 2280 685 2319 quae,
737 2266 775 2307 si
831 2263 1004 2319 quando
1053 2264 1164 2304 inter
1199 2262 1394 2305 homines
1441 2277 1589 2305 revera

261 2320 495 2373 condatur,
556 2321 718 2374 optima
769 2326 810 2362 et
855 2319 1221 2376 praestantissima
1281 2333 1462 2361 evasura
1519 2319 1587 2359 sit.

261 2377 417 2419 Fuisse
456 2391 557 2417 vero
597 2376 707 2417 hanc
749 2376 938 2417 Platonis
981 2374 1034 2415 de
1073 2374 1235 2428 optima
1273 2374 1447 2415 civitate
1491 2388 1587 2415 sen-

260 2433 435 2474 tentiam
476 2431 609 2472 multa
647 2438 762 2484 sunt,
795 2446 904 2485 quae
954 2429 1169 2471 luculente
1211 2429 1408 2471 doceant.
1475 2429 1587 2471 Nam

261 2503 392 2542 quum
422 2502 476 2528 ex
504 2486 574 2539 iis,
606 2501 715 2540 quae
746 2487 799 2528 de
827 2487 894 2528 his
923 2485 1050 2527 rebus
1081 2485 1126 2526 in
1156 2484 1342 2527 Politico
1373 2484 1588 2526 disserun-

260 2550 354 2597 tur,
396 2557 486 2584 rem
514 2542 575 2583 ita
605 2556 651 2583 se
678 2542 834 2584 habere
865 2540 1045 2596 intelligi
1072 2540 1222 2592 liceat,
1252 2546 1344 2582 tum
1377 2540 1504 2582 etiam
1535 2554 1588 2580 ex

258 2599 367 2658 ipsis
404 2598 572 2653 Legum
610 2598 729 2641 libris
767 2598 947 2639 maxime
977 2595 1027 2637 fit
1054 2595 1340 2650 perspicuum.
1400 2595 1513 2637 Nam
1542 2595 1584 2635 in
