1612 2872
243 103 324 144 5244
678 99 1126 144 ARGUMENTUM

243 225 345 253 vero
381 225 467 252 non
505 209 720 266 possidet,
760 211 797 252 is
837 224 917 252 nec
954 209 1125 254 domum
1154 227 1233 256 nec
1262 213 1570 269 rempublicam

242 267 459 322 sapienter
488 265 759 322 gubernabit,
798 264 883 307 imo
913 265 1091 309 eandem
1152 269 1431 312 essumdabit.
1490 272 1571 311 At-

243 337 325 376 que
354 322 460 363 haec
491 320 678 375 quidem,
711 321 746 362 si
777 321 1013 374 prudenter
1041 323 1094 364 de
1140 321 1192 366 iis
1222 326 1350 368 rebus
1379 325 1573 367 iudicare

242 377 445 428 velimus,
490 376 641 430 utique
682 377 805 418 nobis
843 376 1030 418 tenenda
1059 387 1186 421 erunt
1215 382 1278 436 (p.
1311 383 1405 423 688.
1437 381 1487 422 C.
1519 406 1570 412 —

243 433 339 472 689.
377 431 493 485 Ε).
531 431 918 475 Considerantibus
958 439 1100 475 autem
1141 436 1265 478 nobis
1303 436 1454 478 domus
1497 452 1572 492 pa·-

241 488 347 529 riter
388 493 515 540 atque
573 488 835 542 reipublicae
885 489 1188 544 gubernandae
1233 492 1467 545 rationem,
1513 493 1573 533 ita

244 542 412 584 videtur
449 543 723 584 statuendum
769 558 877 584 esse.
943 544 1024 587 Est
1053 561 1154 588 sane
1187 561 1365 601 prorsus
1395 561 1573 589 necesse

242 598 502 652 imperantes
545 606 587 640 et
629 598 878 640 obedientes
917 599 962 641 in
992 601 1166 643 civitate
1196 603 1387 657 reperiri.
1447 602 1572 655 Quae

243 668 375 707 quum
413 653 474 695 ita
513 655 623 707 sint,
654 669 722 696 res
753 655 850 708 ipsa
880 655 1050 698 videtur
1078 658 1310 712 postulare,
1342 665 1390 700 ut
1418 664 1572 713 paren-

241 717 307 751 tes
345 709 487 763 natis,
526 710 691 751 nobiles
732 710 1024 766 ignobilibus,
1078 713 1276 755 fortiores
1300 762 1302 764 ‚
1328 714 1570 767 imbecillis,

242 765 430 819 denique
469 766 688 820 sapientes
741 766 1043 820 insipientibus
1090 768 1312 823 imperent.
1360 768 1573 824 *Semper

242 827 385 863 autem
428 821 702 876 reperiuntur
738 821 933 876 plurimi,
973 823 1047 876 qui
1087 823 1142 864 ad
1170 825 1337 880 imperii
1366 825 1572 867 honorem

240 882 411 931 praeter
450 883 615 918 ceteros
657 876 891 932 adspirent.
959 878 1012 918 In
1052 893 1163 932 quo,
1204 882 1407 933 quoniam
1446 881 1570 922 facile

240 932 414 974 maioris
442 931 663 974 cuiusdam
693 933 911 987 potentiae
941 934 1155 988 cupiditas
1184 935 1368 992 ingruit,
1406 936 1571 977 uberri-

241 1001 335 1032 mus
366 987 567 1041 profecto
597 988 693 1029 fons
731 988 950 1030 turbarum
989 1004 1039 1030 ac
1081 989 1339 1032 seditionum
1368 992 1569 1033 cernitur.

242 1042 460 1095 Quocirca
499 1043 569 1085 hic
608 1043 895 1086 obstruendus
925 1059 1027 1086 sane
1057 1046 1096 1086 ei
1127 1052 1221 1100 est,
1263 1048 1336 1101 qui
1367 1047 1570 1102 reipubli-

241 1113 316 1140 cae
342 1113 493 1154 pacem
529 1113 579 1140 ac
608 1100 960 1153 tranquillitatem
990 1101 1100 1142 tueri
1130 1116 1180 1143 ac
1210 1117 1379 1144 servare
1409 1103 1568 1158 cupiat.

241 1153 570 1209 Dispiciendum
607 1161 749 1196 autem
788 1154 858 1197 hic
893 1157 1035 1209 venit,
1088 1157 1291 1212 quidnam
1325 1156 1448 1214 reges
1486 1160 1569 1200 Ar-

241 1210 435 1266 givorum
478 1217 520 1252 et
555 1210 871 1253 Messeniorum
920 1212 1189 1268 neglexerint
1233 1215 1277 1255 in
1329 1214 1568 1256 exercenda

240 1271 454 1321 potestate
486 1280 578 1319 sua,
612 1272 655 1307 et
694 1267 947 1320 quibusnam
976 1268 1092 1310 vitiis
1122 1274 1209 1310 tam
1239 1269 1321 1311 sibi
1353 1285 1479 1325 quam
1509 1270 1568 1311 ci-

240 1322 447 1364 vitatibus
477 1322 566 1364 suis
595 1322 815 1364 interitum
846 1323 1189 1366 acceleraverint.
1249 1325 1349 1377 Quo
1378 1326 1476 1367 loco
1502 1326 1568 1366 in-

240 1378 362 1419 vabit
391 1376 542 1419 sedulo
580 1378 957 1433 animadvertisse,
989 1380 1116 1421 etiam
1146 1381 1320 1436 regibus
1351 1380 1567 1422 interdum

241 1433 378 1475 satius
409 1447 502 1475 esse
530 1433 706 1474 dimidio
738 1435 1011 1488 acquiescere
1041 1450 1168 1489 quam
1185 1442 1322 1478 totum
1353 1436 1566 1479 affectare.

239 1495 304 1530 At
340 1490 540 1533 nimirum
583 1496 648 1532 est
691 1489 773 1531 hoc
810 1504 915 1532 sane
963 1491 1115 1532 vitium
1166 1507 1315 1547 regum
1361 1507 1567 1547 perquam

240 1545 431 1601 vulgare,
462 1550 512 1586 ut
540 1559 644 1598 prae
673 1545 842 1587 luxuria
872 1552 916 1587 et
941 1547 1143 1601 superbia
1163 1562 1332 1603 semper
1361 1549 1566 1589 maiorum

240 1616 368 1656 opum
399 1600 623 1655 cupiditati
643 1600 906 1656 indulgeant.
965 1601 1095 1653 Quod
1124 1602 1265 1657 ipsum
1296 1603 1423 1644 etiam
1452 1603 1564 1644 anti-

239 1657 313 1710 qui
349 1655 411 1696 illi
449 1670 573 1710 reges
602 1656 928 1709 commiserunt,
962 1657 1034 1710 qui
1065 1657 1209 1712 plura,
1240 1673 1367 1712 quam
1395 1659 1564 1714 legibus

237 1725 490 1753 concessum
529 1717 640 1764 erat,
682 1712 987 1767 concupiscere
1023 1728 1111 1754 non
1150 1713 1564 1756 verecundabantur.

237 1767 454 1820 Quocirca
470 1766 555 1820 ipsi
577 1781 722 1808 secum
748 1766 1066 1820 discordabant,
1087 1769 1433 1822 quandoquidem
1456 1782 1565 1823 quae

236 1823 368 1864 verbo
414 1828 457 1863 et
504 1821 779 1863 iureiurando
839 1822 1194 1865 confirmaverant
1251 1825 1331 1867 sibi
1388 1826 1564 1879 probari

238 1878 383 1930 unice,
414 1892 466 1919 ea
495 1886 636 1919 mente
667 1883 710 1919 et
740 1877 882 1919 animo
912 1879 1223 1934 improbabant.
1284 1880 1565 1923 Laborabant

235 1934 370 1991 igitur
416 1947 563 1975 revera
603 1933 675 1974 illa
713 1933 975 1988 ignorantia,
1034 1950 1161 1988 quam
1215 1942 1341 1978 antea
1378 1935 1562 1978 diximus

236 1989 476 2031 maximam.
535 1987 619 2030 Cui
649 1989 822 2043 quidem
851 1990 963 2031 malo
994 1991 1046 2032 ab
1076 1991 1200 2032 initio
1231 2006 1333 2033 sane
1364 2006 1389 2032 a
1418 1992 1562 2047 legum

236 2045 505 2100 publicarum
544 2045 792 2087 auctoribus
831 2045 893 2087 ita
934 2045 1078 2087 resisti
1107 2046 1329 2100 debuerat,
1360 2052 1408 2088 ut
1435 2062 1561 2103 reges

235 2101 485 2143 iuberentur
518 2099 646 2142 istam
683 2100 892 2156 regnandi
925 2101 1204 2155 cupiditatem
1226 2102 1398 2144 domare
1429 2109 1560 2156 atque

236 2159 454 2208 coercere3
495 2156 612 2211 quod
649 2162 790 2197 tamen
838 2162 996 2198 temere
1032 2157 1115 2199 fuit
1149 2158 1405 2214 neglectum.
1472 2159 1561 2200 Ve-

172 2245 176 2248 .
235 2218 475 2254 rumtamen
521 2211 879 2254 Lacedaemoniis
926 2212 1098 2265 quidem
1139 2213 1345 2269 singulari
1373 2211 1560 2267 quodam

235 2266 414 2309 deorum
451 2268 662 2310 beneficio
705 2268 887 2324 contigit
914 2267 1020 2320 hoc,
1050 2274 1099 2309 ut
1125 2270 1245 2325 regia
1272 2275 1464 2325 potestas
1494 2269 1558 2311 bi-

236 2323 386 2364 fariam
425 2322 775 2375 distribueretur,
816 2330 945 2378 atque
975 2321 1113 2365 divisa
1140 2325 1252 2366 inter
1283 2326 1406 2367 binos
1430 2340 1558 2381 'reges

235 2378 364 2420 etiam
393 2385 568 2420 senatus
597 2379 776 2421 consilio
803 2384 1122 2434 temperaretur.
1163 2383 1231 2422 Ac
1250 2387 1401 2436 postea
1430 2380 1557 2421 etiam

235 2439 506 2475 aecesserunt
543 2434 715 2489 ephori,
757 2434 831 2489 qui
870 2434 1077 2490 regnandi
1105 2436 1289 2478 lubidini
1320 2436 1442 2491 quasi
1472 2436 1557 2477 fre-

233 2504 314 2532 nos
354 2489 589 2532 iniicerent.
654 2491 752 2532 Hac
781 2490 946 2532 ratione
975 2490 1135 2533 factum
1163 2498 1251 2545 est,
1283 2497 1333 2533 ut
1362 2490 1476 2546 apud
1504 2491 1555 2533 il-

230 2544 298 2587 los
333 2550 527 2600 potestas
555 2545 676 2601 regia
704 2551 1035 2601 temperaretur,
1066 2546 1111 2588 id
1141 2547 1257 2602 quod
1288 2562 1391 2589 sane
1421 2546 1553 2602 pluri·

230 2615 346 2643 mum
383 2600 519 2642 valuit
563 2606 653 2642 tum
702 2600 755 2643 ad
798 2603 935 2657 ipsam
981 2603 1316 2645 sustendandam
1362 2608 1452 2644 tum
1497 2601 1552 2644 ad
