1612 2872
273 78 352 120 DE
386 74 663 119 LEGIBUS
695 75 813 118 [AB.
846 73 883 116 Ι.
916 74 963 115 Ρ.
996 75 1092 117 624.
1126 74 1191 116 St.
1368 74 1413 114 17

161 199 258 240 ΑΘ.

330 196 444 238 Μῶν
490 188 572 238 οὖν
618 193 735 238 καθ’
782 192 979 249 Ὅμηρον
1030 195 1185 248 λέγεις,
1227 189 1287 240 ὡς
1332 190 1411 232 τοῦ

58 267 187 308 Μίνω
223 265 475 322 φοιτῶντος
499 261 611 318 πρὸς
646 259 727 313 τὴν
756 263 834 305 τοῦ
862 258 1034 318 πατρὸς
1067 262 1276 304 ἑκάστοτε
1309 273 1408 300 συν-

57 336 212 375 ουσίαν
261 330 318 374 δι’
362 330 523 373 ἐνάτου
558 335 684 380 ἔτους
716 346 787 371 και
822 326 937 371 κατὰ
986 326 1067 379 τὰς
1098 325 1206 383 παρ’
1246 328 1413 370 ἐκείνου

56 400 211 459 φήμας
250 407 345 447 ταῖς
382 396 559 440 πόλεσιν
597 395 702 451 ὑμῖν
738 399 901 445 θέντος
943 396 1045 446 τοὺς
1082 393 1271 451 νόμουςς,

58 553 213 585 crebram
246 562 368 584 vocum
401 550 667 583 concussionem
702 550 735 581 in
771 550 991 582 sermonibus
1022 548 1066 582 de
1101 548 1272 583 industria
1301 547 1414 581 admi-

59 599 159 631 sisse.
209 598 410 639 Ubicunque
426 597 534 638 igitur
550 597 580 628 in
598 595 646 629 his
663 596 759 628 tibris
785 595 1029 638 deprehendis,
1048 597 1092 628 ibi
1115 601 1202 638 puta
1227 605 1301 627 eam
1329 595 1415 627 scri-

61 650 194 686 pturam
220 644 300 676 Par.
317 644 362 675 A.
389 644 451 676 niti
477 644 693 675 auctoritate.
745 643 829 675 Dein
856 645 965 684 φιῖναι
989 642 1068 674 Par.
1086 642 1124 674 Β.
1153 646 1190 674 ut
1214 641 1286 674 sere
1312 642 1412 673 solet.

149 689 191 722 B.
241 689 297 722 δι’
330 687 482 721 ἐνάτου
515 689 665 731 ἔτους]
703 688 742 720 V.
767 687 929 729 ἔννιίτοιι,
959 687 1051 730 quod
1079 698 1122 722 ex
1150 687 1228 720 Par.
1257 691 1297 719 A.
1325 688 1413 719 Ven.

60 736 105 772 Ξ.
126 735 274 768 Vatcsl.
300 736 512 769 Florentinis
539 739 574 767 et
598 745 629 767 v.
657 734 678 767 f.
705 735 740 766 h.
766 745 793 767 r.
825 734 1062 768 emendatum.
1098 734 1191 767 conf.
1223 734 1333 775 intpp.
1371 733 1413 765 ad

59 782 218 827 Thucyd.
245 783 269 815 l.
297 782 375 817 117.
401 782 559 815 Buttm.
587 780 648 814 Gr.
674 782 793 824 Ampl.
821 781 862 814 11.
890 791 923 824 p.
949 780 1030 816 413.

62 918 229 952 Cretibus
279 919 472 962 imperasse
527 921 702 954 existima·

62 969 149 1002 rent,
174 970 234 998 aut
258 968 509 999 coniunxerunt
534 977 611 1000 cum
639 966 702 998 ὄα-

62 1010 200 1054 ριστής,
228 1015 263 1047 ut
288 1011 380 1046 idem
406 1013 586 1046 videretur
610 1023 701 1046 nono

60 1067 199 1100 quoque
222 1067 311 1091 anno
326 1059 420 1091 lovis
444 1060 595 1092 consiliis
619 1069 704 1091 usus

63 1113 161 1148 esse;
200 1115 230 1138 ν.
272 1104 431 1138 Strabo
469 1107 514 1138 X.
554 1116 586 1148 p.
626 1105 703 1140 730.

62 1150 154 1184 xvl.
181 1161 212 1193 p.
240 1150 341 1186 1105.
373 1151 428 1184 ed.
453 1151 603 1184 Casaub.
626 1152 704 1185 Eu-

62 1196 194 1231 stath.
220 1197 263 1230 ad
290 1197 418 1239 Odyss.
452 1209 486 1240 p.
514 1198 616 1233 1861.
649 1197 704 1232 ed.

63 1243 168 1278 Rom.
214 1245 414 1286 Apollon.
456 1243 544 1277 Lex.
592 1246 624 1277 in
673 1255 704 1275 v.

58 1289 245 1333 Ὲννέωρος.
279 1290 424 1324 schol.
458 1290 501 1322 ad
529 1291 657 1333 Odyss.
686 1291 706 1323 Ι.

64 1347 93 1372 e.
142 1335 281 1370 Deinde
305 1335 349 1369 de
366 1337 619 1379 significatione
645 1347 706 1369 vo-

64 1382 175 1416 cabuli
201 1383 361 1424 ἐννέωρος
400 1382 502 1416 valde
527 1383 703 1426 discepta-

64 1433 137 1464 tum
170 1433 245 1468 est,
284 1430 380 1462 cuius
417 1430 468 1462 vis
506 1440 609 1472 quam
643 1430 705 1462 ob-

66 1485 168 1510 scura
193 1476 316 1516 lateat,
349 1476 526 1509 docebunt
552 1482 707 1510 veterum

65 1518 372 1563 grammaticorum
394 1522 647 1565 disputationes
663 1523 708 1555 de

67 1568 78 1600 1
105 1569 153 1600 cis
168 1566 270 1601 Iliad.
291 1568 424 1603 Xvnl.
442 1580 472 1601 v.
487 1569 567 1603 351.
580 1568 708 1612 odyss.

65 1577 110 1653 ἱ,
135 1625 168 1647 v.
193 1614 276 1649 390.
302 1615 419 1657 X1.„v.
443 1615 524 1650 310.
549 1615 649 1648 XIX.
675 1625 708 1649 v.

67 1651 159 1708 Ῐῖδ.
199 1660 272 1694 Nec
304 1665 419 1694 tamen
452 1663 635 1704 quisquam
667 1662 708 1693 ii-

69 1706 180 1750 [otnm
207 1708 345 1750 negavit
369 1708 514 1741 subesse
537 1709 709 1741 vocabulo

69 1748 154 1789 banc
172 1754 265 1794 vim,
290 1759 328 1786 ut
351 1755 520 1795 temporis
545 1755 708 1787 indicium

70 1792 185 1831 faciat.
219 1799 324 1832 Quod
342 1800 441 1831 nobis
466 1811 605 1842 quoque
631 1811 710 1842 per-

71 1853 208 1876 suasum
229 1849 296 1885 est,
323 1845 389 1876 etsi
417 1845 710 1879 Her-mannum

72 1889 106 1922 in
133 1888 298 1930 Epistoiis
327 1889 371 1921 de
397 1889 555 1926 Homero
580 1896 615 1923 et
642 1891 712 1924 He-

72 1934 175 1968 siodo
199 1933 241 1967 ad
267 1934 532 1979 Creuzerum
563 1936 652 1969 datis
679 1948 713 1979 p.

74 1981 128 2016 75.
169 1981 271 2014 aliter
307 1981 350 2014 de
387 1982 448 2014 hac
485 1993 523 2015 re
561 1982 714 2016 iudicare

73 2027 299 2061 meminimus.
352 2027 383 2059 is
415 2028 504 2061 enim
531 2033 647 2062 ortum
673 2029 710 2060 ii-

74 2073 132 2107 lud
159 2074 267 2117 voluit
291 2073 334 2106 ab
351 2075 501 2117 αῐωρεῖν,
526 2076 629 2107 sicuti
651 2086 712 2117 μι-

72 2120 214 2164 -ςέωρᾳς,
249 2119 440 2162 tribuitque
476 2122 506 2155 ei
538 2120 625 2154 hanc
649 2131 713 2163 po-

74 2171 269 2210 testatem„
296 2170 335 2198 ut
362 2166 488 2200 valde
510 2178 650 2210 grave
676 2173 716 2199 et

76 2211 400 2256 ponderosum,
457 2213 583 2257 deinde
632 2224 714 2247 ma-

75 2268 221 2302 gnum,
247 2257 403 2301 ingens
433 2260 615 2303 significet.
665 2262 716 2292 At

77 2305 166 2345 enim
199 2314 282 2336 vero
313 2314 415 2347 quum
447 2311 602 2340 veterum
629 2306 715 2338 scri-

78 2354 218 2394 ptorum
251 2349 314 2387 hnc
343 2350 525 2395 incausati
551 2353 714 2385 iudicium

78 2405 147 2438 1¹0¹!
178 2396 272 2438 Ptrvi
307 2395 500 2441 fneiendum
537 2400 600 2438 sit,
642 2403 715 2431 tum

80 2451 142 2485 nec
164 2441 275 2485 ipsum
298 2442 502 2489 ‚qpcahuluin
520 2445 714 2488 {quidquam

80 2487 207 2527 habet,
252 2487 344 2528 quod
390 2492 572 2533 quominus
614 2492 714 2534 origo

81 2533 155 2567 eius
179 2533 224 2565 ab
248 2531 320 2576 ὥρα
336 2541 539 2580 repetatur,·
552 2539 621 2570 ulio
639 2548 715 2570 mo-

80 2580 126 2613 do
150 2579 330 2621 impediat.
361 2580 497 2626 Etenim
513 2581 585 2627 ὥρα
609 2595 715 2627 quum

80 2628 218 2668 omnino
245 2626 290 2660 sit
313 2629 455 2673 (μη-φῄς
467 2629 608 2672 giganti,
626 2637 713 2663 tem-

79 2673 175 2716 pori)
207 2672 434 2715 particula-in
468 2674 586 2724 Ofbssm
624 2676 714 2709 redi-

139 2729 226 2763 Piat.
252 2729 342 2772 Opp.
371 2731 448 2763 Vol.
473 2731 516 2766 X.
543 2733 636 2767 Seot.
666 2734 693 2766 1.

770 930 844 961 eus,
870 919 914 953 de
938 920 1016 953 anni
1047 916 1339 962 tempestatibus,
1371 915 1415 948 de

771 966 925 1009 partibus
951 966 1040 1006 diei,
1065 966 1108 998 de
1131 965 1223 998 vitae
1248 963 1417 996 humanae.

771 1013 955 1053 aetatibus,
982 1012 1132 1054 denique
1157 1011 1201 1044 de
1225 1009 1300 1043 aliis
1326 1013 1417 1042 tem-

773 1069 893 1102 porum
943 1059 1065 1102 spatiis
1114 1062 1212 1091 certo
1264 1055 1417 1097 quodam

773 1106 894 1139 ordine
925 1107 956 1137 in
989 1106 1110 1138 orbem
1146 1103 1374 1137 redeuntibus
1398 1113 1419 1134 a

773 1152 919 1185 Graecis
945 1155 1148 1194 usurpatum
1164 1155 1229 1184 est.
1269 1149 1324 1181 Ex
1349 1159 1418 1191 quo

773 1203 918 1241 apparet
949 1209 1012 1240 pro
1045 1199 1141 1230 vario
1175 1206 1265 1230 nexu
1299 1200 1334 1228 et
1360 1205 1417 1228 ra-

774 1247 871 1278 tione
893 1245 1142 1277 sententiarum
1168 1243 1329 1286 ἐνιέωρος
1354 1241 1418 1275 eti-

774 1302 829 1324 am
868 1291 996 1324 variam
1035 1293 1250 1332 potestatem
1291 1287 1419 1320 habere

774 1348 890 1380 posse.
945 1336 1095 1370 Videtur
1128 1342 1244 1369 autem
1277 1333 1321 1367 de
1355 1333 1418 1366 Mi-

774 1394 842 1416 noe
866 1384 934 1417 iam
959 1388 1095 1417 mature
1120 1382 1205 1416 baec
1233 1381 1420 1414 invaluisse

775 1429 908 1473 opinio,
934 1434 973 1462 ut
997 1431 1051 1462 vel
1078 1440 1200 1463 novem
1228 1437 1339 1461 annos
1365 1437 1420 1459 re-

775 1476 938 1517 gnavisse
962 1477 1017 1509 vel
1049 1486 1141 1508 nono
1166 1484 1306 1518 quoque
1331 1483 1421 1506 anno

779 1523 868 1556 iovis
917 1522 1172 1555 consuetudine
1220 1531 1303 1554 usus
1341 1530 1422 1552 esse

776 1574 967 1612 putaretur.
1014 1568 1117 1603 Quae
1134 1567 1306 1601 sententia
1331 1565 1423 1599 uude

776 1617 943 1658 originem
961 1613 1128 1655 babuerit,
1147 1614 1325 1655 praeclare
1350 1613 1422 1645 dis-

776 1663 910 1705 putavit
941 1661 1103 1694 Hoeck.
1150 1661 1207 1694 De
1232 1660 1340 1692 Creta
1371 1659 1421 1691 in-

778 1709 850 1741 suia
885 1708 959 1740 Vol.
990 1707 1015 1740 1.
1042 1718 1076 1750 p.
1102 1707 1173 1743 247
1198 1718 1253 1750 sq.
1286 1705 1343 1738 ubi
1376 1705 1420 1737 de.

777 1753 1015 1794 octaeteride9
1053 1755 1127 1786 sive
1161 1764 1250 1787 anno
1280 1762 1421 1791 magno,

778 1802 951 1843 exposuit,
977 1801 1036 1842 qui
1063 1801 1224 1833 octennio
1251 1803 1286 1832 et
1309 1799 1422 1831 tribus

779 1847 955 1880 mensibus
971 1847 1164 1879 constabat.
1189 1845 1267 1884 Quo
1282 1844 1419 1886 quidem

781 1892 950 1934 temporis
998 1893 1179 1924 intervallo
1218 1892 1346 1924 multae
1388 1891 1421 1922 in

781 1939 931 1970 Graecia
947 1938 1162 1979 maximeque
1175 1938 1263 1970 inter
1277 1936 1424 1969 Dorien-

782 1994 839 2017 ses
855 1983 1040 2025 religiones
1057 1994 1190 2016 summa
1208 1988 1288 2016 sunt
1302 1993 1424 2016 caere-

783 2030 895 2063 monia
921 2033 1161 2064 consecratae.
1187 2034 1226 2063 ut
1245 2029 1336 2065 adeo
1362 2038 1425 2061 no·

783 2086 827 2109 no
857 2085 997 2118 quoque
1021 2085 1111 2108 anno
1137 2077 1270 2118 regium
1299 2075 1426 2107 Minois

782 2122 961 2164 Imperium
989 2121 1105 2155 denuo
1123 2123 1362 2156 confirmatum
1390 2126 1426 2154 et

783 2169 951 2202 sancitum
980 2168 1147 2202 videatur.
1201 2169 1291 2202 Hinc
1321 2169 1425 2210 igitur

783 2215 913 2247 factum
937 2219 1110 2256 putamus,
1136 2218 1176 2247 ut
1199 2216 1356 2260 ἐννέωρος
1379 2213 1424 2247 de

784 2261 903 2294 Minoe
928 2261 1056 2293 dictum
1086 2265 1168 2294 octo
1193 2271 1359 2302 annornm
1390 2265 1425 2293 et

783 2307 876 2349 quod
903 2307 1056 2340 excurrit
1088 2307 1266 2341 circuitum
1293 2308 1424 2350 signifi-

784 2358 892 2386 caret.
954 2353 1088 2389 Etenim
1133 2363 1214 2387 usus
1264 2354 1425 2387 vocabuli

782 2398 855 2442 ὤρα
884 2404 979 2432 certe
1012 2409 1078 2443 non
1112 2400 1306 2442 prohibuit,
1338 2410 1426 2441 quo-

783 2447 894 2479 minus
920 2446 1021 2479 etiam
1050 2441 1100 2479 'de
1131 2456 1221 2479 anno
1246 2447 1278 2479 in
1303 2447 1426 2479 orbem

783 2492 948 2526 redeunte.
973 2493 1201 2534 acciperetur.
1240 2493 1314 2525 Iam
1343 2502 1425 2524 vero

784 2538 868 2571 haec
891 2539 918 2570 si
943 2539 990 2570 ita
1014 2539 1246 2580 intellexeris,
1283 2538 1426 2581 perinde

784 2585 868 2625 erit,
897 2587 1008 2618 utrum
1034 2586 1195 2627 ἐννέωρος
1222 2596 1298 2618 cum
1322 2586 1423 2626 βασί-

783 2631 857 2663 λευε
883 2631 1023 2674 iungas,
1054 2641 1096 2664 an
1128 2641 1206 2664 cum
1243 2630 1428 2675 ὀαριστής,

783 2687 975 2720 quanquam
1025 2678 1119 2719 prior
1173 2677 1264 2710 ratio
1312 2676 1424 2718 magis

1127 2733 1153 2774 Q
