1612 2872
266 69 348 109 304
750 69 1122 113 PLATONIS
1179 35 1187 37 >

367 184 462 226 ΑΘ.
539 182 635 235 Τὴν
680 182 790 225 ὅταν
837 183 895 237 τῷ
933 201 972 225 τι
1006 183 1140 236 δόξαν
1174 185 1308 229 καλὸν
1342 183 1377 238 ἢ
1404 186 1588 242 ἀγαθὸν

267 248 377 291 εἶναι
410 247 469 304 μὴ
504 251 606 306 φιλῇ
645 250 790 298 τοῦτο,
822 248 935 292 ἀλλὰ
970 253 1086 310 μισῇ,
1124 248 1172 294 τὸ
1208 254 1252 294 δὲ
1287 253 1482 308 πονηρὸν
1516 257 1606 296 aar

264 316 418 356 ἄδικον
452 316 611 356 δοκοῦν
646 314 756 356 εἶναι
790 317 892 374 φιλῇ
938 331 982 359 τε
1015 318 1086 358 καὶ
1129 316 1388 370 ἀσπάζηται.
1425 317 1588 371 ταύτην

263 378 345 430 τὴν
378 382 621 435 διαφωνίαν
654 378 792 432 λύπης
834 397 878 423 τε
910 383 982 423 καὶ
1016 380 1174 435 ἡδονῆς
1215 382 1324 439 πρὸς
1356 383 1438 437 τὴν
1476 384 1586 427 κατὰ

263 444 396 498 λόγον
443 444 575 496 δόξαν
619 444 831 500 ἀμαθίαν
871 449 983 503 φημὶ
1017 447 1128 493 εἶναι
1163 449 1242 501 τὴν
1275 451 1481 504 ἐσχάτην,
1516 468 1589 506 με·

263 514 414 562 γίστην
451 513 506 560 δέ,
526 508 595 554 ὅτι
630 514 709 555 τοῦ
750 512 956 563 πλήθους
991 517 1077 556 ἐστὶ
1115 517 1189 567 τῆς
1224 517 1389 573 ψυχῆς·
1425 515 1475 559 τὸ
1502 515 1586 573 γὰρ

263 576 538 630 λυπούμενον
574 582 644 620 καὶ
692 577 906 634 ἡδόμενον
941 579 1091 631 αὐτῆς,
1128 579 1233 636 ὅπερ
1270 580 1406 635 δῆμός
1438 599 1483 624 τε
1516 586 1588 625 καὶ

266 645 443 695 πλῆθος
478 643 642 694 πόλεώς
677 649 802 687 ἐστιν.
838 643 947 687 ὅταν
982 639 1061 688 οὖν
1093 646 1347 702 ἐπιστήμαις
1381 645 1406 699 ἣ
1443 648 1589 699 δόξαις

266 707 291 760 ἢ
339 707 449 763 λόγῳ
493 712 770 759 ἐναντιῶται,
818 719 907 760 τοῖς
953 710 1079 769 φύσει
1125 712 1337 768 ἀρχικοῖς,
1380 712 1407 765 ἡ
1456 714 1586 773 ψυχή,

355 861 394 892 P.
421 861 497 894 659.

263 918 295 938 a.
321 918 348 936 c.
371 906 398 937 δ.
425 918 454 937 ο.

267 952 366 984 Voss.
391 953 502 983 adscr.
529 950 574 983 δέ.

546 859 646 892 ὅταν
671 859 720 892 τώ
747 873 781 892 ιι
808 859 939 902 δόξαν
964 862 1015 904 m]
1043 873 1069 893 τι
1095 861 1177 903 δόξῃ
1203 863 1299 894 AB.
1325 861 1364 894 Ω.
1391 864 1428 897 Ξ.
1453 875 1484 895 v.
1509 865 1534 896 f.
1560 875 1586 895 r.

506 906 575 938 Sed
601 908 679 939 vide
706 908 1023 948 interpretationem
1047 908 1123 939 loci.
1166 910 1221 940 Ad
1245 907 1288 949 μὴ
1314 909 1395 949 φιλῇ
1417 910 1453 940 in
1478 919 1586 950 marg.

353 997 392 1028 B.
441 993 595 1028 ταύτὸν
626 998 692 1028 καὶ
726 995 772 1038 δὴ
807 998 874 1028 καὶ
905 994 1022 1038 ἑνὸς]
1060 998 1113 1028 καὶ
1143 1002 1222 1028 ante
1255 994 1295 1038 δὴ
1326 996 1458 1030 addunt
1482 1000 1526 1031 A.
1552 1010 1586 1030 x.

263 1048 297 1073 et
323 1053 429 1083 marg.
461 1040 498 1073 Ω.
523 1053 555 1075 a.
586 1053 613 1074 c.
637 1053 712 1074 cum
741 1043 892 1074 Eusebio
918 1043 1041 1084 Praep.
1075 1043 1138 1073 Ev.

313 1154 352 1186 Ρ.
379 1155 456 1189 689.
511 1152 591 1195 Τὴν
632 1150 735 1184 ὅταν
772 1152 823 1196 τῴ
859 1165 891 1185 tt

262 1198 396 1240 δόξαν
421 1199 554 1231 καλὸν
578 1200 643 1238 -—]
675 1198 890 1231 Stobaeus

262 1257 338 1278 cum
379 1247 480 1278 codd
518 1245 674 1276 Platonis
717 1246 892 1286 plerisque

263 1292 422 1323 omnibus
448 1301 510 1332 pro
537 1289 643 1330 δόξαν
668 1291 771 1322 habet
796 1289 891 1330 δόξῃ,

261 1347 302 1369 ac
328 1338 452 1369 deinde
479 1337 571 1376 φιλεῖ
596 1340 629 1366 et
659 1339 762 1374 μισει,
789 1337 891 1367 modo

260 1383 627 1422 indicativo‚itemque
652 1381 812 1422 deinceps
837 1391 891 1421 φι-

262 1429 311 1460 λεῖ
345 1433 378 1460 et
409 1424 598 1468 ἀσπάζεται.
653 1426 750 1464 Quae
786 1427 890 1458 lectio

260 1474 402 1515 probari
426 1474 520 1504 nullo
547 1473 649 1504 modo
674 1476 798 1513 potest.
827 1472 891 1503 Ni-

261 1521 382 1551 mirum
408 1519 591 1550 verborum
608 1518 804 1549 consecutio
821 1527 891 1549 ma-

259 1565 387 1596 nifesto
411 1564 496 1596 haec
522 1568 587 1596 est.
626 1561 697 1604 Τὴν
730 1559 812 1594 ὅταν
844 1570 890 1593 τις

254 1606 303 1663 ιμὴ
334 1610 418 1662 φιλῇ
445 1619 471 1640 τι
503 1606 608 1649 δόξαν
639 1604 763 1650 (αυτῳ)
789 1605 891 1638 καλὸν

261 1650 282 1697 ἢ
307 1650 445 1696 ἀγαθὸν
467 1650 552 1685 emat
575 1649 655 1684 ἀλλὰ
681 1653 760 1693 μισῇ
775 1663 804 1684 κ.
823 1663 849 1683 τ.
860 1652 886 1683 1..

258 1703 296 1732 ut
319 1701 475 1742 profecto
500 1702 666 1740 appareat
697 1691 888 1730 clarissime

258 1752 345 1786 opus
376 1754 451 1777 esse
482 1745 713 1776 coniunctivo.
763 1744 812 1775 At
835 1744 887 1774 ni-

257 1791 382 1824 mirum
408 1790 613 1823 correctioni
639 1788 811 1830 participii
830 1786 887 1819 δό-

259 1836 322 1877 ξαν
345 1846 463 1868 ansam
488 1835 626 1866 dedisse
653 1834 790 1867 videtur
813 1842 889 1865 ver-

258 1882 382 1914 borum
412 1881 624 1913 constructio
656 1880 773 1922 paullo
803 1878 889 1911 libe-

258 1928 343 1959 rior.
398 1926 488 1958 Nam
527 1937 570 1968 τῳ
608 1935 711 1968 quum
748 1926 890 1966 proprie

259 1974 475 2006 nominativo
499 1981 581 2003 casu
595 1972 640 2003 ad
656 1970 799 2002 verbum
813 1971 891 2002 fini-

213 2031 220 2038 ¹
259 2023 333 2051 tum
350 2019 455 2051 fuerit
467 2017 767 2057 referendum,per
781 2025 891 2057 quan-

260 2065 339 2096 dam
368 2064 608 2095 attractionem
638 2062 799 2103 proximo
836 2071 891 2093 ac-

260 2109 512 2142 commodatum
527 2108 712 2148 participio
732 2112 793 2139 est.
821 2106 890 2138 Cu-

257 2157 311 2187 ius
336 2156 475 2195 generis
506 2152 795 2185 constructionem
827 2162 891 2183 no-

258 2201 407 2233 tavimus
438 2201 483 2232 ad
515 2197 622 2240 Gorg.
660 2208 692 2239 p.
731 2197 821 2232 492.

260 2251 293 2277 et
308 2245 467 2287 Sympos.
493 2256 526 2286 Ρ.
551 2243 629 2278 174.
647 2244 687 2275 E.
706 2243 763 2274 ubi
792 2238 828 2273 οἵ
844 2197 889 2274 ξᾱ

259 2287 494 2331 απαντήσαντα
526 2294 578 2322 est
604 2289 763 2328 relatum,
784 2298 888 2329 quum

260 2345 334 2369 esse
365 2337 504 2368 deberet
536 2335 566 2373 ἒ,
598 2335 691 2376 quod
722 2334 766 2366 ad
794 2331 889 2374 ἄγειν

259 2382 459 2428 pertineret.
515 2379 685 2418 Quocirca
714 2388 778 2411 nec
807 2388 888 2420 pro-

259 2429 398 2466 bamus,
447 2426 542 2467 qnod
587 2435 696 2466 nuper
742 2424 890 2456 coniecit

259 2482 452 2506 nonnemo:
478 2468 577 2507 ὅταν,
602 2467 643 2502 ἄν
674 2467 720 2512 τῷ
753 2481 781 2501 τι
806 2467 890 2509 δόξῃ

260 2515 363 2551 καλὸν
389 2514 409 2558 ἢ
433 2511 486 2559 α’γ.
506 2511 600 2553 εἶναι,
619 2514 663 2556 μὴ
682 2516 762 2556 φιλῇ
775 2515 887 2552 τοῦτο,

260 2561 339 2596 ἀλλὰ
363 2561 452 2603 μισῇ,
478 2572 507 2593 κ
535 2572 561 2597 τ
587 2561 613 2592 1..
650 2561 786 2592 Deinde
809 2565 888 2615 post

260 2622 288 2642 τι
313 2606 415 2642 καλὸν
440 2608 599 2648 deinceps
626 2606 771 2638 infertur
792 2601 887 2643 uvzo'

261 2666 327 2698 quo
365 2655 459 2687 illius
504 2654 556 2685 vis
603 2656 636 2682 et
679 2651 886 2692 significatio

1172 1042 1247 1074 Xll.
1273 1053 1305 1083 Ρ.
1330 1044 1409 1078 581.
1443 1045 1482 1076 B.
1508 1045 1586 1077 Vol.

959 1154 1071 1186 denuo
1102 1154 1303 1184 inculcatur.
1357 1154 1452 1187 Haec
1481 1156 1586 1196 igitur

961 1199 1119 1230 videntur
1135 1200 1190 1238 iis,
1201 1199 1258 1239 qui
1273 1199 1385 1231 locum
1399 1205 1585 1240 mutarunt,

959 1244 1116 1275 nonnihil
1148 1245 1277 1284 negotii
1309 1247 1488 1278 creavisse.
1537 1248 1587 1277 At

959 1291 1050 1321 enim
1076 1300 1157 1320 vero
1182 1300 1379 1331 perversam
1405 1302 1480 1323 esse
1498 1291 1587 1323 hanc

958 1336 1193 1373 mutationem,
1206 1335 1279 1366 iure
1304 1337 1405 1367 nobis
1433 1337 1586 1368 videmur

959 1385 1060 1411 antea
1084 1380 1312 1412 contendisse.
1360 1381 1414 1413 De
1438 1383 1584 1414 articulo
1610 1391 1612 1398 ⁴

958 1423 1031 1467 τήν,
1057 1426 1238 1457 universae
1267 1428 1457 1459 sententiae
1485 1437 1586 1469 prae-

957 1472 1077 1510 misso,
1112 1482 1142 1502 v.
1170 1471 1398 1504 Matthiae.
1430 1472 1492 1505 Gr.
1523 1471 1584 1505 Gr.

1003 1580 1158 1622 ταύτην
1183 1580 1257 1622 τὴν
1271 1580 1583 1624 διαφωνιάν-]

957 1627 1055 1667 Stob.
1102 1625 1160 1668 τὴν
1201 1628 1337 1659 omittit.
1389 1629 1583 1660 Articulum

955 1678 1069 1705 tamen
1105 1673 1162 1703 hic
1207 1682 1276 1704 non
1312 1683 1416 1714 posse
1450 1673 1583 1715 abesse,

954 1719 1057 1759 plane
1085 1718 1185 1749 nobis
1223 1727 1426 1758 persuasum
1456 1723 1518 1750 est.
1550 1730 1583 1751 v.

955 1764 999 1795 ad
1027 1760 1158 1799 Phileb.
1188 1772 1222 1803 p.
1255 1763 1308 1796 16.
1342 1763 1381 1797 C.
1408 1774 1440 1805 p.
1465 1764 1519 1798 65.
1544 1763 1583 1797 Ο.

1001 1828 1108 1871 πρὸς
1133 1826 1205 1871 τὴν
1229 1827 1330 1861 κατὰ
1360 1827 1488 1872 λόγον
1522 1829 1584 1862 δό-

958 1875 1053 1917 ξαν]
1087 1875 1258 1907 Memorat
1287 1873 1347 1917 τὴν
1377 1874 1459 1907 κατὰ
1482 1874 1585 1918 λόγον

958 1919 1072 1962 δόξαι,
1080 1921 1213 1952 iudici
1226 1931 1288 1952 um
1302 1922 1471 1953 rationi
1488 1931 1583 1954 con-

958 1971 1224 2021 sentaneum‚
1272 1967 1316 1998 ob
1362 1972 1583 2021 antegressa·

959 2009 1039 2043 ὅταν
1065 2009 1108 2054 τῷ
1134 2022 1161 2042 τι
1193 2007 1325 2051 δόξαν
1350 2010 1476 2043 καλὸν
1500 2023 1527 2044 κ.
1556 2024 1582 2044 t.

957 2059 982 2089 λ.
1008 2059 1143 2098 opinor.
1193 2055 1361 2089 Conferas
1385 2067 1468 2089 vero
1494 2068 1583 2099 quae

956 2113 1060 2144 supra
1083 2102 1128 2133 ad
1151 2111 1184 2142 p.
1210 2100 1288 2135 688.
1307 2102 1346 2133 Β.
1372 2103 1581 2143 scripsimus.

1004 2145 1070 2179 ὅτι
1096 2146 1173 2177 τοῦ
1197 2144 1391 2187 πλήθους
1411 2146 1496 2179 ἐστὶ
1515 2149 1584 2190 τῆς

957 2191 1110 2234 ψυχῆς]
1136 2191 1323 2232 Eleganter
1337 2194 1442 2224 animi
1461 2191 1497 2225 τὸ
1514 2192 1582 2225 ἐπι-

956 2234 1164 2279 θυμητικόν,
1191 2238 1283 2278 quod
1314 2239 1396 2270 alibi
1427 2243 1582 2279 vocatur,

957 2287 1175 2324 comparatur
1205 2293 1280 2314 cum
1316 2293 1441 2325 magna
1472 2284 1582 2325 plebis

953 2329 1192 2367 multitudine,
1224 2328 1320 2360 cuius
1351 2330 1395 2360 sit
1427 2330 1463 2360 in
1499 2330 1582 2361 civi-

954 2371 1024 2406 tate
1057 2374 1142 2405 bene
1172 2378 1360 2414 temperata
1392 2374 1525 2415 legibus
1550 2379 1584 2406 et

956 2419 1213 2460 magistratibus
1239 2419 1392 2459 obedire,
1407 2429 1476 2451 non
1500 2421 1583 2452 item

955 2466 998 2498 iis
1015 2473 1208 2505 repugnare
1223 2468 1256 2495 et
1270 2465 1459 2497 adversari.
1490 2464 1580 2496 Dein

955 2508 992 2542 τὸ
1017 2508 1230 2548 λυπούμενον
1257 2509 1310 2540 καὶ
1336 2506 1502 2551 ἡδόμενον
1530 2515 1584 2541 est

955 2558 1064 2589 instar
1087 2555 1237 2586 nominis
1257 2555 1473 2595 substantivi,
1486 2554 1582 2587 ideo-

955 2611 1020 2644 que
1055 2611 1130 2632 cum
1166 2600 1319 2640 genitivo
1354 2599 1582 2641 coniungitur.

955 2647 1013 2680 Sic
1037 2646 1092 2678 De
1125 2645 1208 2686 Rep.
1233 2645 1279 2677 X.
1306 2655 1337 2686 p.
1363 2644 1440 2680 603.
1467 2646 1510 2676 A.
1546 2656 1579 2676 το
