1612 2872
465 103 634 147 LIBltl
666 101 873 147 SECUN
886 101 964 144 DI.
1095 138 1101 142 s
1315 99 1391 141 137

28 220 214 276 primum
244 218 420 274 quidem
452 218 548 261 aliis
585 218 671 260 alia
701 223 828 273 grata
866 222 910 258 et
948 213 1140 257 iucunda
1178 218 1303 265 sunt,
1344 217 1394 253 ut

28 277 90 319 rei
128 276 338 319 iudicium
377 290 457 330 per
496 290 542 318 se
587 289 749 330 anceps
790 272 994 315 videatur
1034 278 1166 326 atque
1198 268 1392 314 dubium.

30 332 202 376 Deinde
232 333 391 375 rationi
422 338 764 375 cousentaneum
797 336 887 384 est,
936 328 1045 371 illud
1074 333 1243 371 tantum
1274 332 1392 368 recte

28 407 108 447 pro
139 390 291 447 pulcro
323 389 497 443 haberi,
531 404 618 444 quo
649 388 730 431 viri
763 387 915 442 optimi
946 393 1078 441 atque
1109 383 1393 427 eruditissimi

30 448 305 490 delectentur
346 447 410 502 (p.
452 447 548 489 657.
592 445 650 486 B.
677 469 734 475 --
764 445 860 486 658.
892 445 983 496 E).
1032 468 1086 474 —
1158 441 1392 483 Enimvero

30 511 207 560 oportet
238 504 436 560 profecto
477 502 607 545 etiam
637 501 871 558 prudentia
901 511 945 542 et
974 499 1230 542 fortitudine
1261 513 1391 540 orna-

29 569 122 604 tum
152 576 248 604 esse
279 576 391 614 eum,
425 560 500 614 qui
529 565 645 600 recte
678 558 731 600 de
762 558 829 600 his
861 558 992 600 rebus
1015 557 1288 599 iudicaturus
1319 556 1392 609 sit,

30 619 234 673 quoniam
265 617 459 672 alioquin
500 617 693 658 futurum
733 622 824 668 est,
865 621 916 656 ut
955 620 1034 655 aut
1072 613 1247 655 diffidat
1287 627 1394 654 suae

28 676 168 732 ipsius
207 673 481 727 auctoritati,
524 679 600 714 aut
641 672 815 728 populi,
859 671 1005 713 omnia
1042 671 1268 726 voluptate
1304 684 1394 711 me-

28 733 204 785 tientis,
246 730 563 787 cupiditatibus
598 728 697 784 plus
737 729 854 771 iusto
891 728 1060 770 tribuat
1101 729 1164 784 (p.
1206 728 1305 769 658.
1337 726 1393 768 E.

31 815 84 821 —
117 791 212 831 659.
244 789 338 842 A.).
402 788 545 830 Decet
574 794 717 828 autem
748 785 937 828 iudicem
967 801 1055 827 non
1086 784 1236 841 populi
1262 783 1394 825 disci-

30 846 203 903 pulum,
237 845 313 888 sed
344 845 600 901 magistrum
629 844 781 900 populi
812 858 933 895 esse,
978 843 1285 897 pessimus-que
1325 847 1394 883 est

30 918 149 958 mos,
181 903 255 958 qui
287 902 538 944 etiamnunc
567 901 774 942 in-Italia
803 908 846 942 et
877 899 1030 943 Sicilia
1059 905 1230 955 regnat,
1263 909 1312 940 ut
1339 896 1394 940 de

30 964 222 1016 praemio
262 959 510 1002 certaminis
541 958 827 1014 plurimorum
858 957 1087 999 sententiis
1118 956 1394 998 decernatur.

30 1017 267 1059 Plurimum
297 1018 410 1058 enim
440 1015 586 1057 damni
617 1015 748 1056 infert
772 1015 963 1067 civitati,
997 1014 1033 1056 si
1064 1013 1216 1055 harum
1250 1027 1396 1055 rerum

30 1074 239 1116 iudicium
280 1073 505 1130 imperitae
545 1071 814 1114 multitudini
855 1071 1146 1128 permittitur,
1198 1068 1395 1126 quando-

33 1130 207 1187 quidem
248 1131 311 1172 ita
350 1131 543 1172 futurum
584 1135 651 1171 est
690 1136 741 1170 ut
781 1131 938 1185 poetae
979 1134 1024 1170 et
1061 1127 1216 1170 musici
1254 1141 1396 1181 usque

0 1203 3 1206 ’
31 1188 183 1245 populi
213 1187 530 1242 cupiditatibus
551 1185 832 1228 blandiantur
861 1193 994 1240 atque
1025 1192 1118 1227 arte
1147 1185 1234 1227 isto
1265 1183 1395 1226 modo

32 1251 238 1301 corrupta
266 1245 396 1286 etiam
426 1245 565 1286 bonos
596 1259 737 1286 mores
760 1249 1053 1298 corrumpant.
1112 1242 1184 1283 Ex
1212 1256 1300 1296 quo
1329 1241 1395 1282 in—

31 1302 246 1358 telligitur
276 1316 457 1357 prorsus
489 1315 585 1343 esse
617 1301 934 1354 necessarium,
974 1305 1025 1341 ut
1052 1298 1231 1341 musicis
1261 1304 1395 1353 atque

33 1359 173 1416 poetis
214 1359 334 1415 leges
373 1358 642 1412 scribantur,
682 1358 798 1399 intra
839 1372 948 1412 quas
993 1357 1097 1398 artis
1130 1371 1236 1398 suae
1267 1370 1395 1398 usum

33 1417 297 1458 contineant.
358 1416 472 1457 Nam
514 1415 598 1456 etsi
638 1429 854 1469 nusquam
895 1414 987 1455 fere
1028 1413 1112 1456 nisi
1140 1413 1186 1455 in
1217 1413 1398 1455 civitate

34 1471 234 1515 Cretensi
276 1479 321 1514 et
349 1471 704 1514 Lacedaemonia
744 1473 806 1513 ita
846 1472 1010 1513 tactum
1051 1485 1146 1513 esse
1175 1470 1394 1523 novimus,

32 1538 176 1572 tamen
206 1530 424 1571 communi
455 1529 571 1571 malo
603 1529 774 1571 fortiter
804 1536 870 1571 est
892 1527 1224 1581 occurrendum,
1257 1527 1396 1582 siqui-

35 1586 132 1629 dem
171 1586 267 1628 fieri
305 1602 392 1628 non
431 1592 578 1642 potest
608 1593 658 1627 ut
686 1586 891 1627 iuventus
922 1585 978 1626 ad
1008 1585 1214 1633 virtutem
1245 1590 1288 1626 et
1318 1584 1396 1627 ho-

34 1650 245 1686 nestatem
276 1643 492 1685 adsuefiat
525 1649 569 1685 et
599 1642 889 1698 perducatur,
929 1643 1015 1684 nisi
1055 1643 1246 1684 virorum
1287 1648 1396 1683 tem-

35 1701 303 1757 perantium,
334 1700 511 1748 fortium
543 1706 587 1742 et
616 1701 829 1742 bonorum
860 1699 1058 1756 exempla
1090 1700 1129 1741 ei
1159 1699 1215 1741 ob
1245 1699 1398 1742 oculos

34 1763 277 1814 ponantur3
308 1756 427 1811 quod
455 1757 599 1812 ipsum
629 1757 812 1799 maxime
842 1757 971 1798 etiam
1001 1772 1026 1798 a
1056 1756 1198 1812 poetis
1231 1762 1276 1797 et
1303 1771 1398 1798 mu-

35 1815 137 1857 sicis
178 1814 272 1855 fieri
310 1812 442 1855 debet
480 1814 544 1868 (p.
577 1815 672 1856 658.
703 1814 755 1855 E.
787 1839 841 1844 ——
872 1815 968 1855 660.
1001 1813 1096 1868 D.).
1126 1837 1182 1844 -
1240 1813 1398 1867 Itaque

36 1871 179 1927 poetis
209 1885 296 1911 una
322 1870 460 1912 virtus
491 1870 622 1912 debet
651 1884 749 1912 esse
780 1871 1029 1926 proposita,
1060 1871 1124 1911 ita
1152 1877 1202 1911 ut
1230 1870 1400 1926 fingant

38 1943 89 1970 ac
120 1932 452 1982 repraesentent
481 1925 679 1968 homines
710 1926 874 1981 probos
892 1933 1025 1981 atque
1054 1928 1196 1968 iustos
1227 1941 1398 1968 eorum-

38 1999 124 2039 que
155 1983 408 2025 felicitatem
439 1989 484 2024 ct
513 1983 764 2024 beatitatem
805 1983 1056 2025 informent.
1117 1982 1252 2036 Quod
1283 1983 1399 2024 enim

37 2040 372 2083 Lacedaemone
412 2039 506 2081 fieri
547 2039 682 2093 solet,
735 2045 784 2080 ut
832 2039 906 2093 qui
945 2039 1137 2081 carmina
1179 2045 1397 2096 pangunt,

38 2097 233 2140 homines
273 2096 431 2138 virtute
470 2096 689 2152 insignes,
734 2095 853 2137 nulla
895 2095 1043 2137 habita
1072 2103 1278 2138 externae
1309 2096 1397 2138 for-

38 2160 172 2196 tunae
201 2153 394 2206 ratione,
435 2159 645 2207 tanquam
676 2153 954 2194 felicissimos
985 2152 1192 2206 laudent,
1232 2153 1396 2208 impro-

39 2211 119 2252 bos
149 2225 251 2252 vcro
282 2216 326 2251 et
353 2210 558 2261 iniustos,
592 2210 870 2264 quantumvis
893 2209 1167 2252 abundantes
1191 2226 1322 2265 opum
1343 2225 1395 2252 ac

41 2266 290 2309 divitiarum
320 2267 470 2320 copia,
505 2267 767 2308 miserrimos
799 2281 894 2308 esse
926 2265 1172 2318 declarent3
1204 2266 1320 2309 idem
1348 2268 1395 2309 in

42 2323 196 2378 quavis
250 2322 427 2364 civitate
475 2323 585 2364 bene
640 2333 807 2364 morata
852 2323 946 2364 fieri
989 2329 1174 2380 oportet.
1245 2323 1396 2366 Corri-

41 2379 185 2436 genda
215 2379 377 2434 quippe
407 2385 508 2420 sunt
547 2379 745 2435 vulgaria
782 2378 834 2421 de
866 2379 991 2422 bouis
1031 2379 1233 2435 iudicia,
1263 2386 1395 2436 atque

43 2437 160 2478 cives
200 2451 252 2477 eo
299 2434 591 2490 perducendi,
642 2442 693 2476 ut
736 2436 896 2477 bonam
936 2437 1131 2492 corporis
1181 2437 1394 2479 valetudi-

43 2507 166 2545 nem,
208 2490 542 2544 formositatem,
591 2491 804 2544 honores,
854 2491 1101 2536 divitiarum
1151 2494 1393 2549 possessio--

42 2563 165 2601 nem,
212 2547 475 2603 potentiam,
520 2548 706 2601 similia,
763 2549 914 2590 virtuti
964 2557 1230 2606 postponere
1269 2556 1312 2592 et
1351 2550 1396 2592 in

43 2604 125 2647 hac
155 2619 241 2645 una
272 2603 454 2644 maxime
489 2605 604 2646 vitae
635 2620 738 2647 suae
771 2605 1019 2648 felicitatem
1040 2608 1168 2650 sitam
1187 2622 1283 2650 esse
1314 2607 1398 2649 sibi

46 2659 348 2715 persuadeant.
418 2660 532 2702 Nam
580 2667 853 2703 externorum
905 2662 1117 2706 bonorum
1172 2663 1396 2719 possessio

268 2750 297 2769 Δ
