1612 2872
233 112 315 152 414

335 228 435 269 ΚΛ.

744 109 1121 154 PLATONIS

512 225 689 268 Ἰἀὺτόν
725 239 795 267 σοι
829 226 999 281 πάθος,
1038 219 1070 267 ὦ
1108 227 1316 282 Μέγιλλε,
1353 232 1570 287 καταφαί-

231 308 362 346 νομαι
398 294 696 334 πεπονθέναι·
734 290 851 334 πάνυ
894 290 980 348 γὰρ
1022 290 1176 346 ἀπορῶ
1213 290 1293 343 τὴν
1325 298 1370 336 ὲν
1405 295 1569 347 Κνωσῷ

233 360 457 399 πολιτείαν
496 357 663 398 τούτων
698 356 797 399 τινὰ
836 355 1198 413 διισχυριζόμενος
1233 363 1379 401 εἰπεῖν.

329 422 426 464 ΑΘ.
486 420 648 471 Ὄντως
683 422 781 478 γάρ,
815 416 846 464 ὦ
884 423 1070 479 ἄριστοι,
1092 426 1322 467 πολιτειῶν
1355 431 1567 480 μετέχετε·

231 486 284 536 ἃς
319 490 362 529 δὲ
400 486 690 543 ὠνομάκαμεν
726 491 818 539 νῦν,
845 488 924 532 οὐκ
959 492 1039 532 εἰσί
1073 491 1299 539 πολιτεῖαι,
1323 491 1490 534 πόλεων
1525 493 1569 533 δὲ

332 614 369 647 P.
397 616 473 650 713.
523 616 640 657 εἴπερ
668 617 741 648 τοῦ
774 615 980 648 τοιούτου
1016 614 1087 657 τὴν
1118 614 1264 658 πόλιν]
1297 619 1455 651 Promo
1479 624 1569 652 teste

238 660 394 692 Bekkero
428 661 505 692 Par.
539 664 577 692 Α.
617 662 646 694 h.
680 659 728 693 τὸ.

787 661 984 703 Legendmn
1019 667 1072 693 est
1105 663 1197 702 εἴπερ
1233 661 1270 693 τὸ
1302 665 1364 696 τοῦ
1398 664 1569 701 τοιούτου,

233 705 323 745 quod
351 706 515 738 exhibent
545 703 581 738 Ω.
609 717 638 738 v.
666 707 687 737 s.
715 717 753 749 r..
778 707 820 738 de
845 716 912 748 quo
940 706 1006 738 vid.
1035 708 1204 747 explicati.

303 747 348 781 ιὸ
377 752 449 782 τοῦ
473 747 645 792 άληθῶς
668 752 746 783 τῶν
771 749 842 782 τὸν
866 753 975 782 νοῦν
999 749 1182 792 ἐχόντων
1206 751 1566 798 δεσπόζονιοε-]

236 794 432 837 Legebatur
456 792 622 838 ἀληθοῦς.

231 904 316 936 haec
347 907 606 945 pronuntiavit:
636 903 701 938 οὐκ
726 907 788 947 ἔχω
814 917 868 938 σοι

231 947 369 989 φράζειν
404 948 511 989 οὕτω,
542 956 659 983 tamen
690 952 746 984 hic
777 958 868 984 certe

230 996 424 1027 orationem
479 997 699 1029 conformare
755 998 868 1038 potuit

230 1040 348 1080 paullo
397 1042 500 1074 aliter
544 1048 648 1083 atque
697 1052 773 1074 earn
818 1043 868 1074 sic

229 1086 396 1126 exordiri,
412 1097 452 1119 ac
475 1088 503 1119 si
528 1087 653 1119 deinde
674 1084 739 1119 οὐκ
763 1088 866 1128 ἔχοιμι

228 1131 383 1163 dicturus
424 1138 526 1165 esset.
593 1133 712 1175 ltaque
752 1133 865 1165 locum

229 1176 278 1207 sic
295 1176 538 1218 explicandum
551 1179 778 1212 arbitramur:
791 1189 806 1211 s
819 1179 867 1210 ed

231 1231 310 1263 ego
344 1223 405 1254 sic
427 1225 589 1259 statim.
615 1225 650 1256 si
681 1225 866 1256 interro·

230 1277 327 1308 ger,
359 1279 443 1300 non
481 1270 648 1311 possim
682 1279 767 1302 rem
800 1270 865 1301 de-

229 1312 366 1344 finire
404 1324 451 1346 ac
502 1315 751 1355 declarare,
788 1325 867 1346 nec

229 1367 400 1399 revera,
425 1360 467 1391 id
499 1361 580 1391 iam
607 1370 798 1402 possum,
824 1361 865 1392 id

230 1404 345 1444 quod
396 1406 554 1445 paullo
607 1410 705 1438 ante
761 1406 864 1438 dixi.

228 1448 359 1480 Errant
395 1456 515 1483 nostro
555 1451 704 1491 iudicio,
737 1452 796 1492 qui
829 1452 865 1482 in

228 1495 355 1526 talibus
402 1495 488 1527 locis
537 1492 579 1526 ἃν
622 1501 744 1537 putant
787 1507 864 1528 cum

226 1541 411 1582 participio
460 1545 521 1574 aut
563 1542 641 1573 aliis
684 1542 861 1574 vocabulis

225 1585 440 1617 intermediis
473 1588 747 1619 connectendum
774 1597 861 1619 esse.

229 1629 384 1662 Pertinet
414 1632 504 1663 enim
530 1633 701 1672 particula
728 1642 862 1673 semper

225 1676 270 1708 ad
292 1676 435 1707 verbum
460 1678 629 1708 enuntiati
646 1678 861 1718 primarium,

227 1721 322 1762 quod
356 1722 385 1752 si
417 1722 487 1753 alio
519 1722 641 1762 modo,
666 1727 770 1762 atque
799 1733 861 1764 per

223 1766 389 1808 loquendi
414 1777 514 1798 usum
538 1768 681 1808 proprie
704 1767 780 1799 fieri
798 1778 861 1808 po-

224 1815 325 1850 terat,
349 1810 501 1852 positum
527 1816 591 1851 est,
615 1822 671 1844 res
697 1822 739 1843 ex
764 1814 862 1844 insti—

225 1861 320 1889 tutae
365 1858 634 1890 constructionis
681 1858 863 1899 repentina

223 1903 416 1934 mutatione
442 1903 611 1934 declarari
638 1903 750 1935 debet.
799 1903 863 1935 Rei

223 1948 756 1988 exemplumhabesluculentum
766 1948 861 1990 Apo-

222 1993 295 2035 log.
321 1992 419 2024 Socr.
444 1993 549 2049 1329.
581 1993 624 2025 C:
653 1990 711 2034 ὥς,
736 1992 770 2025 εἰ
791 1992 860 2025 δια-

224 2038 424 2079 φευξοίμην,
441 2037 506 2080 ηδη
531 2035 574 2070 ἄν
598 2035 693 2078 ὑμῶν
718 2038 756 2070 οἱ
777 2039 861 2071 υἱεῖς

223 2101 263 2108 -
290 2082 601 2126 διαφθαρήσονται,
638 2085 697 2116 ubi
727 2081 770 2115 ἄν
797 2095 859 2125 po—

222 2129 325 2161 situm
358 2136 410 2161 est
440 2131 586 2171 perinde
617 2140 657 2162 ac
682 2130 711 2162 si
736 2140 860 2171 sequu-

222 2179 336 2206 turum
361 2180 454 2206 esset
468 2173 778 2217 διαφθαρήσοιντο,
796 2176 857 2207 sed

222 2221 433 2252 indicativus
476 2221 647 2258 infertur,
692 2221 857 2262 quoniam

221 2275 277 2296 res
308 2266 433 2297 deinde
462 2267 589 2300 certius
624 2271 855 2298 asseveratur.

220 2310 353 2342 Eadem
393 2310 484 2342 ratio
523 2317 575 2344 est
610 2311 786 2344 Phaedon.
823 2321 856 2353 p.

221 2355 278 2390 61.
310 2355 358 2386 C:
392 2351 473 2387 οὐδ’
505 2353 698 2388 ὁπωςτιοῦν
727 2354 769 2387 ὅν
802 2365 856 2387 σοι

221 2395 309 2432 ἑκών
323 2395 409 2431 εἶναι
440 2401 598 2434 πείσεται.
626 2402 854 2442 Aristoph.

222 2444 338 2478 Nubb.
377 2456 411 2477 v.
445 2446 546 2481 1141.
571 2448 630 2479 ubi
655 2458 698 2480 ex
721 2447 859 2479 Raven-

222 2495 303 2524 nate
326 2494 361 2522 et
387 2490 518 2523 Veneto
553 2493 643 2525 libro
675 2493 859 2525 restituen-

222 2536 325 2568 dum:
349 2531 452 2567 οὐδὲν
478 2536 546 2579 γὰρ
567 2535 609 2568 ἅν
638 2549 676 2577 με
702 2537 859 2579 φλαῦρον

222 2577 412 2623 ἐργασέσθ’
437 2581 493 2619 ἔτι,
510 2592 614 2624 quum
635 2584 696 2615 alii
708 2581 864 2615 habeant*

222 2622 416 2668 ἐργάσησθ“
441 2626 497 2658 ἔτι.
521 2627 556 2659 X
564 2638 582 2659 e
591 2637 612 2659 n
622 2638 642 2660 o
651 2628 713 2669 ph.
728 2628 857 2670 Cyrop.

222 2670 279 2705 111.
304 2671 340 2712 3,
360 2670 417 2706 30.
444 2672 508 2704 lv.
526 2672 560 2714 5,
573 2672 628 2707 49.
659 2673 741 2705 VII.
756 2674 789 2714 5,
800 2673 854 2707 21.

675 797 783 830 Recte
809 793 948 838 ἀληθῶς
971 798 1016 829 Α.
1047 797 1084 828 Β.
1112 801 1147 829 et
1173 797 1294 831 Bastio
1319 799 1454 840 quidem
1480 804 1570 832 teste

935 907 1018 938 Alia
1049 908 1137 938 ratio
1171 913 1223 939 est
1258 907 1312 940 De
1343 908 1428 950 Rep.
1463 910 1508 941 X.
1536 920 1567 951 p.

934 952 1014 985 610.
1039 953 1083 982 Α.
1109 952 1168 983 ubi
1198 963 1261 993 pro
1289 955 1379 995 vulg.
1408 950 1568 995 ὀρθότατ’

936 995 994 1033 ἅν,
1019 997 1105 1038 ἔφη,
1130 997 1250 1038 λέγεις,
1276 1009 1317 1030 ex
1349 1001 1448 1031 codd.
1482 1011 1568 1032 non-

933 1043 1039 1074 nullis
1072 1041 1183 1083 λέγοις
1223 1044 1473 1076 restituendum
1505 1050 1568 1088 est,

935 1089 1037 1120 sicuti
1061 1097 1125 1119 nos
1151 1088 1279 1120 dudum
1305 1089 1459 1122 fecimus.
1496 1091 1570 1124 Nec

934 1133 1075 1165 defendi
1107 1143 1210 1174 posse
1246 1134 1408 1166 videntur
1431 1136 1493 1168 illa
1517 1137 1569 1168 De
1610 1165 1612 1168 ⁴

933 1178 1020 1220 Rep.
1054 1178 1083 1209 Ῑ.
1117 1189 1151 1220 p.
1183 1179 1262 1214 353.
1286 1180 1338 1212 Ez
1365 1177 1497 1213 οὐκοῦν
1523 1178 1569 1213 δι·
1610 1197 1611 1201 =

935 1225 1039 1255 nat'ms·
1076 1220 1119 1255 ἂν
1156 1225 1257 1256 ταῦτα
1296 1222 1427 1257 τούτων
1460 1226 1569 1267 φαμὲν
1608 1242 1609 1247 ’

935 1269 1017 1312 ἔργα
1035 1264 1140 1307 εἶναι;
1164 1271 1223 1302 ubi
1242 1271 1457 1312 ineptissime
1474 1273 1568 1312 fecit,
1606 1281 1609 1316 J

935 1317 995 1356 qui
1028 1312 1070 1345 ἂν
1101 1316 1146 1347 ad
1176 1314 1315 1347 δικαίως
1350 1317 1566 1350 referendum
1605 1317 1607 1356 J

935 1362 1198 1392 raius‘sensum
1234 1361 1324 1393 hunc
1359 1363 1395 1393 in
1428 1364 1566 1396 modum
1604 1379 1605 1391 1

933 1406 1140 1438 declaravit:
1167 1403 1358 1444 οὖκοῦν,εἰ
1372 1408 1475 1440 ταῦτα
1487 1407 1565 1441 rov'-
1602 1439 1603 1452 1

934 1462 1000 1482 των
1030 1450 1140 1491 φαμὲν
1172 1451 1255 1494 ἔργα
1297 1448 1396 1490 εἶναι,
1430 1452 1569 1486 δικαίως
1601 1453 1609 1498 ,’

932 1495 975 1528 ἂν
1001 1500 1133 1537 φαῖμεν,
1157 1507 1323 1538 perverso
1356 1500 1487 1531 scilicet
1512 1510 1566 1532 or·
1600 1494 1609 1528 1

931 1542 1012 1574 dine
1043 1544 1193 1583 partium
1229 1544 1409 1575 enuntiati.
1457 1544 1566 1577 Nimi-
1599 1544 1601 1547 ’

930 1597 1004 1618 rum
1028 1587 1077 1618 ibi
1095 1591 1217 1628 φαῖμεν
1237 1589 1454 1621 scribendum
1480 1601 1567 1629 esse,
1597 1595 1605 1616 ³

929 1632 1022 1663 haud
1049 1637 1140 1664 certe
1167 1633 1375 1665 dubitabunt
1400 1635 1458 1676 qui
1484 1645 1565 1667 con·
1596 1650 1597 1653 ¹

930 1677 1073 1708 tulerint
1110 1678 1195 1709 ibid.
1231 1688 1266 1719 p.
1304 1678 1384 1712 353.
1423 1679 1468 1711 D.
1506 1681 1566 1712 ubi
1595 1688 1601 1719 ¹¹.

930 1722 1064 1754 scribae
1103 1724 1186 1754 item
1220 1726 1342 1762 φαῖμεν
1376 1725 1411 1756 ἰη
1456 1725 1565 1766 φαμέν
1592 1724 1595 1764 j

929 1768 1174 1808 depravarunt.
1225 1768 1386 1801 Ceterum
1417 1767 1453 1801 δὲ
1485 1776 1566 1813 post
1592 1765 1594 1801 1

929 1810 996 1854 ἐγώ
1019 1813 1151 1844 illatum
1181 1823 1224 1845 ne
1256 1814 1334 1855 quis
1363 1815 1401 1846 in
1427 1813 1469 1856 δή
1492 1827 1564 1848 mu-

928 1858 1072 1890 tandum
1098 1863 1206 1899 putet,
1229 1859 1360 1891 indicat
1382 1862 1564 1905 particula,
1588 1861 1597 1912 1

928 1904 1055 1935 reverti
1080 1914 1171 1935 nunc
1197 1904 1241 1936 ad
1262 1905 1473 1945 superiorem
1488 1917 1563 1939 sen·
1594 1903 1597 1920 '⁵

928 1949 1091 1990 tentiam,
1121 1954 1158 1980 ut
1187 1949 1264 1981 Lat.
1300 1950 1382 1982 sed.
1413 1951 1465 1983 De
1495 1952 1563 1984 La·
1586 1949 1594 1981 ἒ

927 1994 1011 2025 tinis
1035 2005 1067 2026 v.
1092 1994 1236 2026 Beier.
1262 1996 1305 2027 ad
1330 1994 1441 2028 Cicer.
1460 1996 1561 2030 offic.
1584 2016 1586 2031 1

927 2040 1008 2071 Vol.
1041 2039 1070 2071 Ι.
1104 2050 1136 2080 p.
1168 2039 1247 2074 141.
1280 2045 1315 2072 et
1334 2040 1422 2075 229.
1452 2042 1501 2074 11.
1527 2053 1560 2084 p.
1583 2044 1585 2075 1

927 2084 1005 2119 365.
1064 2083 1219 2117 Graecae
1269 2087 1413 2118 voculae
1462 2098 1561 2120 usum
1580 2092 1590 2121 1

927 2130 1179 2171 expediverunt
1193 2130 1411 2163 Schaefer.
1430 2133 1475 2164 ad
1489 2133 1560 2165 De·
1580 2151 1582 2177 1

924 2174 1095 2208 mosthen.
1112 2176 1244 2217 Appar.
1274 2176 1348 2208 Vol.
1372 2177 1395 2209 Ι.
1421 2188 1455 2219 p.
1480 2177 1558 2212 472.
1578 2184 1586 2217 J

925 2226 959 2252 et
996 2221 1040 2252 V.
1078 2230 1113 2261 p.
1145 2220 1223 2255 644.
1260 2225 1293 2252 et
1329 2222 1395 2254 Fr.
1440 2224 1557 2264 Aug.
1578 2226 1586 2248 1

970 2357 1293 2396 καταφαίνομαι
1344 2368 1452 2390 πεπο
1465 2357 1557 2389 νθιὲ-
1572 2353 1581 2397 11

924 2401 1012 2443 ναι]
1038 2401 1312 2434 Hermannus
1334 2404 1386 2435 .de
1410 2414 1474 2436 suo
1500 2405 1557 2436 de·
1573 2399 1574 2403 ’

925 2447 977 2479 dit
1001 2442 1094 2488 κάγώ
1119 2446 1302 2486 (palmata,-
1324 2459 1395 2480 non
1421 2450 1520 2481 male.
1570 2473 1572 2481 s

971 2490 1080 2523 πάνυ
1122 2489 1197 2533 γὰρ
1233 2488 1389 2535 ἀπορῶ
1429 2513 1468 2517 -
1506 2492 1556 2526 el-

926 2536 1038 2580 πεῖν]
1079 2537 1149 2569 Pro
1183 2535 1288 2569 εἰπεῖν
1320 2540 1399 2571 vide
1429 2549 1473 2572 an
1504 2549 1556 2571 re·
1569 2538 1576 2567 1

924 2582 1122 2624 ponendum
1164 2583 1210 2615 sit
1250 2578 1346 2616 εἶναι.
1407 2584 1573 2628 *1,’1113ειτιι1

924 2629 1096 2670 scriptura
1136 2627 1242 2659 habet
1280 2634 1370 2662 certe
1405 2630 1555 2671 explica·
1570 2663 1572 2670 ,

923 2674 1053 2706 tionem
1077 2672 1326 2706 difficillimam.
1566 2673 1571 2688 ‘¹
