1612 2872
224 135 306 179 DE
339 129 612 175 LEGIBUS
647 127 764 170 MR.
798 123 880 167 ΙΙΙ.
918 123 964 165 Ρ.
998 120 1092 163 680.
1125 120 1190 162 St.
1307 118 1387 160 26¹.)

150 258 256 300 ME.
321 252 473 307 Ἡμεῖς
508 248 550 290 δ’
595 241 653 291 αὖ
687 244 905 302 χρώμεθα
939 245 1043 298 μέν,
1087 240 1160 282 καὶ
1194 241 1307 280 ἔοικέ
1342 254 1388 291 ys

48 332 223 381 κρατεῖν
255 322 341 364 τῶν
392 315 604 361 τοιούτων
640 313 858 365 ποιητῶν,
907 309 961 353 οὐ
996 313 1146 363 μέντοι
1184 307 1390 348 Λοικωνιο

47 393 126 437 κόν
161 407 231 444 γε,
277 385 392 430 ἀλλά
432 401 531 427 τινα
566 385 739 438 μᾶλλον
771 378 965 422 Ἰωνικὸν
1001 378 1102 431 βίον
1135 373 1392 429 διεξέρχεται

47 460 240 508 euagon.
288 457 370 498 νῦν
406 451 495 506 μὴν
534 445 582 495 εὖ
617 451 677 505 τῷ
712 449 774 503 σῷ
821 445 938 500 λόγῳ
986 448 1094 488 ἔοικε
1138 450 1393 498 μαρτυρεῖν,

19 526 97 587 ,τὸ
134 526 324 581 ἀρχαῖον
359 520 509 564 αὐτῶν
547 521 616 562 ἐπὶ
651 515 731 569 τὴν
764 512 1011 570 ἀγριότητα
1052 511 1124 554 διὰ
1179 512 1393 562 μυθολο-

47 599 145 650 γίας
180 588 490 644 ὲπανενεγκών.

150 660 250 702 ΑΘ.
325 658 436 698 Ναί·
473 653 768 709 ξυμμαρτυρεῖ
787 649 886 703 γάρ,
918 649 992 690 καὶ
1023 643 1226 701 λάβωμέν
1248 661 1295 699 γε
1313 643 1394 687 αὐ-

50 727 127 771 τὸν
163 724 374 781 μηνυτήν,
408 719 478 764 ὅτι
514 720 719 764 τοιαῦται
757 718 974 759 πολιτεῖαι
1008 714 1240 770 γίγνονταί
1274 728 1394 756 ποτε.

151 794 252 836 ΚΑ.
325 790 498 839 Καλῶς.

153 861 247 904 ΑΘ.
317 859 431 901 Μῶν
475 848 556 899 οὖν
590 851 670 896 οὐκ
716 856 760 894 ἐκ
805 848 975 892 τούτων
1019 849 1106 891 τῶν
1141 843 1255 890 κατὰ
1289 849 1396 901 μίαν

53 929 220 980 οἴκησιν
267 928 340 968 καὶ
388 922 501 967 κατὰ
546 927 669 976 γένος
718 921 1046 973 διεσπαρμένων
1080 913 1168 959 ὑπὸ
1204 913 1398 972 ἀπορίας

148 1057 192 1089 D.
239 1054 286 1088 τὸ
319 1054 508 1096 ἆρχαῖον
539 1050 702 1093 αὐτῶν]
735 1050 773 1082 V.
799 1045 930 1087 αὐτόν,
962 1045 1054 1088 quod
1085 1055 1128 1079 ex
1155 1047 1193 1079 Α.
1222 1044 1261 1077 Β.
1293 1042 1332 1077 Ω.
1359 1045 1396 1077 Ξ.

54 1104 200 1145 aliisque
225 1101 380 1145 plurimis
405 1104 611 1133 correctum.
660 1095 849 1130 Florentini
873 1091 978 1125 αὐτόν
1004 1098 1126 1126 tenere
1151 1090 1324 1129 videntur,
1356 1101 1398 1124 ex

53 1150 178 1193 quibus
202 1149 292 1182 nulia
318 1150 458 1180 enotata
483 1149 539 1179 cst
563 1144 721 1179 lectionis
746 1140 939 1175 diversitas.

144 1195 252 1227 Μῶν
281 1189 358 1227 οὖν
389 1191 467 1225 οὐκ
500 1192 540 1224 ἐκ
574 1189 742 1223 τούτων
767 1190 834 1228 -]
863 1185 1027 1219 Accessit
1052 1178 1116 1218 οιῖν
1139 1193 1181 1217 ex
1206 1185 1252 1216 A.
1282 1183 1321 1216 B.
1347 1184 1398 1216 Ω.

55 1243 85 1276 li.
112 1252 139 1275 r.
166 1242 197 1274 d.

57 1355 212 1390 Praefat.
245 1353 291 1388 ad
315 1350 501 1385 editionem
527 1350 693 1383 minorem

57 1401 239 1435 Turieens.
265 1411 299 1444 p.
316 1400 361 1431 X.
387 1406 505 1430 verum
531 1406 609 1430 esse
631 1393 696 1438 ἆρ-

55 1451 168 1490 gatar.
231 1443 466 1486 Quamobrem
515 1441 695 1485 legendum

56 1495 244 1527 arbitratur
261 1490 299 1524 τὰ
318 1490 484 1531 ἄναρχον,
500 1488 697 1521 coniectura

57 1541 158 1583 plane
188 1539 395 1581 importuna.
447 1534 568 1576 Neque
608 1534 697 1566 enim

59 1585 181 1628 priscis
206 1585 271 1617 iilis
295 1581 489 1616 bominibus
513 1580 566 1613 hic
590 1578 696 1622 n'mp·

55 1634 117 1673 χω
149 1631 275 1674 tributa
306 1632 384 1668 est,
427 1625 488 1659 sed
525 1625 698 1668 adscripta

59 1677 172 1719 potius
186 1675 380 1708 δυναστεία.
406 1671 510 1708 Quod
529 1681 630 1705 unum
644 1675 696 1704 te-

57 1723 174 1756 nuisse
199 1722 282 1755 satis
306 1719 434 1753 valebit
452 1717 496 1751 ad
517 1717 697 1751 confutan-

58 1769 136 1802 dam
161 1768 261 1802 istam
285 1766 347 1799 viri
372 1764 464 1798 docti
486 1765 696 1807 opinionem.

59 1814 232 1854 Αὐτῶν,
267 1823 331 1856 pro
362 1820 432 1853 quo
456 1811 562 1853 vulgo
586 1807 698 1842 αὐτόν

60 1859 259 1902 legebatur,
302 1855 519 1891 referendum
559 1855 697 1888 omnino

61 1905 107 1938 ad
131 1905 265 1948 priscos
287 1904 367 1937 illos
397 1901 576 1941 homines,
606 1910 694 1942 quo-

62 1961 135 1984 rum
161 1955 262 1984 antea
286 1947 417 1982 mentio
443 1951 497 1980 est
519 1947 657 1980 iniecta.

107 1996 216 2029 Mo),
253 1991 332 2028 οὖν
371 1992 451 2026 ουίι
487 1993 530 2024 δη
567 2005 600 2025 τ.
629 1991 695 2033 --·]

65 2043 196 2076 Horum
227 2041 410 2075 verborum
444 2039 532 2073 ratio
557 2042 593 2072 et
617 2047 696 2070 sen-

62 2088 169 2122 tentia
209 2092 247 2121 ut
283 2087 421 2130 penitus
459 2085 697 2128 perspiciatur,

62 2135 245 2178 plurimum
279 2132 408 2166 iuvabit
438 2131 610 2172 tenuisse,
653 2129 696 2163 ad

62 2181 134 2223 μόν
149 2175 212 2212 οὖν
229 2178 293 2212 οὐκ
305 2179 340 2211 ἐκ
355 2190 426 2211 ιτ.
445 2177 701 2219 διεσπαρμένων

65 2236 108 2259 ex
138 2225 348 2268 antegressis
382 2223 492 2266 repeti
516 2228 698 2266 oportere:

65 2274 229 2304 τοιαῦται
278 2270 451 2304 πολιτεῖαι
510 2271 699 2313 γίγνονται.

65 2317 145 2352 Quo
177 2317 368 2357 intellecto,
397 2316 529 2359 reliqna
558 2316 699 2349 facilem

66 2362 191 2396 babent
216 2361 488 2405 explicationem,
513 2366 551 2394 nt
575 2362 700 2395 nuliam

66 2408 244 2442 videamus
276 2408 342 2441 ioci
373 2407 525 2441 mutandi
550 2408 702 2441 necessi·

66 2457 182 2488 tatem.
230 2453 318 2488 Num
347 2452 433 2486 κατὰ
466 2455 550 2496 μίαν
572 2455 702 2495 οἴκησιν

66 2499 122 2533 καὶ
149 2499 246 2543 γένος
276 2503 330 2534 est
360 2499 536 2533 vicatim
569 2504 604 2532 et
632 2510 699 2542 ge-

68 2546 275 2586 neratim,
308 2544 505 2587 indicatque
537 2546 699 2587 tanquam

66 2591 340 2625 distributionem
370 2590 540 2624 bominum
566 2591 699 2634 disper-

67 2647 183 2671 sorum
209 2638 239 2670 in
265 2637 414 2679 singulas
436 2637 560 2670 domos
589 2642 624 2670 et
648 2637 699 2670 fa·

69 2684 193 2722 nili-s,
224 2693 369 2725 quarum
402 2693 561 2726 quaeque
591 2694 610 2716 a
640 2694 700 2717 ce-

69 2730 152 2762 teris
178 2730 330 2764 seiuncta
345 2728 475 2762 vixerit.
524 2728 591 2764 Qui
617 2739 699 2763 usus

763 1345 1028 1390 praepositionis
1075 1341 1165 1376 aar&
1211 1341 1400 1375 admodum

762 1394 985 1437 pervulgatus
1009 1394 1074 1424 est.
1120 1389 1295 1422 Dicuntur
1319 1399 1402 1422 vero

762 1440 921 1474 civitates
946 1447 989 1471 ex
1016 1436 1210 1470 hominibus
1233 1436 1301 1468 isto
1326 1445 1403 1468 mo-

764 1486 810 1520 do
840 1485 986 1528 sparsim
1020 1482 1214 1515 viventibus
1252 1482 1404 1515 existere

763 1531 834 1566 ὑπὸ
865 1530 1014 1573 &septae
1043 1532 1106 1570 τῆς
1135 1528 1169 1560 ἐν
1196 1531 1275 1566 ταῖς
1308 1531 1404 1570 ‹113⁰—

765 1581 860 1620 ραῖς,
886 1577 917 1610 h.
945 1587 976 1609 e.
1010 1585 1092 1618 prae
1116 1575 1249 1608 consilii
1274 1574 1403 1617 inopia,

764 1626 877 1667 qualis
915 1623 998 1656 oriri
1035 1622 1128 1655 solet
1166 1621 1255 1653 inter
1284 1621 1405 1654 istius·

765 1670 859 1704 modi
887 1668 1168 1708 devastationes,
1201 1668 1322 1709 quales
1353 1665 1404 1700 ef-

764 1716 846 1750 fecit
870 1717 991 1758 ingens
1014 1713 1097 1747 illud
1113 1713 1290 1746 diluvium.
1318 1713 1404 1746 Pra-

764 1773 807 1796 ve
850 1763 938 1796 enim
982 1761 1138 1794 Astius
1176 1758 1261 1793 baec
1299 1760 1406 1793 verba

765 1810 881 1843 retulit
903 1807 946 1841 ad
966 1807 1143 1840 defectum
1159 1804 1335 1840 hominurn
1361 1816 1405 1840 ex

765 1855 924 1888 eluvione
966 1857 1104 1892 ortum3
1149 1852 1205 1894 qui
1242 1852 1406 1885 defectus

761 1905 856 1933 certe
885 1909 952 1933 non
985 1898 1102 1941 potuit
1125 1896 1276 1941 ἀπορίας
1299 1908 1406 1931 voca-

762 1946 844 1979 bulo
870 1944 1052 1986 designari.
1100 1943 1176 1977 Iam
1207 1953 1292 1976 vero
1324 1943 1404 1976 civi-

767 1995 856 2025 tates
885 1994 1057 2034 quatenus
1087 1989 1133 2022 ita
1166 1989 1318 2023 existere
1347 1999 1408 2023 so-

764 2039 874 2078 leant,
907 2037 985 2069 dein
1024 2035 1236 2078 significatur
1266 2035 1404 2070 verbis:

764 2082 799 2116 ὲν
831 2082 886 2122 αἶς
926 2082 966 2115 τὸ
1009 2080 1254 2125 πρεσβύτατον
1289 2080 1404 2124 ἄρχει,

765 2139 854 2172 quae
877 2130 965 2163 mire
979 2127 1213 2171 depravarunt
1237 2130 1263 2160 Α
1277 2129 1404 2170 etius,

766 2176 1004 2210 Bekkerns
1042 2178 1078 2207 et
1113 2173 1404 2214 'Paricea-es,

768 2222 839 2255 sine
864 2222 1028 2256 librorum
1062 2221 1263 2254 assensione
1293 2219 1327 2252 ἐν
1350 2215 1405 2252 οἷς

768 2268 981 2308 scribentes,
1013 2266 1106 2309 qnod
1140 2267 1326 2300 referretur
1359 2266 1403 2299 ad

768 2313 904 2346 τούτων
925 2316 992 2346 τῶν
1007 2330 1049 2337 -
1064 2313 1322 2357 διεσπαρμένων.
1359 2315 1405 2346 At

770 2360 927 2393 nimirum
989 2359 1159 2392 sententia
1220 2359 1401 2393 verborum

770 2405 1026 2449 simplicissima
1061 2404 1144 2438 haec
1174 2409 1246 2446 est:
1287 2406 1403 2438 inter

769 2463 876 2495 quas
906 2451 1213 2494 (devastationes)
1252 2452 1298 2490 ii,
1330 2451 1402 2494 qni

769 2502 918 2532 aetate
955 2501 1057 2532 sunt
1093 2498 1272 2531 maxime
1309 2508 1402 2540 pro·

768 2545 908 2584 vecti,
933 2544 1160 2588 inperium
1187 2541 1400 2585 obtinent,

767 2595 1004 2634 propterea
1034 2590 1149 2633 quod
1181 2590 1402 2634 principa-

767 2642 837 2669 tus
873 2636 928 2670 iis
965 2647 986 2670 a
1026 2641 1147 2680 patre
1182 2640 1224 2670 et
1262 2641 1402 2670 matre

766 2682 935 2726 obtigit.
985 2682 1120 2717 Etenim
1149 2682 1224 2726 ipsa
1248 2682 1400 2715 necessi—

766 2734 821 2762 tas
843 2728 966 2764 dicitur
994 2729 1155 2769 efficere,
1188 2732 1229 2762 ut
1253 2729 1311 2768 iis,
1343 2727 1400 2769 qui

1426 381 1466 422 l)
