1612 2872
264 126 347 168 XC
686 128 1154 172 PROLEGOMENA

263 239 467 281 adversus
498 254 585 292 eos,
617 240 690 293 qui
719 241 846 294 impie
876 240 928 281 de
951 239 1031 282 diis
1051 255 1279 295 eorumque
1302 243 1573 283 veneratione

262 295 458 337 sentiant.
515 295 709 336 Docetur
745 295 875 350 igitur
912 296 1269 350 luculentissime,
1317 297 1395 338 sed
1433 303 1575 339 tamen

260 351 334 403 ita,
363 357 411 391 ut
440 350 671 405 disputatio
700 351 917 406 popularis
947 353 1003 393 sit
1030 358 1073 393 et
1101 352 1339 407 vulgarium
1360 353 1573 395 hominum

261 407 404 461 captui
463 406 802 460 accommodata,
861 408 1039 462 primum
1087 408 1256 462 quidem
1314 422 1406 450 esse
1455 409 1572 461 deos,

260 461 413 502 deinde
444 460 616 502 eosdem
644 477 783 503 rerum
813 462 1090 504 humanarum
1121 478 1266 519 gerere
1297 479 1462 517 curam,
1502 465 1574 506 de-

260 517 388 570 nique
418 517 689 571 turpissimae
719 533 813 559 esse
843 519 1155 575 superstitionis
1185 526 1477 575 argumentum
1495 552 1507 574 ,
1537 522 1572 561 si

260 573 329 625 qui
372 578 548 627 putent,
595 588 722 628 posse
758 589 830 616 eos
869 576 1156 629 precibusac
1195 576 1307 618 votis
1351 575 1464 617 flecti
1501 583 1574 617 aut

259 628 382 669 donis
422 634 465 669 et
502 628 801 684 largitionibus
831 632 1059 685 corrumpi.
1090 655 1141 661 ——
1204 632 1292 672 lam
1322 646 1423 673 vero
1453 632 1572 673 locus

259 683 310 723 de
342 683 424 725 diis
454 699 682 739 eorumque
721 686 836 727 cultu
865 693 1145 741 posteaquam
1186 689 1287 729 satis
1336 687 1572 742 explicatus

257 746 346 794 est,
387 739 486 781 inde
515 741 568 782 ab
598 741 734 782 inito
766 741 895 783 libri
926 742 1211 784 undecimi
1256 743 1393 784 oratio
1435 743 1571 784 defer-

258 802 328 836 tur
366 795 421 836 ad
458 798 628 851 negotia
665 797 808 839 civilia
846 799 950 839 varii
992 799 1160 853 generis
1199 805 1241 840 et
1279 799 1372 839 iura
1409 799 1574 854 privata

257 850 531 893 dilucidanda
570 859 697 906 atque
740 853 907 909 legibus
945 853 1199 895 definienda.
1270 855 1425 910 Agitur
1460 854 1570 895 enim

258 906 311 948 de
350 908 475 949 rebus
506 908 710 963 depositis
740 910 807 950 vel
838 910 1029 963 amissis,
1074 909 1127 950 de
1159 910 1292 952 servis
1322 916 1364 951 et
1392 910 1569 962 libertis,

257 962 310 1003 de
357 978 494 1004 rerum
553 965 733 1005 emtione
784 965 1054 1016 venditione,
1111 965 1163 1006 de
1210 966 1422 1007 locatione
1468 980 1569 1007 con-

256 1018 471 1072 ductione,
502 1019 555 1060 de
584 1021 845 1062 testamentis
875 1036 924 1062 ac
955 1021 1116 1074 tutelis,
1149 1021 1201 1062 de
1231 1021 1572 1063 abdicationibus

255 1080 298 1115 et
323 1074 532 1127 divortiis,
551 1075 602 1116 de
631 1076 862 1129 veneficiis,
892 1077 1266 1130 incantationibus,
1298 1078 1450 1119 ceteris
1471 1078 1568 1118 arti-

256 1130 334 1171 bus
364 1131 562 1187 magieis,
601 1138 644 1172 et
673 1147 781 1185 quae
813 1139 913 1173 sunt
941 1132 985 1173 id
1014 1147 1150 1188 genus
1178 1133 1274 1173 alia.
1332 1132 1453 1185 Quae
1482 1146 1570 1174 om-

255 1186 324 1227 nia
361 1202 497 1241 paene
535 1188 773 1243 promiscue
824 1195 925 1230 sunt
970 1189 1187 1242 exposita,
1236 1188 1383 1230 ordine
1431 1189 1569 1230 minus

254 1251 453 1284 accurate
493 1249 675 1285 servato.
742 1245 887 1298 Atque
930 1244 971 1285 in
1013 1244 1209 1286 similium
1248 1258 1388 1286 rerum
1415 1250 1569 1286 tracta-

253 1298 366 1340 tione
395 1300 589 1355 pergitur
627 1299 755 1340 etiam
786 1300 936 1341 libro
967 1300 1303 1342 duodecimo.
1363 1300 1431 1342 Ibi
1461 1300 1569 1341 enim

253 1354 465 1410 principio
506 1354 559 1396 de
597 1355 721 1397 furtis
764 1361 807 1396 et
846 1355 898 1396 de
937 1356 1129 1397 militaris
1160 1355 1409 1410 disciplinae
1468 1371 1569 1398 con-

251 1416 385 1451 temtu
424 1426 474 1452 ac
510 1411 741 1452 violatione
783 1411 934 1467 agitur.
1004 1411 1173 1453 Deinde
1214 1410 1459 1467 disputatur
1516 1411 1569 1453 de

251 1480 429 1508 censura
469 1468 790 1523 magistratuum
831 1474 960 1521 atque
1007 1467 1163 1508 civium
1202 1473 1290 1508 tum
1337 1467 1568 1509 viventium

251 1530 340 1563 tum
390 1529 651 1564 mortuorum
707 1523 895 1579 agenda,
957 1522 1094 1577 deque
1141 1523 1459 1579 magistratibus
1514 1522 1567 1563 ad

250 1578 296 1619 id
334 1593 488 1620 munus
527 1578 770 1620 obeundum
811 1578 1020 1620 creandiS.
1081 1579 1323 1635 Exponitur
1357 1594 1485 1635 porro
1515 1578 1567 1619 de

250 1634 522 1676 iureiurando
562 1640 605 1676 et
647 1635 833 1690 periurio
875 1640 918 1675 et
958 1634 1011 1675 de
1041 1636 1189 1691 poenis
1221 1650 1389 1689 eorum,
1420 1634 1491 1690 qui
1522 1649 1567 1675 se

249 1689 433 1744 publicis
463 1690 709 1732 muneribus
739 1690 1038 1732 subtraxerint.
1079 1691 1189 1731 Tum
1217 1690 1315 1731 inde
1347 1706 1371 1731 a
1398 1707 1439 1746 p.
1470 1692 1564 1732 949.

249 1745 315 1786 ed.
347 1745 496 1801 Steph.
530 1746 582 1787 de
612 1747 863 1787 commercio
894 1761 989 1788 cum
1029 1746 1122 1787 aliis
1154 1746 1394 1788 civitatibus
1422 1761 1564 1787 mone-

249 1809 318 1842 tur
355 1802 565 1856 simulque
606 1801 867 1855 ostenditur,
908 1808 1109 1855 quantum
1149 1802 1511 1858 peregrinationes
1542 1818 1565 1843 a

249 1857 348 1899 viris
378 1858 640 1913 sapientibus
670 1858 714 1898 in
755 1858 912 1899 alienas
937 1868 1068 1899 terras
1100 1865 1321 1913 susceptae
1352 1872 1480 1911 quum
1510 1857 1564 1899 ad

248 1913 414 1954 civilem
445 1913 713 1968 prudentiam
742 1919 830 1954 tum
862 1913 915 1954 ad
946 1912 1256 1954 emendandum
1277 1919 1432 1955 statum
1462 1913 1564 1955 civi-

247 1969 348 2011 tatis
387 1969 543 2011 habere
582 1969 760 2025 possint.
828 1970 962 2010 Porro
1001 1969 1053 2010 de
1093 1969 1356 2025 excipiendis
1386 1969 1562 2024 hospiti-

247 2025 326 2066 bus
368 2025 635 2080 disputatur,
679 2040 859 2079 quorum
895 2025 1012 2066 varia
1050 2040 1207 2080 genera
1252 2025 1561 2067 discernuntur.

248 2081 475 2122 Praeterea
512 2081 795 2123 subiiciuntur
832 2081 948 2136 leges
987 2080 1039 2121 de
1079 2080 1374 2132 fideiussione,
1415 2079 1467 2121 de
1498 2096 1561 2122 re-·

247 2151 338 2176 rum
377 2137 629 2178 furtivarum
659 2137 727 2178 vel
757 2137 1003 2178 amissarum
1033 2136 1074 2176 in
1107 2136 1231 2177 domo
1265 2136 1402 2177 aliena
1432 2150 1559 2190 quae-

247 2192 484 2246 stionibus,
522 2193 576 2234 de
613 2193 739 2234 rebus
780 2206 862 2234 usu
892 2191 1109 2247 capiendis
1138 2206 1187 2233 ac
1217 2192 1561 2247 praescriptioni-

247 2248 343 2301 bus,
385 2247 438 2288 de
467 2250 640 2290 testium
670 2249 738 2290 vel
768 2254 959 2289 actorum
990 2248 1034 2288 in
1065 2246 1234 2289 iudiciis
1264 2249 1558 2301 summotione,

246 2303 299 2345 de
337 2303 624 2358 prohibitione
677 2303 887 2346 sociorum
927 2303 1168 2345 certaminis
1200 2318 1224 2344 a
1264 2303 1455 2357 theatro,
1507 2303 1559 2344 de

246 2359 347 2400 furti
387 2359 609 2413 celatione,
661 2364 713 2401 de
743 2359 1042 2402 sodalitatibus
1088 2365 1131 2400 et
1172 2359 1559 2415 conspirationibus

246 2420 398 2456 contra
425 2416 728 2470 rempublicam
757 2415 894 2468 factis,
924 2414 1062 2469 d‘eque
1089 2414 1264 2456 crimine
1295 2430 1454 2468 eorum,
1486 2416 1557 2469 qui

244 2472 287 2511 in
302 2470 560 2525 reipublicae
581 2470 942 2513 administratione
961 2470 1074 2512 dona
1095 2469 1318 2525 accipiant.
1337 2470 1558 2512 Postremo

245 2526 469 2568 disseritur
485 2526 625 2568 adhuc
644 2526 696 2567 de
718 2527 888 2568 tributis
908 2532 951 2568 et
969 2526 1260 2582 vectigalibus,
1282 2526 1334 2568 de
1355 2533 1495 2568 sumtu
1514 2527 1556 2569 in

246 2583 372 2625 rebus
388 2582 520 2624 sacris
537 2581 769 2637 prudenter
789 2581 1076 2637 temperando,
1094 2582 1145 2623 de
1165 2582 1292 2623 variis
1307 2582 1555 2624 iudiciorum

245 2637 463 2693 gradibus,
481 2638 533 2680 de
552 2637 739 2680 iudicum
754 2638 921 2692 officiis,
939 2638 990 2680 de
1009 2639 1214 2680 factorum
1237 2637 1485 2680 iudiciorum
1506 2653 1555 2679 ac
