1612 2872
225 98 304 138 372
434 79 443 85 “
657 91 1112 135 ARGUMENTUM

227 213 373 262 optet,
397 219 522 259 quam
552 204 650 255 boc,
681 209 730 242 ut
758 202 797 242 ei
827 202 1006 256 civitati,
1038 203 1107 244 cui
1129 203 1245 258 leges
1265 203 1445 244 daturus
1477 202 1548 252 sit,

228 275 338 304 unus
376 259 535 315 praesit
581 263 810 313 tyrannus,
861 272 992 312 penes
1030 272 1155 311 quem
1201 273 1363 300 summa
1410 273 1551 300 rerum

230 317 417 359 omnium
458 319 652 369 potestas
683 311 770 353 sit?
827 313 942 355 Nam
971 313 1077 354 haec
1108 328 1194 354 una
1221 313 1386 369 imperii
1416 314 1551 354 forma
1582 335 1584 338 v

231 372 410 414 maxime
450 369 605 410 idonea
646 375 711 409 est
750 367 803 408 ad
846 383 982 410 novos
1031 384 1168 411 mores
1216 368 1551 411 introducendos

231 441 427 480 novaque
467 424 664 465 instituta
706 423 925 464 fundanda
974 430 1101 478 atque
1148 425 1377 476 firmanda3
1426 440 1552 479 quam

231 482 399 523 laudem
418 480 608 536 proxime
629 485 729 534 post
759 494 849 520 eam
869 480 1094 534 imperium
1127 479 1322 533 duorum,
1345 487 1443 536 post
1471 480 1554 520 hoc

231 544 372 578 autem
414 536 674 576 democratia
710 534 791 576 sibi
829 535 1032 576 vindicat.
1099 535 1212 576 Nam
1243 537 1388 590 plures
1417 535 1555 577 sicubi

231 592 492 647 reipublicae
532 593 756 646 praesunt,
800 591 933 632 veluti
962 592 1005 632 in
1035 591 1324 645 aristocratia,
1365 592 1424 633 ibi
1453 606 1555 632 vero

232 654 408 704 propter
451 647 698 702 opinionum
737 653 779 687 et
818 646 1071 688 iudiciorum
1110 647 1358 689 varietatem
1390 662 1439 688 ac
1469 646 1556 688 dis-

233 703 473 745 sensionem
510 702 672 756 aliquid
701 701 744 742 in
775 703 926 743 melius
965 702 1119 744 mutari
1162 702 1277 744 haud
1317 703 1440 744 facile
1479 718 1556 759 po·-

236 766 331 801 test.
403 759 632 814 Tyrannus
670 764 813 798 autem
855 758 926 799 ille
969 758 1003 800 si
1042 758 1171 799 fuerit
1207 759 1373 800 iuvenis
1405 759 1558 800 alacris

234 814 420 870 ingenii,
462 814 532 867 qui
573 813 741 854 facilem
772 814 897 855 bonis
934 814 1125 855 consiliis
1166 828 1310 855 aurem
1338 815 1558 870 praebeat,

236 886 284 912 ac
325 868 578 910 fortitudine
620 869 834 922 animique
872 868 1168 924 magnitudine
1217 870 1414 923 emineat,
1454 870 1560 910 nihil

236 927 325 967 fere
357 925 539 979 cogitari
577 930 650 965 aut
688 923 796 979 fingi
824 925 964 965 animo
994 930 1158 980 potest,
1199 924 1313 978 quod
1341 925 1562 981 legislator

239 981 416 1022 ulterius
465 980 549 1021 sibi
580 986 778 1034 expetat:
819 995 916 1021 nam
947 980 1024 1021 tali
1053 980 1145 1021 viro
1176 980 1290 1022 cives
1321 996 1467 1023 omnes
1498 982 1561 1023 fa-

238 1037 318 1078 cile
365 1036 577 1091 parebunt
633 1041 677 1076 et
736 1036 1040 1089 obsequentur.
1119 1036 1368 1078 Flectentur
1435 1038 1560 1090 enim,

240 1106 498 1147 quocunque
526 1091 597 1132 ille
628 1090 765 1140 volet3
796 1106 932 1145 eoque
966 1092 1030 1133 vel
1061 1098 1292 1147 praeeunte
1324 1093 1562 1148 exemplum

242 1149 308 1189 vel
346 1148 474 1188 etiam
501 1147 675 1188 iubente
713 1146 828 1187 haud
859 1162 985 1203 aegre
1014 1148 1220 1202 pristinos
1260 1164 1398 1190 mores
1429 1155 1471 1190 et
1499 1149 1564 1190 in·-

241 1206 391 1245 stituta
421 1219 515 1244 cum
545 1203 668 1244 novis
697 1204 1016 1257 permutabunt.
1085 1204 1201 1245 Huic
1238 1203 1370 1259 igitur
1399 1204 1435 1246 si
1465 1219 1565 1259 pru-

242 1260 347 1313 dens
388 1258 642 1314 legumlator
672 1258 896 1314 obtigerit,
927 1259 1125 1300 facillime
1157 1259 1373 1301 civitatem
1404 1260 1459 1301 ad
1488 1275 1566 1315 op-

241 1317 345 1358 tima
382 1329 578 1369 quaeque
616 1313 824 1368 perducet
865 1320 908 1355 et
943 1315 1163 1366 formabit3
1218 1315 1283 1357 sin
1321 1322 1461 1357 autem
1501 1322 1567 1372 ty-

242 1385 402 1413 rannus
430 1371 524 1425 ipse
553 1369 787 1425 sapientia,
818 1372 1126 1426 temperantia,
1158 1373 1309 1414 ceteris
1338 1372 1566 1413 virtutibus

243 1427 373 1469 fuerit
402 1431 601 1477 ornatus,
642 1424 688 1466 id
727 1425 844 1480 quod.
882 1441 1115 1481 sanequam
1152 1428 1366 1468 rarissime
1395 1427 1566 1480 accidit,

244 1490 334 1524 tum
373 1497 473 1523 vero
510 1481 616 1522 nihil
646 1487 739 1532 est,
781 1481 897 1536 quod
940 1483 1105 1524 civibus
1142 1483 1281 1538 possit
1319 1484 1568 1540 contingere

246 1538 473 1581 salutarius
504 1538 565 1592 (p.
598 1538 691 1578 709.
724 1537 781 1579 D.
814 1563 868 1568 —
899 1539 992 1579 712.
1023 1540 1079 1579 A.
1110 1539 1248 1592 extr.)
1280 1563 1335 1569 —-

360 1593 447 1634 Iam
487 1607 590 1633 vero
634 1607 838 1634 conemur
874 1593 929 1634 ad
968 1593 1183 1635 civitatem
1222 1609 1371 1635 recens
1410 1594 1569 1635 consti-

245 1647 447 1690 tuendam
485 1648 604 1702 leges
652 1647 974 1690 accommodare
1020 1664 1179 1702 easque
1217 1655 1435 1703 tamquam
1474 1664 1569 1691 ora-

246 1706 362 1745 tione
401 1703 575 1758 fingere.
664 1703 968 1745 Definiendum
998 1711 1138 1746 autem
1175 1705 1246 1746 hic
1284 1712 1382 1746 ante
1427 1705 1570 1746 omnia

248 1765 336 1812 est,
375 1773 583 1812 quaenam
620 1758 879 1814 reipublicae
919 1761 1055 1801 forma
1095 1760 1156 1800 illi
1194 1761 1435 1814 conveniat,
1479 1776 1570 1802 mo-

247 1815 446 1857 narchiae
485 1829 538 1854 an
590 1815 884 1856 aristocratiae
933 1830 987 1856 an
1041 1815 1226 1870 denique
1271 1815 1570 1858 democratiae.

249 1871 308 1911 Et
356 1871 401 1911 in
437 1869 784 1911 Lacedaemonia
823 1870 994 1924 quidem
1032 1877 1074 1912 et
1111 1871 1306 1914 Cretensi
1336 1873 1569 1928 republica,

250 1925 367 1981 quod
408 1925 525 1966 nulla
560 1926 710 1966 harum
745 1926 1006 1982 reipublicae
1044 1927 1273 1968 formarum
1302 1943 1380 1983 per
1407 1943 1452 1970 se
1481 1929 1571 1971 sola

251 1995 455 2036 expressa
483 1981 693 2034 cernitur,
726 1981 801 2023 sed
832 1997 1115 2036 unaquaeque
1147 1983 1318 2025 videtur
1347 1984 1570 2037 dominari,

250 2036 295 2079 id
333 2043 584 2093 argumento
626 2044 692 2078 est
721 2038 983 2092 certissimo,
1027 2038 1103 2079 has
1133 2053 1232 2080 vere
1260 2039 1438 2081 iudicari
1469 2040 1572 2082 civi-

251 2098 360 2134 tates
398 2107 502 2134 esse.
564 2093 675 2134 Nam
712 2108 818 2147 quas
859 2109 972 2135 nunc
1001 2094 1141 2158 ipsum
1172 2094 1372 2148 diximus,
1404 2111 1573 2138 monar-

252 2148 412 2201 chiam,
444 2148 768 2203 aristocratiam‚
797 2149 1116 2204 democratlam,
1155 2164 1229 2191 eae
1260 2151 1456 2193 civitates
1487 2167 1575 2194 om-

252 2205 353 2245 nino
383 2218 469 2245 non
497 2210 619 2258 sunt,
649 2204 727 2247 sed
753 2211 971 2260 tamquam
997 2207 1125 2248 urbes
1152 2205 1439 2262 inhabitatae,
1471 2223 1576 2262 qua-

256 2274 347 2299 rum
385 2260 552 2301 incolae
604 2261 757 2315 partim
808 2260 1102 2314 dominantur,
1151 2262 1306 2317 partim
1359 2264 1572 2314 serviunt3

256 2323 520 2410 quapropter
559 2315 657 2356 illae
717 2316 842 2358 etiam
889 2331 1043 2359 nomen
1093 2332 1215 2359 suum
1267 2326 1474 2373 ceperunt
1522 2335 1574 2361 ex

287 2369 414 2410 omini
476 2371 549 2425 qui
607 2371 659 2412 iis
715 2372 899 2427 imperat
954 2378 1189 2428 potestate,
1258 2388 1388 2427 quum
1434 2381 1574 2416 tamen

257 2430 498 2479 oporteret,
547 2427 760 2480 siquidem
801 2443 853 2469 ex
894 2429 971 2469 tali
1019 2443 1064 2470 re
1110 2429 1370 2483 nominanda
1423 2431 1575 2472 civitas

258 2486 394 2533 esset,
453 2495 477 2521 a
531 2481 636 2535 deo,
693 2489 824 2534 vero}
855 2484 1111 2540 sapientium
1177 2484 1374 2538 domino,
1441 2486 1575 2527 nomi-

257 2535 362 2577 nari.
433 2537 495 2577 At
534 2551 757 2590 quemnam
786 2539 966 2590 {tandem
1008 2540 1120 2581 hunc
1169 2540 1309 2582 Deum
1356 2540 1576 2592 dicemus?

256 2590 468 2632 Nimirum
505 2590 574 2632 hic
612 2593 797 2635 fabulam
837 2595 1050 2648 quandam
1100 2595 1153 2636 ad
1191 2610 1276 2636 rem
1312 2602 1577 2651 praesentem
