1612 2872
243 101 324 143 ⁶240
672 98 1122 144 ARGUMENTUM

242 212 497 253 necessitate
538 209 722 263 quadam
752 225 803 251 eo
832 210 1146 266 perducantur,
1184 216 1232 252 ut
1262 211 1429 265 aliquos
1459 210 1565 252 deli-

242 272 366 323 gant,
406 266 480 320 qui
509 266 704 320 cognitas
731 265 918 308 habeant
945 267 1064 322 leges
1093 266 1247 320 cuique
1279 266 1404 308 domo
1435 267 1566 309 usita-

241 333 330 374 tas,
370 323 509 374 iisque
548 321 732 375 cognitis
770 322 1089 377 exploratisque
1129 323 1417 375 constituant,
1462 321 1566 376 quid

243 378 465 419 universae
511 377 806 418 communitati
862 378 920 419 sit
965 377 1248 420 conducibile.
1329 379 1388 419 Hi
1434 378 1567 433 igitur

242 432 506 487 singularum
535 431 792 473 familiarum
830 438 874 474 et
902 433 1093 475 vicorum
1120 432 1301 476 ducibus
1330 449 1380 475 ac
1409 434 1566 488 princi-

243 488 368 543 pibus
408 487 541 528 veluti
578 488 738 543 regulis
776 488 1032 542 quibusdam
1072 495 1315 544 proponent
1343 496 1387 530 et
1414 491 1566 545 imper-

243 544 371 596 tient,
413 557 522 597 quae
563 543 648 598 ipsi
677 545 959 599 cognoverint
977 559 1210 599 eorumque
1240 544 1567 587 sanciendorum

243 599 408 640 dabunt
444 598 702 640 facultatem.
769 599 829 640 Et
869 599 912 640 hi
953 599 1125 654 quidem
1153 601 1237 656 ipsi
1266 601 1567 655 legumlatores

242 654 592 710 appellabuntur3
623 653 696 696 sed
730 669 994 696 communem
1024 662 1174 711 regent
1203 662 1246 698 et
1268 656 1569 712 gubernabunt

243 710 491 752 societatem
534 709 617 761 illi,
661 710 735 764 qui
772 711 1026 752 familiarum
1065 718 1164 752 sunt
1192 712 1407 768 principes
1437 718 1567 765 atque

243 765 388 808 duces.
420 765 519 818 Qua
546 765 712 807 ratione
743 767 900 820 evenit,
931 773 978 808 ut
1006 766 1191 821 denique
1223 783 1275 809 ex
1306 768 1568 823 dynastia

245 827 289 864 et
316 827 486 877 patrum
525 820 706 863 familias
747 821 1038 863 dominatione
1070 824 1231 864 oriatur
1260 824 1567 865 aristocra-

246 877 348 931 tia,
389 891 517 930 quam
557 876 832 932 intelligimus
869 878 1091 933 imperium
1130 879 1421 934 optimatium,
1454 892 1503 919 ac
1532 878 1567 920 si

197 956 199 958 ·
245 933 319 974 uni
349 932 478 974 alicui
508 931 725 973 deferatur
754 933 1034 988 principatus,
1076 934 1392 976 monarchia
1420 948 1568 976 nasca-

244 996 315 1029 tur
345 989 406 1043 (p.
438 989 531 1029 680.
562 987 614 1028 E.
647 1012 697 1017 —-
730 990 822 1030 681.
854 989 948 1043 D.).
1006 991 1151 1043 Atque
1181 990 1246 1032 his
1273 991 1334 1031 ita
1363 989 1568 1045 expositis

248 1044 522 1100 pervenimus
560 1042 615 1084 ad
651 1044 820 1085 tertiam
852 1044 1066 1098 quandam
1096 1046 1316 1101 regiminis
1345 1048 1567 1098 rationem,

245 1115 372 1154 quam
403 1099 790 1140 democratiam
821 1099 1018 1155 dicimus,
1051 1106 1094 1142 et
1120 1101 1163 1141 in
1195 1116 1279 1155 qua
1307 1117 1393 1143 una
1422 1116 1568 1143 omnes

244 1157 403 1197 formae
442 1170 492 1196 ac
536 1155 702 1209 species
751 1156 918 1197 urbium
958 1167 1001 1197 et
1050 1156 1271 1198 civitatum
1316 1157 1569 1199 coniunctae

243 1217 488 1253 cernuntur.
555 1210 614 1251 Et
650 1211 777 1253 huius
817 1211 990 1265 quidem
1028 1212 1152 1253 initia
1191 1212 1337 1254 divina
1385 1212 1569 1267 quadam

242 1267 404 1323 ingenii
434 1266 636 1307 felicitate
666 1266 975 1309 demonstravit
1003 1268 1231 1323 Homerus,
1263 1269 1337 1322 qui
1365 1275 1465 1324 post
1493 1268 1569 1310 vi-

243 1337 335 1364 cos
378 1321 568 1364 ostendit
605 1322 649 1363 in
688 1321 863 1377 planitie
906 1323 1104 1366 conditas
1146 1339 1238 1366 esse
1280 1324 1457 1366 urbes.
1515 1348 1568 1354 --

243 1377 334 1421 Sed
376 1392 685 1433 persequamur
720 1378 857 1419 famae
898 1380 1098 1433 antiquae
1120 1378 1344 1435 ‘vestigia,
1386 1380 1423 1421 si
1458 1379 1569 1420 forte

243 1449 294 1475 ea
323 1449 402 1475 nos
432 1433 487 1474 ad
515 1448 663 1475 verum
694 1433 943 1488 perducant.
1001 1435 1178 1478 Relictis
1204 1435 1336 1492 igitur
1364 1435 1571 1477 montium

243 1491 285 1530 iu
320 1490 356 1531 is
394 1489 590 1531 homines
629 1489 730 1531 olim
767 1489 812 1531 in
841 1504 996 1531 mao'no
1023 1497 1258 1546 apertoque
1289 1505 1438 1546 campo
1469 1505 1570 1532 con-

244 1505 445 1586 diderunt
483 1544 626 1597 Ili-um,
666 1545 793 1587 situm
833 1524 939 1586 illu3
968 1546 1012 1586 in
1042 1546 1149 1588 colle
1180 1546 1364 1601 quodam
1395 1561 1480 1588 non
1508 1547 1571 1587 ita

243 1601 412 1642 excelso
450 1606 494 1642 et
527 1600 673 1641 multis
711 1600 956 1642 fluminibus
995 1616 1048 1642 ex
1085 1601 1165 1642 Ida
1202 1602 1476 1643 manantibus
1514 1601 1570 1642 ir-

241 1657 378 1711 riguo.
446 1656 599 1709 Atque
642 1655 836 1696 similiter
873 1656 1030 1710 passim
1070 1657 1171 1698 alibi
1200 1658 1360 1698 factum
1387 1656 1570 1699 videtur.

245 1712 358 1754 Nam
399 1716 526 1752 aucta
566 1725 645 1765 per
683 1711 911 1752 multorum
942 1712 1208 1754 saeculorum
1240 1712 1464 1754 decursum
1494 1712 1570 1753 ho-

244 1767 404 1808 minum
444 1765 714 1807 multitudine
752 1767 879 1807 etiam
917 1767 1010 1808 aliis
1047 1768 1091 1808 in
1129 1768 1376 1823 regionibus
1417 1768 1571 1811 multas

244 1828 487 1864 exstructas
516 1835 611 1862 esse
631 1821 759 1863 urbes
777 1821 905 1877 longe
937 1828 1003 1864 est
1020 1823 1383 1865 verisimillimum.
1442 1822 1573 1876 Quod

244 1877 417 1932 quidem
453 1877 515 1918 ita
555 1877 749 1919 evenisse
789 1878 917 1918 etiam
957 1892 1009 1919 ex
1038 1894 1089 1920 eo
1119 1885 1319 1935 apparet,
1352 1878 1467 1932 quod
1495 1894 1571 1934 po-

244 1939 337 1976 stea
364 1948 450 1974 non
470 1946 632 1988 paucae
651 1932 864 1987 civitates,
884 1933 1030 1975 iuncto
1059 1935 1229 1976 foedere
1251 1941 1402 1978 contra
1429 1934 1570 1987 Ilium,

243 1988 349 2031 mari
387 1988 496 2030 adeo
542 1989 798 2043 transiecto,
846 2003 962 2030 arma
1007 1996 1238 2032 verterunt.
1310 1991 1477 2043 Atque*
1502 1989 1573 2031 hic

244 2046 328 2086 iam
370 2043 608 2099 spectanda
643 2045 762 2086 venit
797 2044 925 2086 tertia
963 2044 1058 2098 illa,
1100 2061 1227 2100 quam
1255 2044 1462 2097 diximus,
1494 2045 1571 2086 im-

243 2101 353 2156 perii
380 2101 505 2142 ratio.
565 2098 751 2142 Constat
770 2100 896 2153 enim,
929 2100 1136 2154 Achivos,
1169 2101 1417 2157 priusquam
1444 2100 1572 2141 Ilium

243 2155 562 2208 exscinderent,
593 2170 671 2210 per
700 2155 954 2197 decennium
984 2155 1412 2201 Troiamobsedisse.
1472 2154 1572 2208 Quo

246 2211 421 2265 quidem
450 2211 653 2266 temporis
683 2211 823 2267 spatio
853 2210 1053 2264 Graecia,
1086 2211 1187 2253 dum
1205 2212 1421 2268 principes
1450 2212 1572 2253 abes-

247 2273 358 2320 sent,
389 2266 584 2309 maximis
613 2268 799 2310 motibus
829 2281 1041 2309 concussa
1060 2273 1138 2308 est.
1198 2268 1312 2310 Nam
1341 2267 1573 2308 extiterunt

246 2321 308 2364 ibi
340 2322 509 2364 interim
538 2322 714 2365 iuvenes
745 2338 886 2364 rerum
919 2337 1125 2364 novarum
1162 2322 1308 2378 cupidi
1338 2329 1466 2377 atque
1497 2337 1571 2364 au·-

247 2376 400 2431 daces,
442 2377 517 2432 qui
545 2378 774 2433 pristinum
809 2393 952 2420 rerum
981 2382 1141 2419 statum
1170 2379 1443 2420 vehementer
1470 2393 1572 2420 cou-

246 2433 480 2475 turbarent.
549 2433 668 2486 Quin
698 2435 827 2476 etiam
857 2433 985 2475 duces
1017 2434 1304 2487 Achivorum,
1336 2449 1466 2487 quum
1495 2433 1571 2475 do-

246 2503 361 2530 mum
398 2494 734 2542 reverterentur,
766 2490 814 2531 in'
838 2489 976 2545 patria
1004 2503 1082 2531 sua
1110 2505 1198 2531 non
1227 2504 1301 2542 eo,
1332 2504 1417 2543 quo
1449 2489 1571 2531 dece-

247 2544 346 2596 bat,
385 2542 547 2586 honore
584 2545 752 2600 excepti
791 2551 915 2598 sunt,
955 2544 1033 2586 sed
1071 2545 1229 2600 passim
1266 2545 1386 2586 fuere
1427 2558 1571 2585 eorum

249 2598 426 2652 caedes,
466 2600 616 2655 fugae,
648 2600 788 2643 exilia.
845 2600 1044 2643 Accessit
1071 2600 1126 2643 ad
1156 2600 1262 2642 haec
1291 2598 1406 2654 quod
1434 2599 1571 2640 Hera-
