1612 2872
256 114 334 156 190
694 122 707 128 ’
743 110 1120 153 PLATONIS

252 225 619 281 εὐδαιμονέςατον
663 224 964 283 ἀποφαίνοιτο
1010 227 1108 278 βίον
1152 224 1281 275 εἶναι,
1335 229 1456 278 ζητοῖ
1497 242 1581 271 που

254 294 340 341 πᾶς
373 288 431 333 ἂν
462 289 485 332 ὁ
521 289 717 339 ἀκούων,
768 289 909 344 οἶμαι,
954 295 995 333 τί
1039 289 1136 333 ποτ’
1188 295 1234 333 ἐν
1267 290 1387 346 αὐτῷ
1423 290 1471 334 τὸ
1507 293 1582 343 τῆς

144 367 225 408 663
255 356 419 409 ἡδονῆς
451 363 647 408 κρεῖττον
681 354 867 408 ἀγαθόν
902 372 946 398 τε
982 357 1052 398 καὶ
1089 353 1223 398 καλὸν
1259 354 1281 398 ὁ
1316 356 1450 410 νόμος
1484 356 1582 403 ἐνὸν

255 427 443 474 ἐπαινεῖς
480 422 520 461 τί
556 418 641 475 γὰρ
679 419 731 471 δὴ
770 423 919 474 δικαίῳ
952 419 1242 477 χωριζόμενον
1278 420 1440 474 ἡδονῆς
1473 421 1582 476 ἀγα·

256 485 349 528 {rev
385 483 443 527 ἂν
478 488 695 539 γίγνοιτος
740 492 866 544 φέρε,
913 490 1034 536 κλέος
1077 503 1121 529 τε
1157 488 1229 529 καὶ
1264 489 1441 537 ἔπαινος
1474 484 1584 543 πρὸς

256 549 513 606 ἀνθρώπων
557 567 603 592 τε
647 554 718 594 καὶ
766 553 888 594 θεῶν
922 545 997 605 ἆρ’
1039 554 1128 601 ὲςὶν
1170 550 1357 604 ἀγαθὸν
1402 554 1481 607 μὲν
1511 554 1582 595 καὶ

258 615 415 665 καλόν,
458 614 589 667 ἀηδὲς
624 618 687 667 δέ,
732 615 926 666 δύςκλεια
973 620 1017 659 δὲ
1065 616 1307 668 τάναντίας
1354 615 1504 668 ἥκιςα,
1549 610 1581 658 ὦ

258 685 355 739 φίλε
392 683 636 736 νομοθέτα,
665 680 876 740 φήσομεν.
911 681 1024 724 ἀλλὰ
1062 680 1110 725 τὸ
1147 682 1253 736 μήτε
1289 681 1384 724 τινὰ
1422 682 1586 726 ἀδικεῖν

259 746 368 802 μήτε
400 744 487 789 ὑπό
526 763 644 796 τινος
677 746 931 790 ἀδικεῖσθαι
968 750 1061 802 μῶν
1095 747 1226 800 ἀηδὲς
1260 753 1360 802 μέν,
1401 747 1587 800 ἀγαθὸν

261 816 306 856 δὲ
339 810 366 864 ἢ
402 811 564 866 καλόν,·
612 810 665 855 τὰ
704 815 747 855 δὲ
782 817 906 869 ἕτερα
941 812 1045 865 ἡδέα
1081 817 1179 868 μέν,
1222 810 1379 868 αἰσχροὶ
1425 816 1469 856 δὲ
1515 815 1586 857 καὶ

202 2203 211 2207 “
265 2191 346 2223 mie
392 2193 533 2222 autem
585 2193 754 2230 contra,

258 877 371 922 κακά
389 893 400 932 3

353 1005 390 1037 Ρ.
418 1004 495 1039 663.

261 1051 390 1084 Desunt
423 1049 508 1082 haec
540 1050 642 1082 verba
673 1050 706 1082 in
735 1051 814 1082 Ven.
843 1050 880 1083 Ξ.

327 1154 479 1202 ζητοῖ
522 1169 605 1191 που
652 1159 730 1190 πᾶς
774 1157 825 1190 ἂν
873 1157 892 1190 ὁ

261 1202 775 1247 ἆκούων]υηυεηυίει]ιιε,
803 1205 892 1245 opi-

261 1261 355 1291 nor,
381 1250 658 1286 sciscitetur,
683 1249 781 1290 quid
807 1255 893 1280 tan-

263 1296 418 1329 demin
445 1296 531 1326 vita
563 1294 810 1326 iustissima
836 1295 894 1326 in-

263 1341 322 1372 sit
351 1340 448 1372 boni
482 1343 522 1372 et
559 1338 750 1378 honesti,
781 1338 892 1380 quod

264 1385 326 1417 sit
388 1385 620 1425 voluptate
684 1385 893 1424 superius

264 1429 453 1470 ideoque
478 1439 496 1461 a
523 1430 617 1469 iege
644 1428 858 1460 laudetur.

311 1475 352 1506 P.
379 1474 457 1508 663.
507 1475 548 1505 τί
572 1471 647 1515 γὰρ
674 1471 720 1514 δὴ
746 1472 894 1515 δικαίῳ

264 1517 551 1561 χωριζόμενον
574 1519 640 1559 -]
667 1519 895 1550 Demonstra-

263 1571 375 1606 turus‚
403 1565 527 1596 iustum
551 1573 618 1595 non
645 1573 723 1595 esse
749 1574 852 1604 posse
876 1573 895 1594 a

264 1609 412 1641 iucundo
443 1609 631 1641 seiunctum
665 1612 769 1648 atque
794 1618 895 1648 sepa-

263 1657 389 1694 ratum,
413 1653 522 1685 utitur
536 1653 699 1692 deinceps
714 1653 761 1684 rei
776 1663 892 1684 exem-

262 1698 347 1739 plis,
377 1697 467 1730 unde
496 1707 597 1738 quam
630 1696 814 1729 absurdum
846 1697 892 1728 sit

261 1746 414 1775 statuere
439 1742 668 1781 contrarium,
694 1746 816 1783 sponte
841 1743 891 1773 in-

260 1787 442 1829 telligatur.
517 1765 692 1838 Quorsum
745 1786 893 1827 pertinet

261 1833 406 1874 primum
446 1831 555 1863 istud·
591 1830 689 1872 φέρε,
727 1831 822 1862 κλέος
860 1842 892 1862 τε

263 1877 317 1909 καὶ
346 1877 486 1908 ἔπαινος
513 1894 556 1899 —-
581 1873 753 1914 τάναντιἀ,·
784 1875 892 1908 cedo

263 1921 392 1962 enim,
431 1920 577 1962 gioria
620 1925 750 1962 atque
789 1922 892 1958 iaus,

263 1976 373 2008 quae
397 1966 531 1998 aiicui
562 1966 612 1997 ab
645 1964 892 1998 hominibus

264 2012 435 2054 pariter
467 2014 595 2052 atque
629 2010 706 2042 diis
741 2010 895 2042 tribui-

264 2062 353 2095 tur,
392 2058 516 2088 estne
541 2056 697 2087 bonum
730 2055 894 2096 quidem

264 2099 466 2143 quiddam
493 2103 534 2132 et
558 2099 796 2140 honestum,
822 2099 894 2132 sed

264 2147 371 2178 item
428 2144 734 2185 iniucundum,
789 2145 896 2176 insa-

793 2189 822 2224 h.
864 2200 893 2222 e.

264 2245 341 2267 num
365 2237 459 2267 recte
482 2233 703 2274 iudicabitur,
727 2235 760 2266 in
784 2234 895 2266 laudis

265 2283 301 2311 et
325 2279 460 2311 honoris
490 2280 712 2320 possessione
736 2278 895 2322 honesta5

265 2328 334 2356 tem
360 2327 394 2355 et
417 2324 659 2356 iucunditatem
691 2324 791 2366 piane
818 2334 896 2357 esse

267 2368 475 2407 seiunctam,
500 2369 546 2401 ita
571 2372 611 2400 ut
634 2369 796 2401 alterutra
821 2374 894 2401 tan-

267 2417 340 2445 tum
379 2413 475 2445 alicui
506 2412 680 2454 obtingat,
719 2423 784 2446 nec
814 2424 895 2446 vero

266 2461 447 2498 utramque
483 2459 698 2490 coniunctam
730 2468 808 2490 esse
838 2468 896 2490 ιο-

266 2501 365 2535 iere?
393 2501 575 2534 Enimvero
594 2502 776 2534 absurdum
803 2507 897 2535 certe

267 2550 322 2579 est
355 2546 562 2578 contendere
606 2549 715 2586 velie,
763 2548 895 2581 laudem

267 2590 503 2623 tantummodo
524 2590 698 2623 honestam
718 2602 806 2632 esse,
832 2602 897 2626 non

265 2637 348 2670 item
374 2635 574 2669 iucundam:
607 2636 786 2668 absurdius
817 2648 898 2670 vero

552 1002 723 1045 ἥκιστα,
756 999 782 1036 ὦ
815 1006 930 1045 φίλε,
963 1023 1005 1028 ——
1036 1003 1120 1038 ὑπό
1162 1015 1279 1037 τινος
1316 1003 1585 1049 ἀδικεῖσθαι]

908 1054 942 1082 et
973 1050 1068 1087 editt.
1095 1051 1171 1084 Aid.
1198 1051 1283 1083 Lov.
1310 1051 1389 1083 Bas.
1420 1052 1448 1084 1.
1473 1051 1504 1084 2.
1553 1050 1588 1083 ln

961 1159 1061 1192 etiam
1105 1164 1275 1200 statuere,
1306 1159 1474 1200 infamiam
1513 1170 1588 1192 esse

959 1205 1093 1246 quidem
1120 1206 1217 1237 triste
1242 1204 1421 1245 quiddam,
1451 1205 1511 1237 sed
1538 1209 1586 1237 ta·

961 1260 1037 1282 men
1070 1252 1140 1282 tale
1175 1249 1272 1291 quid,
1307 1250 1398 1290 quod
1430 1250 1474 1281 sit
1512 1260 1587 1282 cum

959 1295 1132 1337 probitate
1171 1299 1206 1326 et
1244 1293 1421 1327 honestate
1450 1295 1589 1326 coniun-

959 1344 1064 1371 ctum.
1113 1339 1202 1371 Huic
1233 1349 1315 1372 vero
1349 1340 1398 1371 rei
1431 1340 1589 1380 exemplo

960 1384 1174 1425 subiungitur
1211 1384 1311 1416 etiam
1359 1385 1499 1416 alterum
1540 1383 1590 1415 his

963 1429 1096 1461 verbis:
1141 1425 1216 1460 α’λλὲ
1264 1427 1302 1460 τὸ
1347 1427 1426 1470 μήτε
1465 1425 1590 1460 ἀδικεῖν

963 1471 1043 1515 μήτε
1081 1470 1151 1505 ὑπό
1189 1483 1279 1505 τινος
1316 1470 1506 1505 ἀδικεῖσθαι
1545 1492 1588 1496 -

964 1517 1080 1555 καλόν;
1119 1528 1260 1559 quorum
1297 1519 1430 1559 quidem
1466 1519 1589 1550 verbo-

962 1574 1036 1596 rum
1061 1564 1229 1596 sententia
1249 1563 1381 1595 videtur
1397 1563 1479 1595 haec
1497 1574 1589 1595 esse:

962 1612 1006 1640 at
1032 1617 1140 1639 vero
1166 1608 1200 1638 si
1231 1608 1325 1647 quis
1355 1611 1429 1640 aut
1453 1608 1589 1639 alteri

963 1653 1117 1685 nuliam
1173 1651 1337 1683 inferat
1385 1652 1587 1684 iniuriam

957 1701 1030 1730 aut
1069 1697 1224 1728 nuliam
1265 1696 1313 1727 ab
1353 1697 1442 1729 alio
1482 1697 1589 1729 iniu-

958 1743 1063 1775 riam
1095 1741 1306 1782 accipiat,
1338 1751 1428 1772 num
1455 1741 1494 1774 id
1520 1752 1590 1783 pu·

958 1787 1144 1819 tabimus
1189 1786 1463 1818 iniucundum
1498 1787 1588 1826 qui-

960 1831 1050 1863 dem
1097 1840 1219 1869 esse,
1265 1830 1338 1862 sed
1377 1829 1487 1862 idem
1530 1835 1589 1862 ta-

959 1885 1049 1909 men
1075 1875 1230 1907 bonum
1256 1878 1325 1906 aut
1344 1874 1589 1907 honestum?

959 1920 1064 1955 Quod
1104 1919 1242 1961 quidem
1282 1920 1392 1961 primo
1425 1919 1612 1979 adspectu

961 1974 1122 2007 perquam
1147 1965 1277 1996 insulse
1301 1964 1426 1996 dictum
1442 1959 1612 1996 videtur.⁸

960 2009 1059 2043 Unde
1084 2010 1210 2041 factum
1235 2012 1307 2048 est,
1330 2012 1367 2040 ut
1391 2012 1500 2040 totum
1528 2008 1590 2040 hoc

962 2064 1112 2087 comma:
1147 2051 1278 2106 ᾗκιστα,
1313 2048 1340 2084 ὦ
1377 2054 1458 2093 φίλε
1486 2064 1587 2093 νομο-

962 2098 1068 2136 θέτα,
1107 2095 1278 2139 φήσομεν,
1317 2093 1395 2129 ἀλλὰ
1430 2095 1466 2129 τὸ
1509 2097 1589 2153 μήτε

962 2142 1034 2176 τινὰ
1058 2140 1183 2175 ἀδικεῖν
1206 2141 1287 2183 μήτε
1311 2140 1381 2174 ὑπό
1406 2151 1496 2174 τινος
1520 2140 1590 2175 ἀδι-

962 2188 1098 2221 κεῖσθαι
1121 2188 1192 2226 μαῖν
1223 2184 1323 2229 ἀηδὲς
1346 2188 1421 2227 μέν,
1453 2184 1590 2229 ἀγαθὸν

962 2233 998 2265 δὲ
1022 2231 1043 2275 ἢ
1073 2230 1196 2271 nai-dm
1225 2233 1257 2264 in
1282 2233 1400 2265 Aidin.
1427 2232 1524 2265 Basa.
1555 2234 1587 2267 1.

962 2280 992 2313 2.
1026 2278 1157 2311 Lovan.
1191 2282 1226 2309 et
1256 2278 1287 2309 in
1321 2277 1399 2311 cod.
1434 2278 1517 2311 Ven.
1551 2278 1589 2312 Ξ.

960 2323 1015 2365 qui
1065 2322 1240 2354 veteribus
1287 2322 1351 2354 iilis
1391 2323 1486 2354 editt.
1526 2331 1588 2364 pro

960 2366 1064 2401 fundo
1089 2367 1166 2407 fuit,
1192 2366 1418 2399 omitteretur.
1445 2372 1494 2399 Ac
1510 2377 1587 2409 pro-

962 2413 1054 2445 bavit
1092 2411 1177 2444 hanc
1217 2412 1382 2443 rationem
1432 2412 1589 2449 Aetius,

963 2458 1022 2500 qui
1068 2458 1201 2498 longius
1250 2456 1350 2488 etiam
1383 2465 1588 2512 progressus

964 2502 1077 2535 omnia
1102 2503 1182 2533 ista:
1209 2498 1342 2542 ἥκιστα,
1370 2497 1396 2532 ὦ
1420 2502 1506 2541 φίλε,
1530 2511 1587 2533 us—

963 2556 1032 2588 que
1050 2547 1092 2578 ad
1119 2544 1239 2587 αἰσχρὰ
1261 2544 1298 2577 δὲ
1323 2546 1376 2576 καὶ
1401 2545 1503 2583 κακιί;
1526 2555 1587 2587 pro

964 2592 1114 2624 insiticiis
1155 2590 1280 2623 habuit.
1340 2590 1409 2622 Sed
1447 2590 1587 2622 muitum

965 2647 1097 2676 vereor,
1122 2646 1164 2668 ne
1188 2635 1238 2667 vir
1255 2635 1410 2677 egregius
1434 2645 1473 2668 ea
1498 2635 1530 2667 in
1552 2644 1589 2667 re
