1612 2872
534 82 709 125 LIBRI
743 81 968 126 TERTII.
1351 86 1432 126 247

77 198 151 242 ille
191 210 323 252 quum
362 210 452 238 non
492 202 611 239 esset
648 211 703 239 ex
734 196 872 252 stirpe
902 196 1024 253 regia
1051 201 1320 254 prognatus,
1350 210 1431 239 nec

80 254 278 313 perditus
316 253 399 296 fuit
428 267 509 309 per
535 253 766 296 luxuriam.
826 253 872 296 Is
899 253 1058 310 igitur,
1091 267 1259 295 summa
1286 267 1431 295 rerum

79 312 268 370 potitus,
307 310 559 353 universum
600 311 832 353 Persarum
871 325 1052 367 regnum
1091 310 1137 352 in
1166 311 1334 366 septem
1364 309 1431 351 di-

80 369 185 412 visit
237 373 403 425 partes3
454 381 594 410 novas
642 367 764 424 leges
811 367 1127 424 promulgavit,
1185 367 1344 423 quibus
1382 381 1431 410 se

80 439 255 481 quoque
293 439 445 482 parere
484 424 594 467 velle
634 425 862 481 professus
912 430 1000 478 est;
1049 424 1145 466 iura
1190 423 1432 480 aequaliter

77 481 329 538 descripsit3
360 481 547 537 denique
580 481 856 537 vectigalium
886 481 1217 537 aequalitatem,
1256 496 1283 523 a
1310 480 1431 538 Cyro

76 539 346 597 promissam,
365 537 622 581 introduxit.
682 538 856 592 Quibus
884 538 1015 581 rebus
1039 538 1241 580 omnibus
1271 537 1431 592 effecit,

79 603 126 638 ut
164 596 319 638 Persas
359 603 405 638 et
442 595 538 638 aliis
575 595 751 660 populis
791 601 942 651 gratos
978 596 1146 638 faceret
1182 601 1226 637 et
1256 595 1432 638 sibimet

76 653 160 710 ipsi
202 652 386 695 maxime
425 651 679 695 devinciret.
755 651 1051 706 Quamobrem
1091 651 1246 707 etiam,
1297 667 1432 707 quum

77 710 291 753 exercitus
331 709 515 764 imperio
556 709 650 751 eius
689 708 990 751 lubentissime
1029 715 1228 764 pareret,
1267 709 1432 752 multos

75 767 260 823 populos
321 765 484 809 devicit
529 765 817 821 devictosque
865 765 949 809 sibi
1012 765 1213 809 subiecit.
1291 765 1431 808 Dario

74 823 288 867 successit
325 823 371 865 in
410 837 547 880 regno
577 823 766 866 Xerxes.
826 823 881 865 In
912 837 1000 877 quo
1032 821 1264 865 educando
1297 837 1432 878 quum

75 887 202 938 pater
240 879 354 923 idem
393 879 645 922 admisisset
682 880 835 922 vitium
849 906 870 935 ‚·
908 878 1028 935 quod
1070 879 1174 922 olim
1211 878 1356 937 Cyrus
1386 879 1431 921 in

10 939 18 950 ‘
77 937 314 980 educandis
355 937 450 980 suis
475 937 648 991 liberis,
689 937 761 980 hic
791 952 968 992 quoque
1008 937 1152 979 factus
1182 943 1252 979 est
1280 951 1432 980 rursus

73 995 324 1038 luxuriosus
348 999 393 1036 et
421 994 656 1051 magnifice
694 994 921 1052 prodigus.
987 992 1285 1049 Quamobrem
1314 993 1432 1036 Xer-

74 1067 152 1095 xes
193 1053 323 1094 etiam
365 1051 548 1094 similem
595 1057 727 1107 atque
762 1050 1006 1108 Cambyses
1042 1057 1248 1108 expertus
1293 1051 1432 1094 fortu-

76 1123 176 1151 nam
207 1116 285 1152 est.
344 1109 493 1164 Atque
522 1107 626 1150 inde
655 1108 710 1151 ab
741 1108 826 1151 hoc
854 1114 1051 1166 tempore
1072 1108 1234 1151 Persae
1263 1108 1433 1150 nullum

75 1181 266 1222 unquam
304 1179 453 1208 rursus
492 1164 741 1208 habuerunt
780 1180 930 1222 regem
971 1165 1120 1220 magni
1170 1164 1432 1221 cognomine

75 1222 269 1280 dignum.
338 1222 476 1265 Cuius
515 1223 579 1265 rei
609 1237 766 1266 caussa
810 1223 896 1265 sita
943 1222 1029 1264 fuit
1067 1223 1113 1264 in
1151 1221 1326 1279 perdita
1354 1237 1431 1264 ne-

75 1280 241 1334 quitia,
283 1295 369 1335 qua
399 1279 478 1321 filii
517 1294 667 1336 regum
707 1285 840 1334 atque
870 1278 1056 1321 divitum
1085 1279 1309 1322 hominum
1339 1279 1431 1321 fere

75 1337 210 1379 vitam
249 1337 510 1394 transigunt.
579 1337 704 1379 Haec
747 1336 862 1379 enim
910 1351 1062 1379 omnes
1103 1336 1279 1379 virtutis
1320 1342 1431 1378 tam·-

76 1409 207 1449 quam
257 1409 414 1437 nervos
452 1391 645 1435 incidere
685 1394 809 1436 solet.
882 1392 1180 1447 Quamobrem
1209 1393 1432 1449 sapienter

73 1450 119 1492 in
166 1451 392 1507 republica
442 1449 894 1493 Lacedaemoniorum
946 1450 1193 1494 institutum
1237 1456 1327 1505 est,
1381 1457 1432 1492 ut

75 1522 287 1565 pauperes
318 1507 500 1562 divites,
543 1507 661 1550 cives
690 1521 840 1565 reges,
873 1507 1028 1550 eodem
1061 1507 1160 1550 loco
1188 1507 1432 1550 habeantur

75 1579 156 1607 nec
185 1566 418 1620 quisquam
446 1564 740 1621 singularibus
781 1564 1001 1607 afficiatur
1042 1564 1307 1619 honoribus,
1345 1564 1432 1607 nisi

73 1622 112 1664 si
145 1621 306 1664 virtute
345 1621 492 1676 aliqua
530 1621 715 1679 insignis
755 1622 825 1665 sit.
897 1621 1176 1678 Quamquam
1206 1636 1260 1664 ne
1291 1621 1431 1664 virtus

74 1677 249 1735 quidem
278 1679 323 1720 in
341 1678 506 1721 honore
526 1677 727 1721 habenda
755 1685 824 1721 est
850 1679 1050 1721 seiuncta
1080 1693 1106 1720 a
1123 1678 1430 1736 temperantia,

72 1735 429 1791 quandoquidem
468 1750 551 1778 nec
590 1735 804 1778 tortitudo
839 1751 922 1778 nec
946 1735 1116 1779 iustitia
1146 1750 1229 1778 nec
1259 1736 1431 1793 sapien-

72 1793 135 1833 tia
175 1792 487 1848 temperantiae
533 1791 662 1834 laude
709 1807 867 1835 vacare
914 1793 1056 1836 debet.
1137 1792 1315 1850 Quippe
1365 1798 1433 1836 est

72 1849 268 1904 profecto
311 1849 387 1890 uni
417 1849 602 1890 maxime
632 1850 947 1904 temperantiae
975 1855 1147 1892 tantum
1167 1850 1221 1893 Vin
1251 1850 1431 1892 civitate

75 1904 366 1958 tribuendum,
388 1911 438 1947 ut
460 1919 514 1946 ex
535 1919 587 1947 ea
606 1911 649 1947 et
669 1920 838 1962 poenae
864 1912 908 1947 et
931 1907 1125 1962 praemia
1155 1906 1431 1962 potissimum

76 1961 388 2004 constituenda
436 1961 683 2004 videantur.
761 1962 912 2005 Habet
955 1963 1069 2004 enim
1110 1963 1186 2004 illa
1229 1962 1339 2016 hoc,
1384 1969 1434 2005 ut

73 2034 208 2074 quum
251 2019 350 2075 ipsa
389 2033 467 2075 per
507 2033 554 2060 se
592 2033 673 2061 nec
701 2018 880 2062 honoris
908 2034 989 2062 nec
1017 2019 1286 2077 ignominiae
1315 2035 1433 2062 com—-

71 2090 153 2132 pos
192 2075 277 2131 sit,
318 2082 465 2118 tamen
501 2075 578 2126 iis,
634 2076 794 2130 quibus
833 2075 1027 2130 accedit,
1070 2077 1231 2119 iustam
1281 2076 1434 2119 afferat

74 2131 433 2190 dignitatem,*‚iis
466 2138 626 2186 autem,
659 2148 684 2174 a
714 2132 871 2188 quibus
899 2133 1039 2186 abest,
1072 2133 1313 2191 adspergat
1341 2141 1432 2176 tur-

18 2243 23 2248 !
75 2189 327 2245 pitudinem.
388 2189 580 2246 Oportet
609 2205 712 2232 vero
744 2190 786 2231 in
817 2190 933 2232 omni
964 2190 1160 2245 civitate,
1193 2206 1305 2247 quae
1336 2191 1432 2246 qui-

78 2245 177 2289 dem
206 2247 374 2289 stabilis
419 2262 471 2289 ac
501 2247 630 2290 beata
661 2248 808 2288 futura
838 2247 910 2302 sit,
943 2247 1131 2291 honores
1161 2263 1212 2301 ac
1239 2248 1433 2304 praemia

75 2303 192 2346 iusto
222 2303 352 2346 modo
385 2318 482 2347 esse
514 2303 710 2357 definita,
741 2304 934 2359 itemque
964 2304 1080 2347 bona
1107 2305 1170 2347 ita
1199 2305 1431 2360 aestimari,

74 2365 124 2402 ut
152 2360 338 2417 singulis
368 2375 473 2403 suus
503 2361 629 2404 locus
660 2376 874 2416 suumque
894 2361 1083 2417 pretium
1111 2376 1165 2404 ex
1194 2377 1298 2405 vero
1328 2377 1432 2405 con-

75 2417 297 2459 stituatur.
358 2417 514 2473 Itaque
542 2420 682 2474 primo
713 2418 811 2461 loco
840 2417 1041 2461 habenda
1062 2424 1164 2462 sunt
1192 2419 1310 2462 bona
1340 2419 1434 2462 ani-

75 2473 133 2515 mi
171 2488 270 2516 cum
312 2475 600 2531 temperantia
637 2475 892 2526 coniuncta3
945 2475 1297 2529 secundo-bona
1337 2491 1432 2519 cor-

76 2529 218 2586 pori83
262 2531 391 2573 tertio
430 2532 546 2575 bona
583 2532 799 2575 fortunae.
859 2532 1058 2587 Quoruin
1088 2532 1264 2589 quidem
1293 2534 1433 2577 bono·

73 2601 167 2630 rum
225 2585 332 2630 ordo
371 2602 424 2632 ne
472 2589 774 2644 perturbetur,
821 2589 1096 2648 legumlatori
1162 2589 1316 2635 sedulo
1365 2595 1433 2634 est
