1612 2872
242 115 327 157 418

246 245 289 271 τε
338 234 409 272 καὶ
464 230 696 285 αὐτόματα
744 229 877 271 πάντ’

247 298 411 348 λέγεται
451 295 595 337 τοιάδε
633 310 719 345 τις·

243 454 342 484 «uiam
401 444 490 476 idem
549 445 627 476 illud
676 445 873 483 iudicamus,

244 489 377 520 etiamsi
410 490 560 521 novitate
590 500 651 521 sua
684 488 875 531 splendeat,

244 540 356 566 tamen
381 544 399 565 a
424 534 568 566 veritate
603 536 784 576 plurimum
816 534 873 566 ab·

243 579 392 611 horrere.
442 579 606 612 Nimirum
634 591 722 621 quae
748 581 779 611 iu
806 579 873 611 Po-

243 623 334 655 litico
360 625 528 663 leguntur,
559 630 635 657 sunt
659 625 795 666 quidem
821 625 876 656 illa

242 669 350 700 multo
373 670 564 710 copiosiora
589 675 689 711 atque
706 671 874 708 uberiora,

242 723 342 754 quam
368 723 456 754 quae
482 716 639 755 leguntur
656 717 688 747 in
714 715 874 756 Legibus,

242 758 303 791 sed
329 758 587 800 haudquaquam
619 765 733 792 tamen
767 769 873 801 expo-

242 803 307 835 sita
345 804 417 844 sic,
452 808 490 836 ut
521 804 603 836 baec
633 805 780 837 indidem
815 814 871 837 ex-

241 847 365 889 scripta
399 852 433 881 et
463 859 603 881 corrasa
633 851 743 891 putari
769 849 872 881 debe-

242 897 308 926 ant.
364 893 445 926 Nam
481 894 624 935 primum
660 896 691 926 iu
723 895 872 926 Politico

242 948 348 978 regno
382 939 547 970 Saturnio
589 940 770 981 opponitur
811 940 871 971 im-

241 984 370 1024 perium
409 983 516 1021 lovis,
553 986 602 1016 ita
640 984 799 1026 quidem,
838 989 874 1016 ut

240 1032 424 1069 utrumque
462 1029 532 1070 pari
568 1029 736 1062 sermonis
771 1030 869 1062 uber-

241 1078 310 1105 tate
342 1075 539 1106 illustretur.
597 1074 699 1108 Quod
738 1075 770 1105 iu
806 1074 869 1106 Le-

237 1127 318 1160 gum
345 1119 421 1150 loco
447 1120 548 1159 louge
576 1130 677 1151 secus
704 1129 792 1156 esse,
819 1119 868 1149 vol

239 1173 281 1197 ex
320 1162 359 1195 iis
397 1168 558 1205 apparet,
603 1165 742 1206 opinor,
785 1174 871 1204 quae

238 1211 339 1240 antea
371 1208 416 1240 de
450 1210 524 1241 eius
553 1214 756 1251 argumento
779 1214 869 1241 retu-

238 1253 350 1285 limus.
400 1254 535 1285 Deinde
561 1254 588 1287 si
615 1258 709 1286 recte
737 1258 869 1286 statue-

239 1302 347 1334 retur,
373 1298 463 1339 quod
489 1299 698 1331 Zellerus
737 1299 870 1338 statuit,

238 1344 382 1375 alterum
426 1345 538 1376 locum
576 1354 617 1376 ex
649 1346 758 1376 altero
790 1344 870 1375 sini-

237 1392 308 1420 stre
322 1392 519 1430 excerptum
537 1399 626 1428 esse,
646 1389 752 1421 maior
777 1393 871 1421 certe

236 1433 431 1475 apparitura
458 1437 551 1466 esset
576 1434 606 1465 in
628 1438 775 1474 utroque
791 1443 868 1465 sen-

237 1479 419 1510 tentiarum
445 1488 485 1509 ac
510 1478 686 1511 verborum
714 1479 866 1510 similitu-

237 1524 280 1556 do
307 1525 358 1555 vel
393 1524 495 1556 etiam
528 1525 720 1557 consensio.
767 1524 869 1556 Quae

236 1578 323 1600 nunc
348 1569 506 1610 profecto
540 1568 628 1600 adeo
653 1573 706 1601 est
734 1569 867 1607 exigua,

236 1617 273 1645 ut
298 1623 404 1654 prope
431 1615 523 1645 nulla
542 1613 686 1645 dicenda
704 1614 756 1644 sit.
787 1613 866 1645 Ete—

236 1658 303 1690 nim
329 1657 419 1698 quod
454 1660 588 1698 utrique
614 1660 689 1690 loco
714 1667 866 1689 commu·

231 1711 274 1735 ne
300 1706 374 1741 est,
404 1701 438 1733 id
465 1706 573 1734 totum
606 1702 753 1743 denique
779 1702 868 1734 redit

231 1746 275 1779 ad
299 1746 381 1779 illud
406 1756 528 1787 unum,
566 1747 657 1788 quod
683 1748 867 1788 utrobique

230 1793 427 1824 necessario
453 1792 715 1824 commemorari
734 1792 863 1824 debuit.

232 1836 366 1877 Quippe
390 1837 421 1868 in
441 1837 588 1868 Politico
612 1837 739 1878 pariter
763 1841 866 1877 atque

230 1882 262 1913 in
288 1881 438 1923 Legibus
464 1881 588 1914 dicitur
615 1886 778 1922 regnante
803 1882 864 1913 Sa-

230 1930 329 1958 turno
355 1926 501 1959 maxima
530 1927 725 1968 regnavisse
756 1927 864 1958 benti—

230 1975 302 2011 tas3
334 1971 425 2012 quod
458 1975 551 2004 certe
582 1973 614 2003 in
647 1971 708 2004 hac
739 1981 863 2004 caussa

230 2016 366 2048 silentio
391 2017 619 2058 praetermitti
641 2018 731 2049 nullo
757 2016 862 2048 modo

230 2061 357 2101 potuit:
410 2061 532 2093 dicitur
572 2062 654 2094 item
693 2062 861 2094 ambobus

229 2106 313 2138 locis
341 2106 432 2138 Deus
458 2106 566 2147 geniis
602 2116 713 2139 rerum
748 2107 864 2139 huma·

229 2160 346 2183 narum
373 2161 489 2183 curam
513 2152 745 2191 cominisisse3
769 2150 861 2192 quod

229 2198 263 2226 et
286 2196 398 2236 ipsum
427 2197 496 2228 tale
520 2201 592 2237 est,
627 2202 663 2228 ut
694 2207 749 2229 res
786 2197 862 2238 ipsa

228 2240 329 2272 etiam
367 2241 399 2272 iu
424 2241 576 2283 Legibus
609 2242 682 2274 eius
715 2242 862 2274 mentio-

228 2293 303 2316 nem
343 2285 565 2326 flagitaverit‚
614 2287 715 2318 sicuti
766 2290 859 2327 post-

227 2328 331 2362 modo
357 2331 563 2363 videbimus:
593 2330 738 2372 denique
763 2335 858 2364 utro-

227 2374 328 2414 bique
346 2375 434 2414 genii
451 2379 628 2408 narrantur
653 2377 731 2409 olim
759 2387 857 2418 prae-

224 2418 331 2450 fuisse
349 2427 353 2429 ·
369 2420 587 2459 mortalibus,
635 2422 857 2462 quemadmo-

225 2463 305 2495 dum
332 2472 418 2495 nunc
450 2463 603 2497 homines
637 2467 855 2499 animantium

223 2517 347 2550 greges
372 2514 532 2549 pascant3
566 2514 600 2542 et
632 2510 695 2543 boc
720 2521 856 2553 quoque

224 2563 365 2593 prorsus
396 2553 460 2586 fuit
489 2557 719 2589 necessarium
750 2560 790 2588 ut
821 2557 853 2588 in

226 2598 378 2637 Legibus
416 2597 609 2632 adderetur.
667 2600 758 2634 Quid
790 2601 858 2641 igi--

224 2642 303 2674 tur?
328 2642 481 2675 hinccine
506 2644 626 2684 aliquis
652 2645 716 2677 iam
746 2646 851 2678 conti-

933 229 1054 284 εἶχεν.

757 294 1002 349 γιγνώσκων
1037 294 1058 338 ὁ
1098 295 1274 350 Κρόνος
1302 296 1403 354 ἄρα,
1426 298 1576 341 καθεί-

725 115 1106 158 PLATONIS

1098 230 1124 282 ἡ
1175 233 1218 274 ὁὲ
1256 231 1422 275 τούτων
1458 236 1575 275 αἰτία

944 454 1011 476 nuo
1039 445 1245 477 concludere
1263 444 1416 483 audebit,
1447 445 1575 487 Legum

945 491 1055 521 locum
1096 490 1213 531 inepte
1244 500 1285 522 ex
1320 490 1466 522 Politico
1499 501 1577 523 esse

944 535 1124 575 repetitum
1152 539 1186 567 et
1211 535 1462 576 compilatum?
1514 535 1575 567 Ni—

944 580 1056 611 mirum
1075 579 1157 612 fecit
1170 579 1272 612 Plato
1288 579 1338 612 hie
1358 577 1460 620 idem,
1485 579 1575 621 quod

944 624 1044 656 etiam
1080 624 1158 656 alibi
1193 625 1298 663 fecit,
1327 625 1428 657 veluti
1454 625 1575 657 fabulis

944 669 986 701 de
1018 673 1109 701 statu
1140 669 1328 701 animorum
1368 674 1446 712 post
1485 680 1573 702 mor-

942 718 1010 746 tem
1047 714 1182 754 futuro,
1223 714 1396 746 Phaedon.
1431 725 1463 755 p.
1496 714 1573 748 107.

943 759 982 790 D.
1009 758 1118 799 Gorg.
1144 770 1175 801 p.
1201 758 1270 792 523
1295 769 1368 800 sqq.
1402 759 1458 791 De
1484 759 1571 801 Rep.

939 802 983 834 X.
1010 814 1041 844 p.
1068 803 1135 837 614
1159 813 1253 844 sqq.;
1293 803 1357 835 boc
1390 808 1461 840 est,
1493 815 1572 836 enn-

941 847 1016 879 dem
1057 848 1284 880 narrationem
1334 858 1396 889 pro
1445 849 1574 881 consilii

941 893 992 924 sui
1027 895 1157 925 ratione
1190 895 1354 925 variatam
1380 898 1480 934 atque
1506 895 1572 926 im-

942 941 1108 970 mutatam
1142 938 1262 969 iterum
1294 938 1336 969 ad
1370 948 1439 970 rem
1475 949 1572 979 prae-

940 985 1073 1014 sentem
1100 982 1260 1016 adliibuit.
1312 986 1423 1023 Atque
1441 985 1573 1016 servilis

940 1027 1136 1060 imitationis
1191 1028 1418 1069 suspicionem
1471 1033 1507 1060 ut
1554 1040 1571 1060 a

942 1071 1072 1112 Legum
1106 1073 1182 1104 loco
1226 1075 1340 1114 procul
1375 1072 1571 1113 babeamus,

940 1117 1091 1158 inprimis
1109 1117 1210 1149 etiam
1229 1117 1308 1149 illud
1325 1116 1459 1157 suadet,
1481 1119 1571 1159 quod

940 1162 969 1193 in
1003 1171 1122 1202 magna
1157 1163 1302 1202 quadam
1337 1172 1449 1194 rerum
1480 1163 1572 1205 ipsa-

939 1216 1015 1238 rum
1047 1207 1263 1239 similitudine
1300 1211 1411 1239 tamen
1448 1209 1570 1241 verbo—

939 1261 1011 1283 rum
1045 1253 1134 1284 nulla
1165 1252 1303 1283 omuino
1344 1252 1570 1293 deprehendi-

938 1301 994 1328 tur
1019 1296 1260 1328 convenientia.
1291 1296 1373 1329 Nam
1394 1307 1482 1338 quae
1499 1299 1570 1330 sola

939 1340 1074 1372 Politici
1100 1341 1202 1373 verba
1229 1351 1305 1373 cum
1322 1341 1465 1382 >Legum
1493 1344 1568 1374 loco

938 1386 1081 1427 aliquam
1112 1385 1264 1419 referunt
1304 1386 1569 1427 similitudinem,

939 1440 978 1461 ea
1019 1433 1176 1472 leguntur
1214 1442 1245 1472 p.
1279 1431 1355 1465 271.
1392 1431 1430 1463 Ε.
1467 1437 1569 1486 atque

939 1475 1021 1507 baec
1048 1480 1143 1507 sunt:
1175 1473 1263 1507 θεὸς
1292 1476 1405 1515 ἔνεμεν
1443 1476 1569 1509 αυτους

936 1518 1034 1556 (τοὺς
1057 1517 1281 1561 ἀνθρώπους)
1307 1518 1412 1552 αὐτὸς
1435 1520 1565 1554 ἐπιστα-

936 1566 1019 1603 wir,
1068 1565 1223 1607 καθάπερ
1270 1567 1335 1597 νῦν
1376 1564 1566 1609 ἄνθρωποι,

933 1611 1023 1650 ζίῦοι
1058 1608 1098 1642 ὒι
1129 1610 1243 1652 ἕτερον
1269 1609 1461 1664 θειότερον,
1487 1611 1566 1644 ἄλλα

935 1654 1013 1696 γένη
1040 1653 1234 1696 φαυλότερα
1258 1653 1370 1687 αὐτῶν
1385 1656 1564 1695 νέμουσιν·

934 1699 1095 1739 νέμοντος
1135 1699 1170 1731 δὲ
1205 1700 1357 1738 ἐκείνου,
1404 1703 1568 1735 πολιτεῖαί

934 1755 967 1776 το
1001 1741 1068 1776 οὐκ
1101 1739 1205 1786 ἦσαν,
1240 1742 1323 1776 01’62}
1347 1744 1479 1787 κτήσεις
1503 1759 1564 1789 γυ-

934 1791 1059 1821 παικαῖν
1084 1790 1136 1821 καὶ
1155 1788 1284 1822 παιδων
1309 1802 1337 1825 κ
1364 1802 1390 1822 τ.
1402 1793 1443 1826 λ.
1491 1793 1563 1826 Re-

935 1835 1021 1875 liqua
1054 1834 1115 1867 buc
1146 1837 1234 1867 nulla
1267 1845 1308 1867 ex
1338 1841 1435 1876 parte
1461 1839 1562 1880 perti-

934 1883 1024 1912 nent.
1073 1880 1145 1912 Iam
1178 1890 1258 1912 vero
1294 1891 1368 1912 cum
1403 1880 1451 1913 liis
1484 1882 1562 1915 mihi

932 1926 1120 1957 contendas
1152 1926 1208 1957 illa
1238 1926 1270 1957 in
1297 1925 1426 1967 Legum
1456 1937 1562 1969 opere

931 1980 964 2011 p.
990 1969 1065 2004 713.
1093 1971 1137 2002 D.
1164 1970 1288 2012 quibus
1310 1971 1428 2004 eadem
1455 1973 1560 2027 signi·

930 2016 1084 2046 ficantur:
1135 2013 1331 2069 γιγνώσκων
1366 2012 1385 2046 o‘
1404 2014 1561 2068 Κρονος

929 2057 1013 2102 ἄρα,
1051 2056 1098 2091 οἷς
1131 2056 1332 2115 ἀνθρωπεία
1362 2058 1467 2101 φύσις
1499 2074 1558 2094 ov-

931 2102 1025 2143 δεμία
1065 2102 1102 2136 τὰ
1140 2102 1341 2146 ἀνθρωπιια
1379 2103 1558 2140 διοικοῦσα

931 2146 1149 2203 αυτοκράτωρ
1165 2148 1282 2187 πάντα,
1307 2148 1351 2191 μὴ
1370 2147 1433 2191 οὐχ
1456 2149 1556 2194 ὕβρε-

929 2192 976 2226 ώς
1011 2206 1044 2227 τε
1079 2196 1132 2227 καὶ
1163 2192 1295 2227 ἀδικίας
1335 2197 1557 2236 μεστοῦσθαι,

929 2237 1024 2273 ταῦτ’
1057 2235 1123 2272 οὖν
1159 2238 1405 2279 διανοούμενος
1437 2240 1556 2284 ἐφίστη

927 2284 1086 2325 βασιλέας
1123 2296 1156 2316 τε
1198 2287 1250 2317 καὶ
1288 2283 1456 2327 ἄρχοντας
1487 2291 1557 2319 ταῖς

927 2328 1063 2362 πόλεσιν
1098 2325 1190 2371 ἡμῶν
1228 2327 1293 2362 ov'n
1334 2325 1554 2374 ἀνθρώπους,

924 2371 1006 2407 ἀλλὰ
1045 2375 1168 2416 γένους
1202 2375 1384 2418 θειοτέρου
1425 2388 1458 2409 τε
1501 2379 1554 2409 καὶ

923 2417 1118 2459 ἀμεινονος,
1155 2419 1333 2461 δαί-μονοις
1374 2417 1449 2454 οἷον
1491 2434 1554 2454 νυν

924 2461 1016 2506 ἡμεῖς
1040 2463 1169 2506 δρωμεν
1201 2470 1271 2498 τοῖς
1295 2467 1472 2505 ποιμνιοις,
1498 2469 1552 2499 καὶ

924 2507 1016 2542 ὅσων
1054 2507 1178 2552 ἥμεροι
1207 2521 1292 2543 εισιν
1328 2507 1460 2566 ἀγέλαι,
1507 2523 1550 2545 ov

921 2555 1012 2610 ῥοῦς
1047 2555 1160 2596 βοῶν,
1201 2552 1278 2588 ουδὲ
1309 2552 1409 2612 myas*
1444 2556 1550 2598 αἰγῶν

920 2598 1085 2655 ἄρχοντας
1118 2601 1283 2646 ποιοῦμεν
1307 2605 1421 2634 αυτοῖς
1447 2599 1547 2639 τινάς

919 2642 993 2678 du
1043 2643 1135 2687 ἡμεῖς
1181 2658 1313 2679 αυτων
1340 2645 1545 2688 δεσπόζομεν
