1612 2872
238 104 393 148 CXIV
667 106 786 149 PRO
794 105 1144 150 LEGOMENA

238 221 355 257 tatur
385 216 582 271 publicae
612 215 762 258 salutis
793 214 1128 261 fundamentum.
1186 217 1342 273 Itaque
1373 218 1465 261 fieri
1486 234 1571 262 non

238 270 430 325 potuisse
460 271 654 323 videtur,
685 277 734 312 ut
762 270 933 311 Platoni
962 276 1171 326 tyrannus
1207 273 1252 314 in
1281 274 1452 316 civitate
1483 275 1570 318 ullo

238 341 427 380 unquam
465 332 658 380 tempore
700 326 904 380 optabilis
948 332 1022 367 aut
1071 326 1306 371 tolerabilis
1355 329 1570 373 iudicatus

238 381 304 423 sit.
363 381 415 422 In
445 396 530 435 qua
560 387 703 423 tamen
735 395 888 423 caussa
918 381 1100 436 primum
1131 383 1362 426 tenendum
1393 392 1484 438 est,
1515 385 1569 427 de

237 437 333 492 ipsa
361 436 588 492 tyrannide
619 443 838 490 tamquam
868 451 1025 492 genere
1065 437 1209 491 aliquo
1248 439 1570 495 gubernationis

238 492 500 546 reipublicae
531 506 612 533 nec
641 492 685 532 in
709 492 903 548 Legibus
926 492 1051 534 aliter
1070 493 1266 548 iudicari,
1296 495 1428 536 veluti
1447 496 1565 538 Libr.

240 546 324 587 ΙΙΙ.
354 561 397 600 p.
430 548 529 588 693.
560 546 664 588 E—
687 549 782 589 698.
813 548 869 589 A.
901 554 945 589 et
972 548 1106 590 VIll.
1136 565 1178 604 p.
1210 551 1302 592 832.
1335 549 1383 592 O.
1414 551 1488 593 ubi
1518 566 1569 593 ea

238 602 351 643 inter
381 605 663 652 στασιωτείας
691 609 963 656 numeratur,
1002 610 1050 645 ut
1087 605 1279 658 profecto
1319 621 1397 647 nec
1428 606 1567 648 credi-

240 657 325 699 bile
356 657 450 710 sit,
478 662 705 714 tyrannum
734 658 832 712 illo,
874 673 1000 712 quem
1030 659 1336 714 indicavimus,
1376 661 1472 704 loco
1502 663 1566 703 in-

238 712 373 769 telligi
409 728 528 764 eum,
571 715 644 768 qui
684 714 800 756 solus
841 729 919 770 per
958 715 1041 755 vim
1079 715 1256 770 imperio
1295 717 1458 771 potitus
1501 724 1568 759 est

239 774 284 810 et
310 783 412 822 quo,
442 768 585 812 iudice
614 769 888 812 Cicerone
944 770 1012 811 De
1043 768 1150 826 Rep.
1181 771 1243 812 II.
1273 773 1340 814 26.
1372 772 1468 813 coll.
1498 772 1566 814 De

240 822 368 866 Offio.
408 824 494 867 ΙΙΙ.
534 826 582 876 6,
623 827 688 868 21.
730 839 907 879 neque
947 827 1189 867 taetrius
1237 841 1416 880 neque
1458 828 1566 869 foe-

239 878 361 921 dius
420 894 599 934 neque
657 880 769 922 diis
829 879 1263 935 hominibusque
1321 882 1566 925 invisius

239 935 437 976 animal
481 935 650 976 ullum
688 935 937 990 cogitari
966 942 1182 991 potest,
1224 937 1566 993 quandoqui-

239 989 380 1043 dem,
405 991 512 1033 etsi
542 990 729 1046 figura
759 996 837 1032 est
866 990 1131 1045 hominis,
1154 1008 1358 1034 morum
1388 999 1567 1036 tamen

239 1046 579 1088 immanitate
609 1045 967 1087 vastissimas
998 1047 1175 1089 vincit
1203 1048 1436 1090 belluas.
1476 1049 1566 1091 De-

238 1100 339 1142 inde
369 1101 600 1158 diligenter
637 1101 1062 1143 animadvertendum
1101 1112 1190 1155 est,
1229 1103 1409 1146 eundem
1447 1105 1565 1146 illum

238 1163 467 1213 tyrannum
513 1157 643 1198 talem
693 1157 893 1212 depingi,
953 1158 1026 1211 qui
1075 1158 1132 1199 sit
1177 1159 1350 1215 ingenio
1378 1159 1564 1212 docilis,

238 1218 432 1267 promtus
460 1211 516 1254 ad
543 1213 656 1255 bona
685 1219 727 1255 et
754 1212 937 1254 honesta
966 1213 1147 1255 consilia
1165 1215 1430 1269 exequenda,
1459 1221 1566 1257 tem-

238 1282 393 1324 perans
423 1274 552 1323 atque
582 1268 723 1321 sortis,
755 1267 940 1322 denique
962 1269 997 1311 si
1029 1284 1114 1310 non
1134 1271 1313 1323 perfecti
1341 1271 1564 1326 sapientis,

240 1330 284 1364 at
313 1323 430 1365 civili
459 1330 601 1365 tamen
631 1330 674 1365 et
701 1323 903 1379 populari
922 1323 1080 1366 virtute
1100 1326 1329 1367 excellens.
1388 1327 1456 1368 Ex
1478 1341 1564 1381 quo

239 1385 434 1434 apertum
464 1385 531 1422 est
559 1379 742 1435 intelligi
773 1379 1010 1434 principem
1041 1380 1229 1422 civitatis
1266 1381 1402 1437 regali
1440 1388 1561 1437 pote·-

239 1441 351 1477 state
376 1435 633 1490 praeditum,
666 1450 801 1489 eaque
830 1435 999 1477 fortiter
1028 1435 1199 1490 quidem
1219 1450 1270 1478 ac
1299 1444 1470 1479 strenue
1488 1436 1565 1480 sed

238 1490 339 1532 item
379 1490 600 1532 moderate
640 1490 959 1546 prudenterque
998 1497 1213 1545 utentem,
1262 1492 1324 1533 ita
1362 1499 1408 1534 ut
1446 1493 1564 1534 cives

238 1546 330 1587 eius
359 1546 539 1602 imperio
578 1546 704 1588 facile
742 1552 923 1602 pareant
963 1552 1006 1587 et
1043 1547 1367 1602 morigerentur.
1432 1548 1564 1590 Hunc

236 1602 368 1657 igitur
395 1608 524 1656 atque
552 1602 682 1643 talem
708 1617 854 1657 regem
881 1602 1153 1657 legumlatori
1182 1609 1431 1657 exoptatum
1454 1604 1565 1647 ‘fore

238 1657 493 1711 arbitratur,
537 1672 623 1711 quo
661 1657 786 1699 citius
825 1657 990 1699 scilicet
1027 1658 1149 1699 novis
1178 1658 1348 1713 legibus
1378 1659 1422 1700 in
1451 1674 1565 1702 nova

238 1713 412 1755 civitate
451 1713 736 1768 promulgatis
782 1712 897 1753 iusta
925 1712 1172 1758 vindicetur
1201 1714 1444 1756 auctoritas.
1512 1715 1562 1756 In

237 1783 323 1823 quo
361 1768 465 1822 quid
506 1769 585 1822 sit,
637 1767 753 1822 quod
794 1782 890 1809 cum
930 1767 1125 1809 Platonis
1164 1769 1328 1810 ratione
1366 1784 1562 1825 pugnare

237 1823 566 1865 existimandum
586 1824 655 1872 sit,
679 1821 1013 1877 haudquaquam
1034 1830 1300 1877 exputamus.
1365 1825 1422 1865 Et
1442 1831 1561 1880 opta-

237 1880 301 1921 vit
339 1886 455 1921 certe
496 1879 610 1921 idem
646 1879 860 1922 Isocrates
898 1880 942 1920 in
973 1878 1185 1921 Oratione
1225 1880 1280 1920 ad
1315 1879 1562 1936 Philippum

236 1935 521 1978 Macedonem
580 1935 733 1989 missa,
793 1934 914 1976 cuius
973 1949 1103 1989 supra
1151 1936 1409 1977 mentionem
1457 1936 1560 1978 feci-

235 2005 351 2033 mus.·
409 1992 477 2033 Ac
507 1990 644 2033 simile
683 1989 786 2045 quid
829 1991 958 2032 etiam
998 1990 1042 2031 in
1075 1991 1257 2032 Politico
1287 2006 1328 2045 p.
1353 1993 1446 2032 293.
1464 2006 1559 2046 sqq.

235 2046 376 2100 optari
416 2047 705 2098 meminimus,
754 2045 838 2097 nisi
877 2045 995 2100 quod
1030 2045 1091 2087 ibi
1131 2061 1208 2101 pro
1256 2045 1559 2101 disputationis

235 2102 322 2143 illic
357 2102 548 2158 agitatae
586 2102 766 2144 consilio
817 2115 893 2143 rex
928 2100 1105 2156 fingitur
1143 2101 1336 2156 perfecta
1374 2102 1559 2156 quadam

234 2172 376 2199 rerum
406 2157 594 2200 civilium
623 2157 804 2199 scientia
823 2155 1045 2211 praeditus
1077 2162 1120 2197 et
1147 2162 1335 2198 ornatus.
1393 2157 1558 2213 Accipe

234 2213 371 2266 enim,
412 2213 550 2266 qualis
588 2213 687 2254 huic
725 2227 750 2254 a
786 2212 965 2254 Platone
999 2211 1213 2254 tribuatur
1247 2212 1479 2256 auctoritas
1516 2219 1560 2255 et

234 2268 442 2324 potentia.
511 2269 579 2310 Ea
599 2267 884 2324 ⁴‚respublica,
922 2266 1082 2321 inquit,
1125 2267 1192 2309 cui
1222 2268 1462 2321 praefectus
1491 2274 1559 2309 est

236 2325 296 2377 is,
329 2323 403 2378 qui
433 2324 593 2378 optima
621 2323 802 2366 scientia-
831 2323 887 2364 sit
914 2323 1164 2376 instructus,
1195 2323 1286 2364 sine
1312 2322 1441 2365 dubio
1467 2338 1556 2364 om-

235 2379 354 2421 nium
382 2379 544 2433 optima
573 2379 737 2421 censeri
767 2378 918 2432 debet,
957 2377 1047 2420 sive
1076 2392 1127 2419 ea
1167 2377 1402 2420 secundum
1437 2378 1556 2434 leges
1611 2393 1612 2396 ¹

236 2435 327 2477 sive
365 2434 459 2476 sine
496 2433 665 2489 legibus
704 2433 1046 2486 administratur,
1086 2448 1137 2475 ae
1179 2433 1271 2475 sive
1312 2433 1554 2476 volentibus
1610 2436 1612 2458 ³

234 2489 504 2547 gubernatur
531 2489 698 2531 civibus
730 2491 820 2532 sive
850 2488 1116 2539 nolentibus;
1145 2503 1244 2529 nam
1273 2503 1553 2543 quaeeunque
1607 2525 1612 2547 a

231 2560 307 2588 rex
334 2545 508 2600 sapiens
536 2549 813 2600 suscepturus
840 2544 918 2597 sit,
953 2544 1043 2586 sive
1074 2558 1182 2598 quos
1208 2543 1454 2588 inexilium
1478 2543 1553 2586 eii-
1606 2556 1612 2586 ,4

231 2602 341 2654 ciat,
395 2600 486 2642 sive
533 2599 693 2641 afficiat
726 2599 962 2655 supplicio,
1009 2599 1099 2642 sive
1138 2599 1386 2655 peregrinos
1422 2597 1552 2640 donet
1604 2599 1610 2633 l
