1612 2872
247 99 328 140 31⁶2
359 120 370 135 .

736 97 1098 141 PLATONIS

246 215 424 268 βασιλῆς
457 215 608 267 ἔσχον,
644 210 693 255 τὸ
730 214 996 256 πλεονεκτεῖν
1038 215 1126 256 τῶν
1168 217 1387 258 τεθέντων
1416 213 1569 271 νόμων,

249 282 319 322 καὶ
354 277 377 322 ὃ
414 277 528 331 λόγῳ
565 293 610 320 τε
646 279 718 319 καὶ
752 275 866 332 ὅρκῳ
912 277 1145 338 ἐπῄνεσαν,
1180 281 1231 324 οὐ
1266 280 1571 339 ξυνεςιώνησαν

249 343 413 393 αὑτοῖς,
434 341 530 384 ἀλλ’
573 341 600 394 ἡ
636 342 942 401 διαφωνία,ὡς
969 343 1090 399 ἡμεῖς
1123 350 1278 405 φαμέν,
1314 341 1422 390 οὖσα
1458 348 1571 402 ἀμοι-

251 413 336 453 θία
381 412 579 463 μεγίστη,
626 411 815 452 δοκοῦσα
861 412 904 453 δὲ
953 414 1110 469 amsla,
1147 411 1276 454 πάντ’

1327 418 1465 456 ἐκεῖνα
1500 413 1570 455 διὰ

248 476 534 530 πλημμέλειαν
568 478 638 516 καὶ
675 474 894 530 ἀμουσίαν
931 475 1012 528 τὴν
1046 477 1205 533 πικρὰν
1240 480 1513 537 διέφθειρενς

354 574 454 616 ΚΛ.
514 571 652 618 ’Έοικε
685 576 764 629 yos)
771 591 808 617 ν.

354 673 450 716 43.
520 671 645 715 Εἶεν·
680 677 722 715 τί
767 670 819 725 δὴ
855 671 934 715 τὸν
979 677 1230 728 νομοθέτην
1265 679 1347 720 ἔδει
1382 675 1479 720 τότε
1513 694 1574 719 τι·

253 740 393 781 θέντα
441 737 748 794 εὐλαβηθῆναι
796 739 953 782 τούτου
996 744 1088 794 περὶ
1137 744 1214 784 τοῦ
1259 743 1441 793 πάθους
1498 744 1576 794 τῆς

253 809 474 858 7⁸v563w93
518 798 592 858 ἆρ’
643 798 674 846 ὦ
723 803 832 860 πρὸς
868 808 990 848 θεων
1033 810 1112 849 νῦν
1153 810 1230 862 μὲν
1275 807 1402 852 οὐδὲν
1434 808 1575 866 σοφὸν

253 887 418 923 γνωναι
452 872 584 913 τοῦτο
621 868 720 914 οὐδ’
761 875 893 914 εἰπεῖν
924 873 1127 926 χαλεπόν,
1150 878 1185 916 εὶ
1220 876 1263 916 δὲ
1294 876 1486 930 προϊδεῖν
1521 868 1575 926 ἦν

253 936 363 988 τότε,
397 935 644 994 σοφώτερος
675 933 732 978 ὀὲν
768 930 821 988 ἦν
855 935 974 992 ἡμῶν
1008 937 1030 981 ὸ
1069 939 1284 994 προϊδώνς

352 1038 407 1079 Μ
410 1038 453 1078 E.

528 1033 587 1078 Τὸ
624 1043 753 1079 ποῖον
788 1034 840 1088 δή
876 1039 1029 1090 λέγεις-ς

354 1136 450 1178 ΑΘ.
520 1136 594 1184 Εὶς
627 1133 676 1177 τὸ
714 1132 891 1188 γεγονὸς
924 1135 1030 1194 παρ’
1069 1134 1183 1192 ὑμῖν,
1207 1129 1237 1179 ὦ
1273 1139 1470 1192 Μέγιλλε,
1489 1140 1576 1181 ἔστι

345 1264 385 1296 Ρ.
411 1263 487 1298 691.
536 1263 728 1306 Βασιλῆε
769 1264 912 1307 ἔσχον]
947 1265 985 1298 V.
1019 1264 1184 1301 Βασιλεῖς,
1221 1265 1299 1297 Vat.
1330 1261 1368 1298 Ω.
1405 1262 1578 1305 Βασιλῆις.

254 1309 332 1341 Hoc
365 1310 469 1342 etiam
500 1309 581 1342 Par.
604 1311 649 1342 A.
682 1310 738 1342 hic
770 1314 803 1342 et
835 1320 940 1352 supra
970 1321 1003 1352 p.
1035 1311 1112 1346 690.
1143 1310 1189 1342 D.
1222 1319 1243 1342 a
1265 1319 1317 1351 pr.
1344 1319 1389 1341 m.
1415 1310 1578 1350 scriptum

254 1355 394 1396 habuit,
427 1355 598 1397 siquidem
621 1355 742 1388 Bastio
775 1355 876 1388 fidem
906 1357 1033 1389 habere
1062 1357 1115 1388 fas
1145 1359 1207 1389 est.
1243 1355 1333 1387 conf.
1366 1364 1447 1387 ann.
1473 1355 1517 1387 ad
1543 1365 1576 1396 p.

255 1400 333 1435 684.
358 1402 402 1433 A.
429 1400 469 1432 B.

256 1510 530 1554 βασιλεῖς-]
555 1512 735 1554 primum
757 1520 883 1551 reges

255 1557 429 1588 illorum
453 1561 690 1599 temporum
715 1557 796 1588 hoc
818 1556 884 1588 ha-

256 1602 478 1641 buisse,ut
500 1603 673 1643 legibus
699 1601 883 1633 sancitis

257 1647 426 1678 vellent
463 1657 559 1679 esse
604 1646 885 1687 superiores,

256 1697 297 1724 et
338 1693 457 1724 iusto
489 1692 616 1733 plura
647 1692 734 1723 sibi
769 1700 884 1722 arro-

257 1742 423 1778 garent.
467 1737 558 1769 Nam
581 1737 701 1769 verba:
728 1733 763 1767 τὸ
790 1736 885 1767 πλεο-

257 1786 381 1815 νεκτεῖν
411 1793 436 1814 ι.
470 1794 496 1815 t.
527 1779 658 1821 νόμων,
688 1782 885 1822 pronomini

257 1827 360 1859 τοῦτο
391 1837 453 1868 per
486 1828 694 1868 epexegesin
731 1827 888 1858 subiecta.

257 1878 347 1911 sunt.
395 1873 487 1905 Male
510 1877 588 1914 post
614 1872 712 1913 ἔσχον
726 1872 888 1904 omittunt

257 1919 364 1959 vulgo
395 1919 718 1960 interpunctionem.
751 1936 795 1941 --
820 1918 886 1949 καὶ

259 1961 280 1999 ,ὃ
304 1962 411 2006 λόγῳ
441 1982 484 1988 -
515 1960 678 2001 αὐτοῖς,
708 1967 748 1994 et
776 1963 886 2005 quod

262 2010 409 2042 verbis
434 2019 480 2042 ac
500 2009 774 2042 iureiurando
792 2019 885 2040 con·

258 2055 621 2096 firmaverant,de
641 2065 687 2086 eo
713 2064 795 2086 non
827 2064 886 2086 se-

259 2111 347 2132 cum
414 2101 530 2141 ipsis
589 2101 887 2139 consensisse,

261 2147 386 2187 quippe
417 2147 486 2177 alia
511 2146 629 2186 lingua
658 2151 794 2187 promta
823 2145 883 2176 ha-

261 2192 400 2230 bentes,
435 2192 504 2224 alia
539 2192 724 2223 sentientes
759 2191 886 2223 animo.

268 2254 303 2259 —
361 2232 474 2267 na'vt’
533 2234 694 2274 ἐκεῖνα,
747 2245 888 2268 numero

263 2282 490 2314 multitudinis
542 2282 670 2314 dictum
722 2286 760 2313 nt
805 2281 888 2313 alibi

265 2327 386 2364 rafim,-
408 2338 440 2359 v.
466 2327 719 2368 Bernhardy
743 2326 887 2368 Syntax.

262 2382 296 2413 p.
332 2372 410 2406 280.
445 2389 486 2394 —
520 2371 580 2404 διὰ
614 2372 889 2415 πλημμέλειαν

265 2428 294 2449 κ.
326 2428 353 2449 t.
382 2417 409 2448 λ.
443 2427 514 2458 per
549 2417 888 2460 discrepantiam

265 2467 306 2494 et
344 2463 497 2495 musici
545 2470 779 2496 concentus
825 2464 889 2495 de·

262 2508 439 2540 fectum.
487 2508 608 2540 Manet
635 2511 725 2542 enim
755 2511 789 2541 in
820 2519 889 2541 me-

262 2553 432 2594 taphora3
455 2553 547 2585 unde
567 2554 780 2596 πλημμέλειαν
798 2564 889 2586 com-

263 2602 449 2637 memorat,
473 2609 560 2640 quae
591 2602 732 2643 propria
755 2604 807 2632 est
832 2609 889 2631 eo-

263 2654 350 2686 rum,
375 2644 432 2686 qui
457 2654 478 2676 a
501 2648 594 2678 recto
611 2651 712 2679 cantu
728 2646 890 2678 aberrant

955 1512 1172 1552 absurdeque
1187 1514 1324 1543 canunt.
1355 1510 1487 1542 Eodem
1502 1520 1580 1552 per-

949 1559 1037 1589 tinet
1069 1558 1171 1588 etiam
1206 1552 1371 1594 ἀμουσία,
1402 1566 1488 1597 quae
1518 1565 1578 1587 vo-

951 1607 1048 1634 catur
1078 1598 1194 1642 πικρά,
1220 1602 1300 1642 quia
1329 1601 1432 1631 habet
1461 1601 1578 1632 nescio

952 1647 1035 1689 quid
1058 1646 1278 1683 acrimoniae,
1293 1645 1404 1677 sicubi
1422 1646 1577 1678 animad-

952 1693 1110 1724 vertitur.
1157 1691 1251 1723 Male
1264 1691 1292 1722 F
1308 1692 1319 1722 i
1334 1700 1352 1721 c
1365 1691 1376 1722 i
1389 1701 1410 1722 n
1425 1701 1447 1722 u
1462 1701 1478 1722 s
1501 1691 1579 1723 alii-

954 1747 1019 1779 que
1043 1737 1157 1769 locum
1179 1736 1397 1777 interpretati
1419 1740 1510 1769 sunt.

997 1805 1038 1836 B.
1086 1804 1126 1835 τί
1157 1801 1203 1845 δὴ
1238 1801 1310 1835 τὸν
1341 1801 1582 1844 νομοθέτην

952 1868 995 1874 —-
1020 1849 1265 1892 γενέσεως;]
1309 1847 1418 1886 Quid
1441 1849 1580 1889 igitur

953 1896 1257 1936 legislAtorem
1287 1899 1370 1926 tum
1413 1898 1580 1935 oporte·-

952 1941 1024 1972 bat
1048 1940 1220 1973 sancire
1244 1944 1288 1970 ut
1312 1943 1504 1979 caveret,
1528 1949 1580 1971 ne

952 1986 1022 2018 hic
1053 1986 1222 2018 morbus
1254 1995 1280 2016 s.
1312 1986 1395 2016 hoc
1426 1984 1579 2016 malum

954 2031 1166 2073 (discordiae
1205 2031 1440 2072 maximaeque
1475 2030 1580 2061 insci-

953 2077 1039 2116 tiae)
1075 2076 1291 2108 oriretur?
1358 2075 1578 2116 Praepositio

954 2123 1038 2164 περί,
1062 2126 1220 2154 monente
1245 2122 1346 2152 etiam
1362 2121 1507 2160 Astio‚
1534 2120 1578 2152 ad

954 2168 1013 2208 τῆς
1023 2166 1372 2209 yevs'oecosreferenda
1386 2171 1447 2197 est.
1465 2165 1579 2197 Huius

955 2212 1193 2245 collocationis
1208 2213 1362 2253 exempla
1373 2213 1460 2243 bene
1473 2211 1581 2242 multa

954 2259 1124 2299 congessit
1152 2258 1302 2289 Astius
1327 2257 1371 2289 ad
1394 2257 1490 2288 Libr.
1508 2257 1531 2289 1.
1548 2266 1578 2287 c.

955 2304 1010 2338 10.
1037 2314 1071 2344 p.
1096 2302 1174 2337 640.
1202 2303 1240 2335 Β.
1266 2302 1580 2335 conf.Matthiae

955 2348 1014 2382 Gr.
1038 2349 1068 2390 ξ.
1093 2348 1172 2383 595.

1001 2416 1083 2456 Cap.
1098 2415 1158 2448 XI.
1183 2414 1222 2449 C.
1245 2412 1335 2448 Ἐάν
1360 2423 1419 2447 τις
1443 2415 1580 2455 μείζο-

955 2473 1003 2494 να
1034 2459 1135 2504 διδῷ
1149 2461 1208 2502 --]
1234 2461 1371 2493 Recitnt
1386 2459 1467 2493 haec
1483 2459 1585 2491 Sto·

956 2507 1083 2540 bueus
1108 2505 1379 2538 Sermon.XL1.
1397 2505 1579 2547 p'.-·266
1536 2528 1579 2535 -

956 2553 1085 2585 V01.11.
1103 2563 1134 2594 ρ.
1145 2552 1212 2586 140
1227 2562 1277 2592 sq.
1294 2552 1348 2584 ed.
1362 2550 1469 2582 Gaias.
1481 2549 1577 2590 Lips.

957 2607 1064 2639 usque
1111 2598 1153 2629 nd
1196 2594 1343 2635 03chqu
1389 2595 1446 2627 ubi
1494 2593 1576 2626 edit.

957 2643 1114 2676 'ltincaw
1141 2647 1176 2676 et
1200 2641 1276 2678 cod.
1304 2642 1382 2675 Par.
1408 2643 1445 2674 A.
1475 2636 1577 2672 δύνα-
