1612 2872
284 91 358 131 156

746 90 1116 136 PLATONIS

275 203 329 247 λὰ
367 207 437 246 καὶ
470 203 522 246 τὰ
560 203 712 258 αἰσχρὰ
751 203 906 260 αἰσχρὰ
946 204 1083 257 οὕτως
1111 207 1261 258 αὐτοῖς
1285 211 1464 264 χρῆται,·
1497 212 1591 265 βέλ-

275 287 372 314 τιον
409 269 431 313 ὸ
468 271 665 317 τοιοῦτος
699 274 1033 326 πεπαιδευμένος
1066 271 1167 329 ἡμῖν
1199 278 1318 317 ἔσται
1358 273 1436 326 τὴν
1453 281 1591 331 χορεί-

274 354 331 379 αν
369 353 410 377 τε
455 338 525 377 καὶ
568 337 779 388 μουσικήν
815 334 899 395 [ἢ]
946 336 993 388 ὃς
1027 336 1084 381 ἂν
1119 341 1178 394 τῷ
1213 343 1291 395 μὲν
1326 340 1490 395 σώματι
1520 346 1592 384 καὶ

274 404 324 461 τῆ
362 419 454 458 qun
461 419 482 460 η
520 400 568 443 τὸ
605 404 847 453 διανοηθὲν
877 403 984 445 εἶναι
1023 404 1158 449 κα2ὸν
1186 408 1342 455 ἱκανῶς
1365 416 1591 461 υπηρετεῖν

273 468 448 526 δυνηθῇ
496 466 720 517 ἑκάστοτε,
773 471 902 546 χαίρῃ
948 472 991 512 δὲ
1047 470 1106 526 μὴ
1160 481 1252 522 τοῖς
1296 475 1444 522 κα2οῖς
1485 476 1590 528 μηδὲ

270 535 371 592 μισῆ
416 532 468 574 τὰ
514 550 572 586 μη
609 532 743 583 καλάς
797 532 819 586 ἢ
854 534 1028 586 κεῖνος,
1072 537 1121 588 ὃς
1154 536 1211 580 ἂν
1251 540 1301 589 τῆ
1345 541 1423 592 μὲν
1468 536 1612 598 ᾳωιῆ

197 605 239 646 D
271 603 340 642 καὶ
378 601 436 640 τῶ
474 599 639 654 σώματι
682 617 740 653 μη
778 599 894 643 πάνυ
929 602 1115 654 δυνατὸς
1161 606 1186 664 ᾗ
1230 606 1492 658 κατορθοῦν
1539 601 1590 664 [ᾗ

271 669 585 718 ὸιανοεῖσθαι],
622 666 672 725 τῇ
705 667 748 708 δὲ
792 665 926 726 ἡδονῇ
967 671 1039 711 καὶ
1082 670 1194 730 λύπῃ
1238 673 1487 726 κατορθοῖ,
1534 670 1586 712 τὰ

268 735 347 788 μὲν
380 730 695 785 ἀσπαζόμενος,
732 730 815 774 ὅσα
851 734 976 784 καλά,
1008 733 1062 777 τὰ
1098 738 1141 779 δὲ
1162 739 1454 792 ὃυςχεραίνων,
1482 734 1610 780 ὁπό-’

246 814 325 841 Χσα
362 796 420 851 μὴ
458 798 597 844 καλάς

371 864 471 907 ΚΛ.
507 862 635 907 Πολὺ
662 861 719 922 Δτὸ
756 866 977 921 διαφέρον,
1017 859 1048 907 ὦ
1084 866 1184 917 ξένε,
1217 869 1347 921 λέγεις
1379 870 1457 920 τῆς
1489 884 1588 910 παι-

271 932 398 979 balag.

368 996 464 1037 ΑΘ.
505 995 674 1038 Οὐκοῦν
708 999 743 1037 εὶ
776 998 854 1049 μὲν
898 994 945 1038 τὸ
991 995 1127 1039 καλὸν
1173 998 1287 1052 ᾠδῆς
1331 1015 1374 1041 τε
1408 1000 1479 1040 καὶ
1514 997 1588 1054 ὁρ-

264 1061 426 1118 χήσεως
458 1067 552 1117 πέρι
584 1056 877 1117 γιγνώσκομεν
911 1070 1022 1117 τρεῖς
1054 1061 1199 1114 ὅντες,
1242 1065 1362 1120 ἴσμεν
1405 1067 1476 1107 καὶ
1512 1064 1589 1106 τὸν

359 1234 396 1267 C.
433 1234 546 1268 ἔσται
570 1234 644 1278 ιὴι
674 1235 869 1277 χορειάι]
904 1235 962 1267 Sic
988 1235 1065 1268 Par.
1095 1237 1131 1268 A.
1159 1237 1262 1269 Voss.
1289 1238 1394 1270 Ficin.
1422 1243 1456 1271 et
1481 1249 1585 1279 marg.

267 1279 627 1332 Steph.1,‹›gebatur
650 1286 729 1313 ante
754 1281 947 1313 Bekkerum
981 1279 1040 1322 τὴν
1063 1283 1233 1324 χορηγίαν
1273 1284 1437 1316 Voculam
1463 1289 1542 1317 ante
1567 1279 1587 1326 ἢ

270 1323 309 1357 ὅς
334 1322 377 1356 ἂν
402 1327 524 1358 merito
550 1331 745 1381 suspectam
773 1325 920 1358 reddidit
946 1327 1072 1358 Antius.

357 1372 395 1402 D.
423 1367 532 1413 ω’δῆε
557 1383 595 1404 τε
619 1372 685 1403 καὶ
717 1368 953 1412 ὀρχήσεως]
983 1382 1027 1412 ιε,
1051 1372 1139 1414 quod
1158 1373 1235 1405 oiim
1261 1373 1389 1413 aberat,
1415 1378 1505 1406 teste
1520 1374 1585 1405 Bn-

265 1417 331 1448 stio
354 1421 387 1450 x
402 1414 1092 1460 sas.scriptumha¹›e11t.i'1'uenturinud
1111 1418 1211 1451 etiam
1238 1418 1342 1452 v.f.!1.
1357 1417 1582 1453 r.a.c.3.0.x.

266 1462 315 1494 De
342 1462 419 1494 Par.
449 1465 486 1493 Α.
513 1466 605 1496 tacet
627 1463 774 1496 Bekker.

266 1601 455 1629 vertamus:
491 1596 602 1635 Quid
627 1605 753 1636 vero,
785 1595 892 1637 inquit

266 1641 494 1682 Atheniensis,
529 1643 563 1674 si
595 1643 689 1682 quis
713 1640 888 1673 honesta

265 1687 486 1720 existimet
519 1697 614 1719 esse
644 1685 827 1718 honesta
849 1691 889 1718 et

264 1732 406 1773 turpia
429 1734 578 1772 turpia
605 1740 738 1772 eoque
764 1730 887 1763 modo

265 1778 320 1809 iis
347 1777 521 1810 utatur?
555 1777 706 1809 Eritne
732 1777 887 1809 melius

265 1822 329 1855 hic
375 1823 502 1855 nobis
547 1821 783 1854 institutus
835 1821 887 1853 ad

264 1868 461 1901 choream
492 1870 535 1900 et
567 1868 787 1905 musicam,
820 1867 888 1907 qui

264 1923 446 1955 corpore
484 1912 650 1954 quidem
684 1916 724 1944 et
760 1921 885 1951 voce,

261 1958 369 1999 quod
396 1957 615 1992 honestum
642 1967 735 1989 esse
759 1957 885 1989 intei-

260 2005 440 2043 lexerit‚
466 2008 764 2044 rectesemper
792 2013 883 2044 pos-

261 2050 320 2082 sit
345 2048 556 2089 exhibere,
585 2047 659 2080 sed
690 2048 883 2080 honestis

261 2105 340 2127 non
370 2095 558 2134 gaudeat
588 2097 626 2125 et
658 2092 883 2125 inhonesta

261 2149 341 2172 non
374 2139 527 2172 habent
562 2137 691 2170 odio?
720 2139 883 2170 anille

261 2185 325 2226 qui
365 2195 472 2218 voce
504 2183 674 2226 quidem
711 2187 752 2215 et
794 2193 883 2215 cor-

262 2240 364 2271 pore
389 2240 464 2262 non
490 2228 708 2262 admodum
742 2230 884 2271 possit

261 2275 613 2314 rectaexhibere‚
636 2274 883 2314 voluptatis

260 2324 402 2352 antem
441 2330 489 2352 ac
533 2319 700 2352 doloris
742 2318 882 2351 habita

261 2366 432 2398 ratione
493 2369 616 2397 recte
673 2363 880 2404 exhibeat,

258 2410 417 2452 quippe
453 2412 719 2452 amplectens
760 2419 881 2450 quae·

260 2465 420 2496 cunque
444 2456 589 2497 pulcra
616 2455 719 2495 sint,
741 2456 880 2487 altera

247 2505 416 2541 niuem,
452 2510 555 2542 qnae
587 2510 667 2532 non
697 2500 784 2532 sint
814 2499 881 2532 ho-

261 2550 400 2585 nesta,
426 2545 665 2577 fastidiens
699 2548 741 2576 et
764 2555 882 2587 repu-

261 2591 408 2624 dians?
431 2591 537 2623 Vides
563 2599 650 2622 nnnc
675 2589 808 2622 demum
834 2591 883 2623 in-

260 2643 313 2671 ter
327 2647 365 2670 se
376 2640 454 2679 apte
472 2636 652 2669 convenire
667 2635 793 2670 omnia.
814 2636 882 2669 Sed

956 1597 1009 1628 vel
1034 1596 1082 1629 sic
1102 1605 1167 1628 non
1192 1600 1348 1637 putamus
1371 1606 1483 1629 aream
1506 1608 1584 1631 esse

957 1645 1208 1683 perpurgatam.
1234 1641 1388 1673 Offendit
1402 1643 1487 1675 enim
1510 1653 1581 1676 ma-

955 1697 1107 1729 gnopere
1145 1687 1235 1727 quod
1266 1691 1344 1727 post
1380 1686 1527 1724 δυνατὸς
1561 1685 1583 1730 ἧ

957 1735 1159 1775 κατορθοῦν
1202 1731 1353 1763 additum
1397 1733 1522 1774 legitur
1560 1733 1581 1774 ἤ

957 1778 1185 1808 διανοεῖσθαι.
1234 1777 1335 1810 Quod
1369 1777 1580 1810 additamen-

956 1826 1027 1854 tum
1053 1822 1140 1854 adeo
1172 1826 1224 1854 est
1251 1822 1438 1861 absonum,
1470 1827 1506 1855 ut
1528 1834 1581 1855 re-

954 1871 1042 1900 ctam
1078 1868 1263 1899 sententiae
1299 1869 1463 1900 rationem
1503 1878 1579 1909 per-

953 1914 1066 1945 turbet
1098 1913 1287 1945 miserrime
1321 1923 1360 1944 ao
1396 1923 1579 1955 propemo-

953 1957 1031 1990 dum
1072 1962 1177 1990 totam
1213 1957 1353 1990 auferat.
1414 1957 1497 1990 Nam
1538 1961 1578 1999 τῇ

954 2015 1044 2044 φωνῃ
1075 2002 1129 2034 καὶ
1158 2015 1289 2044 σίυμαῖῦ
1325 2013 1367 2033 ov
1401 2001 1488 2034 ndu}
1521 2016 1578 2034 ua-

951 2050 1100 2090 τοοθοῦν
1125 2047 1245 2080 dicitur
1269 2048 1308 2087 is,
1333 2048 1388 2088 qui
1415 2058 1501 2088 quae
1518 2047 1578 2080 iio·

950 2098 1047 2125 nesta
1084 2098 1141 2125 aut
1179 2092 1354 2124 inhonesta
1387 2102 1462 2125 esse
1499 2103 1576 2125 sen-

950 2139 1043 2178 serit,
1068 2148 1107 2170 ea
1132 2147 1197 2169 non
1224 2138 1332 2179 possit
1354 2138 1397 2169 ob
1423 2139 1574 2171 inertiam

949 2193 1043 2215 suam
1068 2184 1166 2225 plane
1191 2187 1458 2223 repraesentare.
1503 2183 1572 2215 Ita-

948 2239 1042 2283 que
1048 2228 1146 2260 facile
1175 2228 1371 2269 intelligitur
1405 2228 1447 2260 ad
1472 2229 1574 2260 δυνα-

947 2271 1007 2309 τός
1023 2268 1042 2313 ἦ
1062 2275 1264 2313 κατουθοῦι
1287 2278 1407 2315 sponte
1433 2274 1573 2315 intelligi

948 2318 986 2350 τὸ
1015 2317 1202 2358 διανοηθὲν
1225 2317 1338 2358 καλόι,
1363 2319 1572 2371 ineptissime

948 2369 1061 2396 autem
1089 2363 1238 2395 additum
1259 2374 1336 2395 esse
1350 2360 1471 2395 istud
1457 2377 1473 2402 η
1495 2364 1572 2396 δια-

948 2412 1123 2448 νοεῖσθαι,
1159 2408 1200 2441 de
1225 2418 1291 2449 qno
1316 2419 1422 2450 nuper
1447 2409 1485 2442 C.
1512 2409 1570 2442 Fr.

951 2453 1180 2487 Hermann.
1204 2454 1302 2486 nobis
1327 2455 1484 2486 assentiri
1505 2464 1570 2486 non

949 2499 1127 2533 dubitavit.
1169 2507 1172 2510 ’

995 2540 1079 2576 οὐδ’
1104 2543 1140 2574 εἴ
1164 2554 1226 2580 -ιις
1249 2543 1455 2578 παιδείας
1478 2542 1570 2575 ἐστὶ

951 2590 1012 2632 φ,]
1061 2598 1137 2621 non
1171 2591 1410 2631 poterimus
1459 2588 1568 2620 diiu—

951 2635 1115 2675 dicare,
1153 2644 1313 2676 ecquae
1344 2635 1405 2667 sit
1436 2633 1567 2667 disci—
