1612 2872
229 83 314 127 DE
346 80 622 126 LEGIBUS
656 72 773 123 LIB.
803 79 863 122 11.
898 80 944 121 P.
978 80 1072 120 657.
1106 75 1170 120 St.
1324 78 1399 117 171

44 220 145 254 νονς
186 194 244 245 αὖ
303 202 579 256 θεωροῦντες
630 199 794 253 &dnm
849 197 1084 254 ἡγούμεθα
1134 193 1402 250 πρεπόντως,

37 274 267 348 χαίροντες
302 269 354 328 τῆ
397 272 568 311 ἐκείνων
605 269 762 310 παιδιά
798 283 842 309 τε
879 268 953 309 καὶ
995 263 1209 321 ἑορτάσει,
1255 261 1402 314 ἐπειδὴ

44 337 93 381 τὸ
139 334 245 391 παρ’
288 332 395 390 ἡμῖν
434 333 550 390 ἡμᾶς
583 333 781 392 ἐλαφρὸν
801 336 983 376 ἐκλείπει
1018 334 1111 381 νῦν,
1147 327 1172 375 ὃ
1195 332 1403 373 ποθοῦν-

45 421 112 454 τες
148 421 220 446 και
257 398 559 457 ἀσπαζόμενοι
595 404 780 456 τίθεμεν
815 399 956 450 οὕτως
985 398 1164 454 ἀγῶνας
1202 406 1295 448 τοῖς
1330 399 1405 441 δυ-

41 476 246 525 ναμένοις
292 467 409 525 ἡμᾶς
443 467 466 512 ὅ
508 485 551 511 τι
594 467 758 522 μα’λιςα
807 472 867 518 εὶς
914 467 994 520 τὴν
1031 464 1218 519 νεότητα
1253 463 1401 525 μνήμη

42 541 298 592 ἐπεγείρειν·
285 570 297 589 ,

148 606 250 647 ΚΛ.
317 601 614 654 Ἀληθέςατα.

144 671 242 713 ΑΘ.
312 670 426 711 Μῶν
461 661 544 711 οὖν
587 666 782 723 οἰόμεθα
836 670 908 709 καὶ
947 667 1102 726 κομιδῇ
1137 663 1287 720 μάτην
1324 663 1402 709 τὸν

42 739 122 780 νῦν
169 733 407 789 λεγόμενον
453 733 588 788 λόγον
633 737 730 790 περὶ
781 736 868 777 τῶν
915 732 1221 789 ἑορταζόντων
1263 736 1401 786 λέγειν

43 802 145 854 τοὺς
188 802 401 853 πολλούς,
445 800 516 844 ὅτι
564 804 724 845 τοῦτον
775 804 839 845 δεῖ
884 799 1151 861 σοφώτατον
1186 799 1399 855 ἡγεῖσθαι

41 873 114 914 καὶ
162 875 324 927 κρίνειν
367 870 515 920 νικᾶν,
584 868 634 919 ὃς
687 867 746 911 ἂν
791 867 906 923 ἡμᾶς
950 867 1281 928 εὐφραίνεσθαι
1329 872 1400 910 καὶ

38 942 208 994 χαίρειν
245 936 268 980 ὅ
316 952 357 978 τι
390 935 556 991 μαλιςα
593 934 923 990 ἀπεργάζηταις
969 939 1032 979 δεῖ
1064 935 1151 992 γάρ
1188 933 1256 988 δή,
1291 938 1403 978 ἐπεί-

41 1021 121 1060 περ
157 1002 390 1063 ἀφείμεθα
425 1020 472 1057 γε
507 1005 676 1056 παίζειν
696 1010 742 1046 ἐν
773 1013 866 1054 τοῖς
898 1002 1131 1053 τοιούτοις,
1171 1001 1248 1046 τὸν
1285 1005 1403 1045 πλεί-

134 1135 179 1167 D.
239 1134 342 1166 Μῶν
375 1128 454 1167 οὖν
485 1132 693 1176 οἰόμεθα]
731 1134 790 1166 Sic
823 1133 876 1167 hic
906 1143 1046 1175 quoque
1078 1134 1158 1166 Par.
1193 1134 1238 1165 A.
1271 1133 1394 1165 Bastio

43 1185 135 1216 teate
159 1185 195 1213 et
221 1179 312 1213 Flor.
339 1190 370 1212 a.
396 1191 426 1212 c.
458 1181 532 1213 Vnt.
559 1189 585 1212 r.
633 1180 726 1214 Male
750 1181 855 1223 vulgo
881 1177 1066 1220 οἰώμεθα,
1090 1178 1184 1222 quod
1212 1188 1276 1211 nec
1300 1188 1398 1221 spre-

44 1228 92 1260 vit
116 1226 319 1259 Schneider.
347 1235 424 1259 cum
450 1225 592 1259 Turicc.

135 1273 175 1305 E.
225 1268 446 1312 ἀφείμεθά
470 1284 513 1315 γε
538 1272 592 1314 π.]
622 1282 660 1314 γε
684 1282 752 1305 om.
780 1263 933 1305 Par.'A.
982 1271 1030 1304 Et
1055 1270 1201 1304 extrusit
1219 1281 1257 1313 γε
1272 1270 1395 1304 Herm,

42 1320 73 1351 in
100 1318 183 1351 edit.
210 1317 344 1351 Teubn.

45 1441 127 1464 saue
164 1431 262 1463 locun
308 1435 374 1464 est.
438 1430 524 1464 Dein
561 1440 686 1464 nomen

45 1478 184 1511 verbale
212 1478 306 1518 χρεία
338 1477 430 1519 qnod
468 1477 598 1519 pariter
633 1481 685 1509 at·

43 1533 110 1565 qne
134 1523 285 1564 χρῆσθαι
316 1533 394 1556 cum
429 1523 546 1556 dativo
571 1523 684 1565 iungi-

45 1574 117 1607 tur,
157 1570 237 1602 nihi!
270 1569 334 1601 hoc
365 1569 496 1602 habere
532 1569 682 1602 insoten·

43 1616 112 1648 tiae
147 1615 190 1647 ad
227 1615 304 1648 libr.
338 1615 367 1647 1.
399 1626 432 1657 p.
465 1615 542 1650 631.
575 1615 615 1647 Ι).
649 1618 685 1647 et

44 1661 122 1696 640.
138 1660 180 1693 Β.
197 1660 424 1694 ostendimus.
454 1661 538 1693 Mox
555 1672 588 1702 ρ.
603 1660 684 1695 670.

49 1711 86 1740 Α.
111 1717 248 1741 rursus:
277 1707 364 1750 ψιλῷ
390 1703 426 1739 δ’
450 1707 597 1750 ἐκατέρῳ
625 1707 684 1749 τῆς

42 1751 205 1795 χρήσεως.

89 1799 175 1831 Καὶ
207 1796 286 1841 μὴν
319 1799 362 1831 ἕν
388 1809 432 1841 γε
457 1798 510 1841 τῷ
536 1796 680 1831 τοιού-

48 1845 122 1888 τῳ]
156 1845 194 1876 in
223 1845 304 1877 tati
338 1848 460 1877 certe
491 1848 683 1877 statuet

46 1890 327 1923 condicione.
360 1901 390 1922 v.
417 1889 460 1922 nd
485 1890 514 1921 1.
540 1900 574 1931 p.
598 1888 681 1925 525.

93 1982 134 2014 D.
183 1977 307 2012 αὐτοὶ
339 1979 542 2023 χορεύειν
573 1980 681 2013 ἕτοι-

45 2026 134 2069 μοι]
164 2036 241 2058 8ua
265 2030 412 2070 sponte
441 2027 495 2060 ad
520 2028 681 2059 saltan-

45 2074 136 2106 dum
176 2072 319 2114 parati
363 2077 478 2112 sunt,
518 2076 564 2106 ut
602 2083 682 2106 non

46 2119 279 2160 indigeant
304 2118 637 2153 exhortatione.

90 2162 135 2196 τὸ
171 2163 214 2195 δὲ
253 2164 334 2195 τῶν
371 2164 686 2207 πρεσβυτέρων

46 2210 405 2254 ν-θεωροῦντεε]
446 2209 494 2243 Τὸ
517 2211 582 2243 τῶν
605 2222 684 2253 πρε-

46 2255 225 2297 σβυτέρων
252 2257 412 2298 quoniam
438 2257 530 2290 idem
548 2262 604 2290 eat
630 2262 685 2290 at-

44 2312 112 2344 que
138 2301 175 2333 οἱ
196 2299 435 2345 πρεσβύτεροι,
461 2313 523 2345 per
547 2303 685 2345 synesin

44 2357 207 2380 numerus
231 2349 372 2390 pluraiis
395 2354 498 2391 atque
524 2349 685 2382 masculi-

44 2403 123 2426 num
162 2394 417 2435 participiorum
457 2394 685 2436 subiungitur.

45 2438 178 2472 Philet).
215 2450 248 2481 p.
288 2439 343 2474 45.
383 2440 431 2474 E:
473 2437 511 2472 τὸ
544 2423 604 2472 Dee
613 2441 679 2472 τῶν

44 2480 213 2526 ἀφρόνων
243 2503 287 2508 -
327 2482 347 2527 ἡ
386 2483 524 2527 σφόδρα
568 2482 677 2528 ἡδονὴ

44 2529 231 2572 κατέχουσα
264 2529 496 2573 περιβοήτους
529 2528 678 2575 ἀπεργά-

41 2576 419 2617 gera1.Re÷p.VI11.
454 2588 486 2620 p.
518 2579 597 2613 563.
631 2579 679 2612 C:

44 2619 82 2654 τὸ
126 2622 193 2654 miv
217 2622 354 2664 θηρίων
392 2620 462 2666 ὅσῳ
485 2621 677 2666 ἐλευθεριά-

45 2666 119 2709 'soa'
145 2666 236 2700 ἐστίν
261 2680 290 2700 κ.
319 2680 344 2701 τ.
372 2670 397 2701 λ.
422 2688 459 2693 -
511 2668 679 2712 διάγειν

758 1428 817 1474 ἠγ.
861 1427 1131 1474 πρεπόντως,
1183 1429 1399 1462 decenter

757 1478 924 1511 versari
951 1480 1178 1521 putamus,
1213 1485 1280 1508 non
1307 1475 1396 1507 male

755 1523 947 1558 Ficinus.
965 1542 1006 1547 —-
1044 1519 1196 1563 ἐπειδὴ
1224 1519 1269 1553 τὸ
1297 1517 1395 1562 παρ’

755 1566 853 1613 ἡμῖν
905 1567 1070 1610 fiatque„
1123 1567 1396 1610 quandoqui-

754 1617 844 1649 dem
864 1618 1023 1648 teritus
1049 1619 1199 1647 nostra
1227 1623 1303 1646 non
1326 1613 1392 1646 de-

752 1663 919 1694 stituit.
946 1680 990 1684 —-
1037 1659 1101 1692 εἰς
1134 1658 1209 1702 τὴν
1246 1655 1393 1701 νεότη-

753 1720 816 1747 τα,
857 1709 919 1741 ita
953 1711 999 1740 ut
1037 1712 1237 1749 tanquam
1276 1706 1395 1739 iuve-

750 1764 997 1787 nescamus.

796 1801 896 1833 Μῶν
945 1795 1022 1832 οὖν
1075 1797 1268 1838 οἰόμεθα
1326 1797 1394 1838 -]

753 1848 818 1880 Hic
830 1857 971 1889 quoque
986 1857 1090 1888 prave
1110 1846 1214 1886 vulgo
1230 1842 1397 1883 οἰώμεθα,

751 1893 857 1926 modo
875 1892 1106 1930 coniunctim,
1121 1892 1288 1931 scriptum
1312 1889 1396 1931 tegi-

750 1944 817 1971 tur.

750 1985 832 2027 quia
852 1983 916 2016 hoc
930 1983 1013 2016 dicit
1033 1980 1269 2015 Atheniensis:
1295 1980 1398 2013 Num

756 2031 1398 2072 igitntcensemus‚eam,quae

752 2086 861 2108 nunc
902 2075 952 2108 de
990 2074 1248 2107 hominibus
1297 2072 1396 2105 dies

750 2122 895 2156 festos
927 2119 1259 2154 celebrantibus
1277 2128 1399 2151 usur-

752 2168 842 2211 pari
882 2168 1012 2206 solet,
1078 2166 1316 2199 orationem
1375 2174 1396 2196 a

753 2214 985 2256 plerisque
1040 2212 1207 2245 frustra
1269 2212 1396 2253 piane

753 2258 985 2302 usurpari?
1010 2262 1073 2291 ctr.
1101 2257 1131 2290 h.
1148 2269 1178 2291 e.
1196 2257 1395 2299 neutiquam

755 2311 931 2348 putamus.
963 2316 997 2337 v,
1030 2305 1074 2338 ad
1101 2304 1221 2347 Symp.
1252 2314 1286 2346 p.
1313 2302 1383 2337 214

756 2356 795 2383 Α.
853 2351 1104 2384 Coniunctivus
1139 2351 1228 2382 foret
1264 2349 1395 2382 delibe-

754 2398 900 2430 rantium
934 2397 977 2429 de
1010 2407 1072 2438 eo,
1106 2396 1198 2439 quod
1237 2395 1393 2428 iudicau-

748 2443 830 2476 dum
866 2445 926 2475 sit:
965 2453 1006 2475 ex
1039 2453 1108 2484 quo
1141 2446 1302 2485 apertum
1336 2444 1391 2474 est

748 2499 828 2521 eum
863 2490 906 2522 ab
938 2488 1014 2522 hoc-
1042 2487 1182 2531 quidem
1209 2489 1288 2521 loco
1314 2497 1394 2520 esse

747 2536 909 2568 alienum.

796 2580 835 2613 Ε.
885 2579 1061 2622 ἐπείπερ
1095 2575 1324 2620 ἆφειμεθᾶ
1348 2587 1393 2619 γε

750 2627 805 2670 m]
831 2625 1184 2669 qnandoquidem
1213 2623 1390 2666 permis·

749 2683 840 2707 sum
866 2673 996 2707 nobis
1019 2675 1086 2705 est
1113 2675 1195 2704 tum
1222 2668 1388 2703 tudere.

874 1937 1081 1971 ludicntivus
1115 1941 1208 1968 recte
1241 1936 1396 1976 ponitur,
1441 1964 1443 1966 .
