1612 2872
253 111 333 153 256
745 111 1121 154 PLATONIS.

250 225 362 283 πρὸς
398 226 605 285 θαλάττῃ
639 225 933 276 κατοικούσας
969 227 1110 282 ἄρδην
1145 234 1188 271 ἐν
1219 231 1281 284 τῷ
1317 226 1577 287 τότεχρόικῤ

248 294 626 351 διαφθείρεσθαι·
613 323 625 343 ,

348 359 449 399 ΚΛ.
523 358 688 410 Θῶμεν.

347 423 446 464 ΑΘ.
517 422 688 465 Οὐκοῦν
722 421 892 479 ὄργανά
931 439 976 466 τε
1012 440 1098 464 παι
1106 439 1156 465 ra
1191 421 1488 476 anonim-9111,
1506 442 1576 469 και

246 488 284 530 εἴ
319 503 359 529 τι
398 492 543 542 τέχνης
580 481 633 540 ἦν
666 488 873 544 ἐχόμενον
907 492 1151 539 σπουδαίως
1186 488 1422 546 εὑρημένον
1451 488 1476 543 ἢ
1499 508 1577 534 no·

333 615 373 649 C.
423 616 668 649 σπουδαίως
696 615 962 662 ευρημένον]
997 619 1055 652 Sic
1090 622 1132 651 A.
1165 620 1206 652 B.
1243 618 1281 654 Ω.
1312 620 1336 652 f.
1367 620 1400 654 h.
1433 630 1459 653 r.
1491 630 1522 654 a.
1547 631 1575 652 c.

243 659 273 692 δ.
302 672 332 696 ο.
356 671 390 693 Χ.
436 663 565 695 Euseb.
615 664 728 705 Vulgo
761 664 960 698 σπουδαίας.
1012 666 1131 697 Paullo
1163 670 1243 697 ante
1274 666 1378 697 Voss
1413 670 1446 697 et
1475 666 1575 708 pauci

243 707 323 738 alii.
349 701 414 749 ἄρα
441 704 483 749 ἦν
505 719 568 749 pro
594 706 710 750 ἄρδην.

332 752 377 786 D.
426 754 493 784 καὶ
519 750 688 792 ὁτιοῦν·
710 752 775 786 ὅτι
799 754 870 794 μὲν
895 752 970 797 γὰρ
995 755 1060 796 —]
1088 755 1217 794 Vulgo·
1244 751 1363 786 ὁτιοῦν
1387 755 1449 786 τοῦ
1473 751 1523 786 ὅτι
1541 765 1574 794 μ.

244 808 274 838 γ.
300 797 381 830 Par.
406 799 450 832 A
477 795 596 830 ὁτιοῦν
620 811 720 831 τουτο
735 800 811 841 (sic)
825 805 858 831 et
881 801 916 832 in
943 810 1051 840 marg.
1079 796 1196 831 ὁτιοῦν
1219 800 1321 842 χωρὶς
1346 799 1408 831 τοῦ
1431 800 1573 837 τοῦτο,

289 885 328 917 C.
378 884 486 926 πρὸς
519 887 713 927 θαλάττῃ
740 899 876 920 κατοι-

244 929 432 972 κούσας]
463 932 551 966 H.e.
578 935 795 966 conditas.
823 935 877 965 De

243 975 349 1007 οἰκεῖν
383 978 604 1010 intransitive
641 985 808 1020 usurpato
843 991 875 1011 v.

242 1022 287 1052 ad
312 1021 432 1062 Remp.
463 1023 498 1056 V.
523 1034 556 1065 p.
581 1023 659 1058 462.
684 1025 725 1058 E.
759 1025 819 1056 VI.
843 1035 875 1067 p.

238 1065 318 1102 543.
345 1068 390 1098 A.

283 1112 327 1142 εἴ
346 1123 378 1143 ιι
404 1112 553 1153 τέχνης
583 1109 636 1154 ἧν
671 1110 875 1153 ἐχόμενον

240 1156 304 1199 -]
337 1159 374 1189 si
406 1158 510 1198 quid
544 1160 598 1190 ad
626 1164 759 1190 artem
786 1170 872 1200 per-

241 1203 393 1234 tinens
437 1203 595 1236 fuisset
633 1204 871 1239 inventum.

239 1247 330 1279 Nam
353 1248 403 1279 ita
428 1246 588 1288 ἐχόμενόν
613 1258 704 1280 τινος
721 1250 789 1281 dici
814 1261 870 1282 so-

238 1293 310 1324 lere
343 1293 458 1325 multis
489 1294 719 1326 demonstrari
754 1304 870 1326 exem-

238 1338 304 1378 plis
328 1343 454 1379 potest.
488 1350 519 1370 v.
545 1339 656 1371 Indic.
682 1341 726 1371 ad
750 1339 872 1381 Rcmp.

237 1383 281 1416 al.
308 1381 635 1421 -σπουδαι’ωε,
652 1385 870 1417 sollerter.

238 1427 357 1459 Minus
377 1429 553 1470 eleganter
565 1428 765 1468 σπουδαίας,
777 1431 870 1471 quod

236 1474 364 1513 vulgo'
356 1484 391 1506 in
401 1475 497 1506 libris
507 1476 735 1517 perscriptum
745 1481 870 1508 exstat.

280 1515 331 1549 ἀν
340 1519 571 1560 evpae'anew'
583 1531 685 1552 ποτε
702 1522 768 1552 καὶ
787 1517 869 1552 ὁτι-

235 1561 430 1601 ufir-311
460 1564 532 1604 μὲν
557 1566 624 1607 -]
667 1566 703 1597 ln
736 1566 791 1598 his
816 1566 869 1597 καὶ

235 1605 354 1640 ὁτιοῦν
377 1615 440 1650 est,
470 1611 536 1642 vel
560 1611 803 1649 tantillum,
831 1615 869 1642 ut

233 1656 439 1686 sexcenties.
470 1666 501 1686 v.
531 1665 610 1688 ann.
643 1657 689 1687 ad
713 1656 867 1697 Apolog.

237 1697 371 1730 Socrat.
397 1710 430 1740 p.
455 1699 513 1733 35.
540 1699 581 1731 B.
622 1701 738 1741 inepte
762 1701 866 1741 vulgo

236 1744 428 1776 addebatur
453 1755 523 1780 που,
543 1747 638 1786 quod
661 1747 868 1778 auctoritate

235 1789 443 1836 optimorum
473 1790 642 1822 librorum
671 1790 866 1822 eliminavi—

233 1844 320 1867 mus.
375 1834 466 1866 Nam
498 1845 561 1866 nec
594 1834 792 1867 Parisinum
821 1836 867 1871 A.

231 1879 318 1911 illud
358 1885 453 1911 certo
492 1881 634 1920 testari,
672 1890 714 1912 ex
747 1886 863 1913 annot.

233 1925 307 1955 crit.
342 1924 444 1957 facile
476 1926 616 1966 patebit.
665 1926 757 1958 idem
782 1926 865 1957 feci-

229 1980 305 2002 mus
320 1971 563 2002 coniunctione
577 1969 640 2012 γάρ
658 1971 766 2012 vulgo
784 1976 865 2012 post

231 2011 282 2045 ὅτι
319 2013 380 2054 μέν
412 2015 533 2047 invitis
575 2016 676 2048 codd.
718 2018 863 2048 intrusa.

229 2060 282 2092 lta
311 2070 394 2092 vero
427 2065 522 2092 totus
551 2061 649 2093 locus
675 2071 780 2093 sanus
805 2072 863 2093 ex-

228 2106 299 2136 titit
321 2111 425 2147 atque
448 2107 592 2147 integer,
606 2111 644 2137 ut
667 2108 790 2138 mirum
806 2107 862 2147 sit,

226 2152 434 2192 interpretes
468 2153 503 2183 in
539 2162 580 2183 eo
611 2152 666 2183 vel
690 2153 862 2193 interpre-

225 2196 334 2227 tando
367 2198 419 2228 vel
452 2197 617 2228 mutando
652 2197 740 2229 adeo
764 2198 861 2228 labo—

226 2242 369 2273 ravisse.
411 2241 501 2274 Nam
526 2243 698 2274 sententia
723 2243 861 2283 quidem

224 2286 409 2318 verborum
445 2289 629 2321 manifesto
669 2288 754 2319 haec
791 2292 859 2320 est:

222 2330 327 2363 Num
363 2332 569 2365 dubitari
613 2337 730 2364 certe
774 2342 859 2364 non

222 2379 391 2416 potest,
424 2378 527 2417 quin
565 2378 722 2410 artium
758 2377 857 2409 illa·

220 2431 310 2454 rum
336 2423 535 2462 inventa,
560 2423 716 2464 quibus
748 2433 857 2454 nunc

220 2467 402 2504 utimur,
428 2467 856 2500 innumerabilia

220 2512 366 2544 secula
396 2512 595 2545 homines
632 2513 757 2546 illius
791 2523 854 2545 ae-

219 2557 324 2589 tutis
358 2557 592 2589 latuerint.
639 2557 757 2595 Quae
787 2568 854 2590 au-

217 2605 303 2634 tem
332 2606 484 2642 postea
519 2607 618 2634 sunt
654 2603 854 2642 inventa,

218 2657 265 2679 ea
294 2647 517 2680 admodum
554 2648 745 2680 recentis
778 2658 852 2681 me-

946 890 1108 920 moriae
1134 894 1248 928 sunt,
1269 894 1312 920 ut
1336 889 1407 920 vix
1432 890 1574 921 millia

945 940 1016 965 aut
1065 945 1263 966 summum
1308 935 1390 965 duo
1436 936 1574 967 millia

944 989 1155 1010 annorum
1181 980 1573 1020 praeterierint‚ex

943 1034 1025 1065 quo
1057 1025 1299 1064 Daedalus,
1351 1024 1573 1065 Orpheus,

942 1070 1041 1107 alii,
1077 1080 1151 1102 sua
1187 1071 1365 1101 inventa
1406 1071 1570 1110 excogi-

942 1115 1144 1147 taverint.
1193 1114 1289 1153 Quae
1324 1115 1462 1155 quidem
1494 1126 1572 1147 sen-

939 1161 1047 1191 tentia
1073 1165 1241 1200 quatenus
1265 1161 1301 1192 in
1318 1159 1460 1191 Graecis
1475 1161 1570 1198 insit,
1610 1158 1612 1162 ’

941 1206 1176 1236 demonstrare
1201 1206 1292 1236 haud
1323 1215 1405 1236 sane
1430 1206 1571 1237 difficile

939 1255 1001 1282 est.
1039 1251 1175 1282 Etenim
1200 1251 1245 1283 ad
1262 1248 1483 1282 διελάνθανεν
1495 1257 1570 1283 tan·

938 1306 1044 1336 quam
1067 1295 1257 1328 subiectum
1288 1306 1331 1327 ex
1360 1297 1570 1336 antegressis:

940 1339 1018 1372 τάδε
1041 1340 1155 1379 ἔμενεν
1185 1351 1215 1371 κ.
1245 1352 1270 1372 τ.
1295 1342 1321 1372 λ.
1346 1343 1570 1381 repetendum

939 1390 991 1418 est
1025 1383 1128 1423 αὑτά,
1158 1386 1181 1416 i.
1219 1384 1254 1420 e.'
1303 1387 1463 1417 artium
1508 1387 1568 1418 in-

938 1435 1077 1463 venta.
1135 1431 1244 1463 Porro
1273 1435 1354 1472 post
1384 1428 1466 1462 τούς
1496 1429 1568 1464 τότε

936 1486 1121 1518 suppressa
1145 1481 1198 1507 cst
1220 1476 1568 1517 apodosis.1ntelli-

935 1522 1085 1562 gendum
1124 1522 1214 1553 enim
1259 1522 1465 1563 relinquitur
1506 1531 1567 1563 per

933 1567 1156 1620 aposiopesin
1172 1567 1345 1606 quandam
1363 1564 1466 1608 δῆλόν
1478 1565 1567 1598 ἐστιν

934 1612 989 1642 vel
1015 1607 1124 1642 ουδὲν
1146 1609 1357 1649 θαυμαστόν,
1410 1611 1446 1642 ld
1471 1613 1566 1652 quod

935 1657 1043 1688 sensit
1076 1656 1179 1687 etiam
1206 1655 1473 1696 Cor-narius,
1505 1658 1565 1697 qui

934 1706 1013 1742 post
1037 1698 1110 1731 τότε
1129 1702 1351 1733 inserendum
1376 1705 1492 1733 censet
1505 1701 1564 1742 δῆ-

934 1744 995 1777 λόν
1033 1756 1088 1787 γε,
1130 1756 1218 1787 quae
1255 1747 1452 1778 coniectura.
1497 1747 1564 1778 viri

934 1791 1157 1832 Stephano
1182 1791 1334 1831 ingentis
1356 1791 1489 1823 fraudis
1503 1793 1563 1823 ad-

933 1836 1121 1868 mittendae
1146 1837 1442 1877 opportunitatem
1456 1837 1561 1868 dedit.

933 1881 1064 1913 Scribit
1095 1882 1186 1913 enim
1217 1882 1310 1913 istud
1339 1879 1504 1922 δῆλόνγε
1525 1882 1562 1914 in

932 1927 1050 1959 codice
1081 1927 1230 1967 quodam
1264 1937 1286 1958 a
1315 1937 1352 1957 se
1388 1931 1562 1968 repertum

930 1982 1017 2004 esse.
1061 1971 1246 2004 Enimvero
1271 1973 1383 2004 codex
1405 1972 1465 2003 ille
1488 1982 1560 2003 non

930 2021 982 2049 est
1006 2018 1104 2054 alius,
1130 2017 1198 2048 nisi
1226 2016 1431 2048 Cornarii
1453 2017 1560 2048 inter-

928 2063 1090 2103 pretatio.
1156 2061 1280 2093 Verum
1316 2062 1383 2093 hoc
1421 2062 1558 2102 quidem

928 2108 963 2139 in
987 2112 1200 2139 transcursu.
1231 2105 1412 2138 ,Redimus
1436 2107 1482 2138 ad
1505 2117 1558 2138 re-

928 2153 1102 2193 ticentiam
1129 2152 1183 2182 vel
1202 2152 1440 2192 aposiopesin,
1453 2161 1557 2192 quam

928 2197 1089 2229 diximus.
1118 2195 1229 2229 ,Cuius
1244 2197 1338 2228 aliud
1363 2198 1556 2237 exemplum

928 2247 1022 2274 extat
1034 2242 1246 2273 simillimum
1266 2241 1362 2282 Reip.
1379 2242 1476 2273 Libr.
1493 2242 1554 2273 VI.

926 2297 959 2328 p.
990 2286 1068 2321 493.
1094 2287 1139 2318 D.
1175 2287 1235 2317 ubi
1265 2297 1408 2328 prorsus
1432 2288 1554 2318 eodem

924 2332 1028 2364 modo
1064 2337 1144 2372 post
1182 2329 1232 2363 ὅτι
1270 2332 1330 2371 μέν
1368 2332 1403 2363 in
1438 2332 1555 2372 priore

925 2379 1117 2409 sententiae
1144 2381 1243 2418 parte
1275 2378 1438 2408 reticetur
1467 2387 1552 2417 apo-

924 2423 1030 2454 dosis.
1055 2422 1226 2454 Nimirum
1241 2422 1276 2453 in
1290 2423 1417 2454 talibus
1442 2423 1554 2454 oratio

922 2468 1091 2500 mimicam
1123 2468 1221 2509 quasi
1251 2468 1399 2508 speciem
1427 2467 1552 2506 induit,

921 2517 958 2544 ut
981 2514 1037 2545 vel
1060 2523 1166 2544 sonus
1191 2513 1286 2544 vocis
1311 2513 1366 2544 vel
1383 2512 1497 2544 vultus
1516 2515 1552 2542 et

921 2563 1036 2599 gestus
1071 2558 1244 2599 loquentis
1283 2560 1351 2589 iam
1388 2556 1549 2595 declaret,

921 2604 1004 2644 quid
1037 2604 1127 2635 desit
1157 2603 1282 2644 quidve
1311 2602 1460 2642 intelligi
1490 2601 1548 2632 de-

920 2649 1009 2681 beat.
1060 2648 1189 2681 Similis
1212 2647 1412 2680 reticentiae
1434 2655 1547 2678 exem-
