1612 2872
221 97 428 141 LXVIII
656 95 748 135 PR(
760 91 1134 135 ›LEGOMENA

229 223 325 262 que
365 204 783 248 multitudinem
837 208 1052 255 nactus,
1096 203 1250 243 iuxta
1310 205 1555 243 naturam

230 262 579 316 praesentium
621 271 779 299 rernm
833 266 886 300 et
941 272 1311 300 convenarum
1360 257 1558 299 debeat

230 321 410 360 facere
473 316 757 357 civitatem
814 313 1030 368 plenam
1078 313 1336 356 bonarum
1381 314 1557 368 legum

230 382 282 415 et
321 387 515 415 morum
555 371 834 411 bonorum.
914 371 982 410 Ac
1029 368 1223 410 similiter
1261 370 1388 411 etiam
1426 369 1557 409 Pro-

230 430 346 471 clus
376 429 418 468 in
456 428 600 480 Remp.
631 440 671 479 p.
705 425 798 466 350.

342 483 430 526 Sed
461 482 566 523 satis
597 479 650 522 de
679 479 761 521 his.
823 478 978 533 Neque
1003 480 1116 521 enim
1139 494 1349 532 veremur,
1378 494 1433 521 ne
1463 479 1558 532 quis

231 539 283 579 ‹le
344 553 387 579 re
445 537 549 579 satis
605 541 754 591 aperta
803 534 944 576 adhue
993 542 1164 577 moveat
1211 535 1556 577 controversiam.

232 594 450 646 Quocirca
487 592 667 634 transire
705 590 936 645 aliquando
985 590 1132 632 licebit
1169 591 1224 632 ad
1272 589 1559 646 perquirenda

232 665 296 700 ea,
332 664 442 703 quae
472 661 610 703 nuper
639 646 692 688 de
723 647 804 688 hoc
835 645 1028 687 Platonis
1058 647 1238 688 consilio
1270 661 1294 687 a
1338 647 1439 688 viris
1482 646 1559 687 do·

233 705 314 745 otis
353 704 571 760 disputata
600 708 723 755 sunt,
756 701 1102 756 quandoquidem
1130 703 1323 744 extitisse
1353 703 1560 754 novimus,

234 761 306 814 qui
345 759 451 801 illud
488 760 629 815 ipsum
668 759 754 799 tale
793 771 889 798 esse
918 757 1248 811 contenderent,
1278 757 1392 799 unde
1421 763 1560 799 totum

233 817 314 856 hoc
353 816 522 871 Legum
562 829 670 870 opus
707 813 864 855 iniuria
906 827 1070 854 summo
1121 813 1381 869 philosopho
1430 813 1560 854 tribui

234 872 384 924 utique
412 871 741 926 perspiceretur.

763 1003 1021 1010 *da——

777 1147 899 1222 Cap.
955 1147 1010 1205 V.

238 1261 451 1295 nocetur
494 1257 747 1294 consilium
779 1256 946 1301 operis
978 1256 1039 1291 de
1074 1256 1284 1300 Legibus
1316 1257 1562 1292 scribendi

259 1326 291 1351 a
326 1315 545 1351 Platonis
580 1314 686 1349 viia
718 1314 770 1347 et
801 1312 1015 1348 consiliis
1047 1321 1139 1347 non
1176 1321 1287 1347 esse
1312 1313 1539 1348 anonum-

377 1371 527 1407 Simul
553 1369 854 1413 ‹nequii-itur,
881 1377 1088 1412 quanam
1112 1369 1232 1404 nlud
1259 1370 1429 1406 aetate

563 1425 888 1469 composuerit
911 1425 1240 1468 philosophus.

349 1533 464 1576 Sunt
503 1538 647 1574 autem
683 1530 765 1571 tria
802 1529 1072 1583 potissimum
1101 1536 1375 1584 argumenta,
1411 1530 1566 1584 quibus

238 1589 297 1630 illi
328 1589 440 1630 hanc
471 1587 728 1629 sententiam
747 1599 868 1626 suam
893 1585 1075 1640 probare
1106 1584 1247 1626 conati
1279 1590 1392 1626 sunt.
1451 1585 1565 1627 Nam

238 1645 421 1699 primum
457 1643 630 1697 quidem
669 1641 893 1682 Platonem
943 1646 1121 1682 censent
1157 1640 1301 1704 inepte
1353 1641 1564 1682 facturum

238 1700 397 1752 fuisse,
430 1699 482 1753 si,
519 1699 681 1754 scripta
718 1696 984 1751 Republica,
1024 1695 1261 1751 repudiatis
1300 1696 1388 1737 suis
1421 1697 1564 1750 ipsius

239 1754 446 1808 decretis,
487 1754 615 1796 etiam
647 1754 789 1806 Leges
817 1751 970 1794 litteris
1002 1751 1256 1807 consignare
1286 1751 1470 1792 animum
1500 1752 1566 1792 in-

239 1810 446 1852 duxisset.
505 1809 676 1851 Deinde
715 1807 873 1849 excelsi
902 1813 946 1848 et
982 1807 1199 1863 magnifici
1237 1807 1398 1862 ingenii
1429 1807 1566 1862 philo·

239 1865 377 1920 sopho
405 1864 629 1921 indignum
659 1864 793 1905 fuisse
822 1863 1082 1915 existimant,
1115 1863 1167 1904 de
1196 1862 1249 1903 iis
1277 1862 1405 1904 rebus
1435 1877 1566 1916 quae-

238 1935 348 1974 rere,
387 1935 496 1975 quae
533 1936 620 1962 non
665 1920 867 1961 aliorsum
896 1918 979 1960 nisi
1025 1918 1081 1960 ad
1126 1918 1239 1960 vitae
1292 1917 1566 1972 quotidianae

239 1991 365 2018 usum
404 1982 448 2017 et
487 1974 842 2019 consuetudinem
884 1974 1144 2028 pertineant,
1176 1989 1201 2015 a
1230 1974 1386 2015 mentis
1416 1974 1565 2015 animi-

241 2047 323 2086 que
361 2032 586 2074 altitudine
627 2037 672 2073 et
701 2030 917 2082 celsitate,
960 2045 1086 2084 quam
1116 2029 1187 2071 ille
1218 2029 1342 2070 unice
1372 2035 1564 2071 sectatus

239 2088 319 2140 sit,
359 2102 536 2142 prorsus
573 2087 853 2136 abhorreant3
897 2085 1019 2127 cuius
1057 2084 1225 2141 generis
1264 2098 1315 2125 ea
1349 2085 1437 2126 fere
1472 2099 1566 2127 esse

240 2142 482 2197 videantur,
515 2157 624 2198 quae
653 2142 697 2183 in
716 2141 910 2197 Legibus
940 2146 1221 2196 exponantur.
1282 2140 1481 2194 Denique
1501 2147 1564 2182 ta-

239 2198 293 2240 lis
331 2198 473 2253 operis
513 2197 728 2241 scribendi
775 2195 1001 2239 consilium
1039 2196 1076 2238 si
1123 2195 1295 2237 Platoni
1334 2196 1564 2249 tribuatur,

240 2267 433 2309 pugnare
490 2253 536 2294 id
590 2267 851 2309 magnopere
899 2252 1157 2294 arbitrantur
1204 2265 1300 2292 cum
1348 2251 1564 2294 scribendi

240 2308 454 2362 consiliis,
487 2322 596 2362 quae
626 2307 910 2364 philosophus
940 2307 1191 2361 compositis
1220 2307 1341 2348 libris
1372 2306 1426 2348 de
1454 2308 1564 2363 opti—

241 2379 310 2405 ma
347 2364 520 2406 civitate
557 2364 808 2419 agitaverit,
850 2378 930 2406 nec
964 2369 1107 2405 tamen
1146 2363 1375 2417 perfecerit
1413 2368 1564 2418 utpote

240 2425 375 2461 morte
404 2419 694 2475 praepeditus.
753 2419 878 2472 Quae
915 2418 1087 2473 quidem
1116 2418 1258 2459 omnia
1287 2433 1441 2474 operae
1468 2433 1570 2473 pre-v

240 2475 347 2517 tium
385 2481 452 2517 est
488 2475 722 2530 paullisper
759 2474 1030 2517 considerare
1058 2474 1316 2527 accuratius,
1345 2480 1388 2515 et
1417 2489 1564 2528 quam-

243 2545 339 2572 nam
375 2531 462 2572 vim
498 2531 685 2573 habeant
713 2530 769 2572 ad
798 2529 1072 2572 evertendam
1102 2529 1430 2572 minuendamve
1461 2543 1563 2585 ope-

243 2587 300 2628 ris
329 2586 541 2628 Platonici
568 2587 884 2639 auctoritatem,
914 2585 1063 2641 paucis
1094 2584 1344 2638 disquirere.
