1612 2872
285 101 363 142 DE
396 99 675 144 LEGIBUS
707 101 826 145 [AB.
859 101 894 144 I.
928 102 975 144 P.
1009 103 1105 146 642.
1139 103 1204 146 St.

1352 107 1427 148 101

64 214 180 272 ἀνὴρ
221 220 370 267 Helue,
405 216 455 268 ὃς
493 211 546 270 ἦν
585 218 688 274 ἡμῖν
731 224 904 271 οἰκεῖος,
940 219 1092 265 ἐλθὼν
1128 224 1174 265 δὲ
1210 219 1297 279 πρὸ
1337 224 1426 267 τῶν

63 346 230 389 losoplius
264 346 338 379 libr.
372 347 442 379 111.
482 359 514 390 p.
549 348 627 383 677.
662 349 707 381 D.

62 392 235 435 hospitem
275 393 524 426 Atheniensem
565 396 611 426 ita
656 397 705 427 lo-

60 443 224 478 quentem
263 439 364 470 facit:
413 434 476 481 ἆρ’
527 435 640 477 οἶσθ’,
679 436 705 472 ὠ

0 497 1 506 ¹
61 484 219 523 Κλεινία,
256 483 317 517 τὸν
352 486 455 525 φίλον
487 483 538 517 ὖιι
571 486 704 527 παρέλι-

0 554 2 559 .
61 539 122 563 πει·
154 527 214 562 τὸν
257 528 403 572 ἀτεχνῶς
432 530 517 572 χθὲς
565 531 703 574 γενόμε-

60 585 142 610 vove
180 577 209 609 is
247 588 330 610 vero
366 577 589 619 Epimenides
626 584 703 619 est,

59 623 161 655 sicuti
198 632 241 655 ex
267 624 560 665 consequentibus
594 630 702 666 patet.

59 669 238 703 Quocirca
269 680 311 702 ex
352 670 413 710 iis,
450 680 540 710 quae
579 680 702 702 secun-

58 714 139 748 dum
179 715 565 748 Hemsterliusium
592 727 699 758 expo-

58 761 209 799 suimus,
242 763 432 799 certissime
466 768 630 803 apparet,
657 763 701 795 de

15 824 18 826 v
57 805 217 839 Sardium
246 809 503 850 expugnatione
523 807 700 850 haudqua-

56 862 158 894 quam
185 854 330 895 cogitari
354 855 471 886 licere.
522 854 598 887 Nou
625 856 699 896 plu-

57 900 103 931 ris
127 899 340 932 aestimanda
369 905 422 932 est
442 901 529 932 ratio
558 900 696 932 Meur-

56 945 127 982 sii,
163 947 224 986 qui
262 947 296 977 iu
329 945 450 978 Solon.
487 957 516 978 (κ
552 947 574 980 9
637 957 700 987 pro

56 989 138 1023 δέκα
169 990 255 1024 ἔτεσι
288 990 458 1035 πρότερον
496 993 562 1034 legi
605 993 700 1025 iubet

56 1060 131 1090 ρκα,
157 1049 177 1082 i.
206 1059 236 1081 e.
262 1048 393 1081 CXXI.
420 1058 631 1090 quamquam
659 1058 699 1081 ea

58 1105 124 1127 uon
151 1094 329 1135 displicuit
350 1093 699 1137 wyttenbachio

53 1140 98 1174 nd
112 1140 285 1173 Plutarchi
308 1141 432 1175 Moral.
451 1153 482 1183 p.
504 1141 583 1175 967.
610 1140 696 1173 Nam

54 1185 133 1220 huic
157 1196 298 1228 quoque
324 1188 547 1220 coniecturae
573 1188 697 1219 mirum

52 1238 219 1274 quantum
254 1232 479 1266 adversamur
512 1243 600 1273 quae
628 1238 698 1265 sta-

54 1278 115 1311 tim
148 1279 420 1320 subiunguntur:
461 1277 696 1320 φοβουμένων

53 1343 94 1348 -—
122 1319 317 1366 Ἀθηναίων
340 1326 494 1366 itemque
518 1327 574 1357 illa
600 1325 693 1357 Libr.

54 1371 122 1405 111.
148 1382 181 1413 p.
210 1371 289 1405 677.
318 1371 363 1405 D.
419 1371 568 1404 Accedit
599 1373 693 1413 quod

53 1417 214 1450 codicum
234 1418 368 1450 l'latou.
386 1418 592 1459 scripturam
611 1428 692 1449 eou-

53 1463 189 1496 tirmant
213 1463 317 1495 etiam
345 1463 547 1495 Clemens
575 1465 692 1495 AleX.

53 1505 183 1541 Strom.
222 1508 278 1540 VI.
311 1520 343 1551 p.
376 1510 456 1544 268.
496 1509 550 1543 ed.
599 1510 692 1541 Polt.

53 1554 194 1588 Schol.
246 1553 522 1600 Thucydidis
571 1555 612 1587 ad
663 1555 691 1587 Ι.

53 1600 132 1635 126.
156 1601 347 1633 Procius
373 1603 404 1633 in
430 1601 574 1634 Hesiod.
603 1601 692 1643 Opp.

54 1652 90 1679 et
110 1646 189 1679 DD.
217 1657 250 1689 p.
276 1647 332 1681 20.
368 1647 423 1679 ed.
450 1647 542 1681 Dan.
571 1647 691 1680 Heius.

53 1697 92 1725 ut
122 1694 194 1725 eins
225 1695 415 1725 auctoritas
446 1698 579 1725 temere
611 1704 693 1725 con-

54 1739 132 1770 velli
158 1748 225 1770 non
258 1739 396 1771 debeat.
453 1739 556 1771 Salva
592 1740 694 1781 igitur

53 1789 108 1817 est
150 1785 314 1819 librorum
352 1786 454 1817 lectio
496 1791 526 1817 et
564 1785 693 1817 incolu-

54 1831 138 1869 mis,
170 1834 206 1861 ut
241 1831 308 1862 hoc
334 1841 436 1862 uuum
462 1831 694 1871 quaerendum

55 1875 232 1915 videatur,
286 1887 351 1917 qua
396 1877 533 1908 ratione
573 1887 612 1908 ea
653 1878 698 1908 sit

54 1921 270 1962 explicanda.
320 1923 368 1953 Et
394 1921 599 1954 Zellerus
626 1923 698 1959 qui·

54 1966 134 1999 dem
166 1971 264 2008 putat
281 1969 486 2009 scriptorem
516 1968 604 2006 libri,
631 1968 698 1999 hoc

54 2017 131 2052 est,
171 2022 238 2045 non
287 2013 492 2051 Platonem,
528 2013 589 2044 sed
629 2014 698 2045 ine-

54 2063 151 2100 ptum
178 2059 325 2099 aliquem
345 2060 593 2095 tenebriouem,
619 2070 697 2100 pra-

54 2114 97 2136 va
130 2105 321 2136 imitatione
361 2106 427 2137 loci
468 2105 630 2146 Sympos.
665 2115 695 2145 p.

54 2150 132 2184 201.
161 2150 201 2182 D.
233 2150 443 2192 deceptum,
478 2151 509 2182 iu
533 2151 693 2191 turpissi-

56 2205 144 2228 mam
193 2195 347 2229 fraudem
398 2197 574 2228 incidisse.
645 2196 695 2228 Eo

56 2242 145 2274 enim
179 2242 256 2274 loco
288 2242 443 2274 Diotima
476 2243 600 2274 dicitur
627 2240 694 2282 πρὸ

58 2287 120 2318 τοῦ
152 2287 274 2326 λοιμοῦ
307 2286 389 2319 δέκα
420 2289 476 2330 ἔτη
516 2284 696 2330 ἀναβολὴν

57 2333 199 2374 ποιῆσαι
237 2334 295 2374 τῆς
338 2332 462 2366 νόσου.
517 2335 694 2368 Quemad-

57 2379 196 2411 modum
230 2380 332 2420 igitur
363 2381 408 2412 ibi
449 2381 502 2412 illa
541 2386 697 2412 narratur

58 2428 192 2466 pestem
219 2425 339 2457 decem
372 2436 479 2458 annos
510 2427 695 2467 procrasti-

58 2479 173 2510 nasse‚
197 2470 243 2502 ita
274 2470 478 2505 Zellerus
506 2473 698 2504 arbitratur

58 2525 144 2548 nnnc
165 2514 403 2557 Epimenidem
431 2517 497 2549 dici
516 2519 694 2550 imminen-

57 2562 103 2593 tis
150 2560 231 2594 belli
271 2563 458 2604 periculum
498 2564 530 2596 iu
574 2565 693 2596 ducem

57 2616 167 2639 annos
198 2607 383 2642 distulisse.
432 2609 502 2640 Sed
539 2610 696 2650 quamvis

59 2662 99 2684 ea
140 2653 335 2687 coniectura
380 2655 488 2696 primo
526 2655 704 2699 adspectu

60 2698 239 2738 ingeniosa
256 2700 423 2739 videntum,
451 2704 565 2734 tamen
582 2703 694 2743 impe-

778 355 871 383 trare
896 362 916 384 a
942 352 1042 385 uobis
1067 362 1134 386 non
1158 363 1358 395 possumus,
1385 359 1424 388 ut

778 406 852 429 eam
882 407 944 439 pro
970 409 1050 432 vera
1067 439 1069 441 Ι
1086 400 1285 441 probemus.
1334 400 1422 434 Nam

776 453 940 485 perquam
975 449 1029 477 est
1057 445 1316 483 veridissimile,
1350 447 1422 480 imo

775 499 919 531 prorsus
959 490 1183 537 incredibile,
1217 493 1422 535 scriptorem

775 545 870 567 mera
896 535 1052 568 decennii
1088 539 1423 572 commemoratione

775 591 817 612 eo
844 591 923 613 esse
950 582 1173 624 perductum,
1209 589 1247 616 ut
1272 584 1316 617 de
1342 585 1423 618 belli

773 627 906 659 Persici
918 627 1094 669 ipsiusque
1106 629 1320 671 Epimenidis
1330 635 1420 664 tem-

772 673 913 715 poribus
931 684 986 705 res
1008 676 1110 716 plane
1127 676 1299 708 inauditas
1320 686 1419 710 com-

772 719 1023 751 minisceretur.
1058 720 1131 752 Alia
1150 726 1246 754 certe
1260 724 1310 754 rei
1329 724 1418 756 ratio

770 765 874 804 foret,
903 765 929 796 si
951 766 1052 798 etiam
1074 772 1206 807 pestem
1224 778 1418 801 memoras-

770 815 824 844 set
856 812 977 852 talem,
1020 813 1129 853 qualis
1167 814 1199 845 in
1232 814 1417 855 Symposio

770 861 1075 890 commemoratur.
1093 858 1222 900 Itaque
1235 861 1339 893 missa
1355 859 1417 893 hac

770 903 943 935 Zelleri
970 904 1170 946 suspicione
1187 907 1333 938 aliorum
1361 916 1416 938 ra-

769 950 884 981 tiones
905 948 1097 982 videamus,
1147 951 1239 984 luter
1256 962 1342 995 quas
1365 953 1418 984 in-

771 996 891 1036 primis
910 995 968 1027 iila
982 997 1206 1030 memoranda
1221 1003 1286 1037 est,
1314 1008 1416 1039 quam

768 1041 844 1073 iniit
876 1040 1169 1075 Heinricliius
1204 1044 1237 1077 in
1275 1043 1416 1086 Epime-

768 1086 846 1119 nide
870 1097 902 1129 p.
920 1087 976 1121 20.
1025 1087 1062 1119 Is
1089 1089 1189 1127 enim.
1214 1089 1414 1123 Bentleii

768 1139 939 1174 sequutus
981 1135 1248 1179 alletoritatem,
1296 1137 1415 1170 Plato-

769 1189 849 1213 nem
874 1180 1013 1211 omniuo
1031 1180 1063 1213 iu
1093 1180 1296 1213 definiendis
1323 1186 1412 1214 tem-

768 1225 908 1266 poribus
935 1226 1049 1258 minus
1079 1231 1277 1260 accuratum
1303 1228 1412 1261 fuisse

767 1270 916 1312 ideoque
957 1270 1008 1303 hio
1049 1282 1187 1314 quoque
1222 1274 1297 1306 sive,
1329 1284 1411 1317 pru-

764 1317 903 1350 dentem
937 1317 1011 1350 sive
1042 1318 1295 1360 imprudentem
1328 1331 1410 1352 aua-

764 1362 996 1395 clironismum
1037 1364 1218 1398 admisisse
1262 1366 1409 1399 arbitra-

764 1415 833 1442 tur.
883 1409 995 1442 Quam
1030 1412 1170 1453 quidem
1202 1413 1411 1446 senteutiam

764 1465 871 1497 nuper
917 1456 1019 1488 etiam
1072 1457 1308 1491 Hermann.
1359 1459 1412 1491 De

765 1502 939 1543 magistris
965 1503 1124 1536 Socratis
1145 1515 1177 1546 p.
1195 1503 1251 1538 18.
1277 1506 1410 1547 ample-

764 1557 827 1580 xus
854 1552 919 1579 est.
973 1549 1015 1580 At
1051 1550 1143 1581 enim
1168 1559 1252 1582 vero
1278 1552 1306 1582 si
1337 1550 1411 1593 plu-

764 1592 930 1635 losoplius
958 1594 1110 1634 prudens
1130 1599 1328 1638 temporum
1355 1607 1411 1629 ra·

762 1640 874 1672 tiones
892 1641 1185 1681 conturbas-isset,
1213 1647 1308 1675 certe
1322 1642 1354 1674 in
1369 1652 1409 1675 ea

764 1697 801 1718 re.
827 1685 954 1726 aliquid
980 1691 1150 1728 sequutus
1179 1691 1284 1720 esset.
1314 1687 1410 1723 xNe·-

762 1742 828 1773 que
860 1732 948 1764 enim
980 1742 1123 1774 usquam
1165 1738 1297 1767 temere
1329 1734 1408 1766 tali-

763 1778 826 1809 bus
852 1778 963 1809 utitur
988 1779 1276 1820 anachronismis,
1307 1781 1406 1812 sicuti

763 1824 842 1854 alibi
867 1823 1095 1857 ostendimus.
1145 1825 1212 1858 Hic
1229 1836 1310 1858 vero
1326 1826 1406 1868 quid

765 1873 827 1900 aut
852 1870 954 1910 quale
979 1871 1063 1902 illud
1090 1871 1150 1908 sit,
1179 1872 1273 1912 quod
1302 1882 1342 1904 ea
1371 1882 1408 1904 re

765 1914 987 1955 spectaverit,
1011 1926 1055 1948 ne
1082 1917 1242 1958 Oedipus
1267 1917 1408 1957 quidem

767 1960 980 1992 dviuaverit.
1039 1961 1200 2003 Relinqui
1235 1973 1320 2004 ergo
1358 1963 1410 1995 vi-

768 2005 882 2044 detur,
902 2011 936 2037 ut
957 2007 1300 2048 eumimprudentem
1321 2012 1411 2041 tem—

767 2062 853 2092 pora
879 2052 1074 2092 neglexisse
1097 2057 1303 2086 statuamus.
1359 2056 1411 2087 At

767 2097 830 2128 hoc
855 2107 995 2138 quoque
1030 2109 1194 2139 perquam
1233 2099 1409 2132 veridissi-

767 2143 847 2174 mile
873 2148 938 2174 est.
988 2143 1077 2176 Nam
1096 2146 1172 2186 quis
1191 2145 1331 2177 tandem
1357 2151 1411 2179 est

765 2189 823 2229 qui
845 2189 909 2220 sibi
927 2189 1150 2231 persuadent,
1170 2191 1407 2234 philosophum

765 2239 921 2275 tempora
959 2235 1120 2276 Solonis,
1159 2249 1177 2269 a
1215 2247 1284 2279 quo
1328 2239 1407 2280 ipse

765 2282 876 2320 gentis
910 2292 996 2314 suae
1027 2284 1208 2323 repetebat
1241 2283 1406 2326 origines,

765 2327 854 2358 adeo
887 2337 952 2359 non
985 2328 1120 2366 cognita
1153 2328 1335 2371 habffisse,
1370 2335 1407 2362 ut

764 2383 807 2404 ue
841 2372 1054 2415 Epimenidis
1089 2374 1226 2413 quidem
1265 2385 1322 2408 res
1361 2375 1404 2408 ad

765 2420 821 2450 illa
848 2420 923 2460 ipsa
956 2419 1168 2460 pertinentes
1198 2420 1282 2460 (vid.
1308 2422 1405 2453 Plu-

766 2464 902 2497 tan-ln.
937 2465 1006 2497 vit.
1038 2465 1158 2499 Solon.
1185 2477 1216 2498 ‹·.
1244 2467 1320 2508 12.)
1350 2477 1407 2499 re-

765 2509 930 2542 cordatus
962 2509 1034 2543 sit?
1097 2513 1222 2553 Itaque
1252 2514 1318 2544 alia
1352 2513 1403 2546 rei

765 2566 886 2588 caussa
910 2558 957 2590 sit
985 2562 1088 2599 atque
1120 2559 1230 2600 ratio,
1261 2569 1405 2600 prorsus

765 2603 909 2636 necesse
934 2607 998 2635 est.
1028 2603 1198 2636 Putamus
1222 2615 1306 2636 vero
1325 2605 1403 2636 Pla—

766 2652 879 2680 tonem
922 2647 1005 2681 haee
1054 2650 1264 2682 scribentem
1304 2651 1403 2682 aliam

765 2697 948 2736 sequutum
985 2705 1063 2728 esse
1096 2696 1323 2730 narrationem
1356 2696 1406 2727 in-
