1612 2872
306 83 389 125 DE
420 80 702 127 LEGIBUS
730 81 849 124 LlB.
881 81 916 123 Ι.
950 81 996 124 P.
1031 83 1130 124 642.
1164 80 1228 125 St.
1396 83 1448 123 97

88 201 378 257 μετεκβαῖμεν
411 199 452 244 δ’
494 206 555 252 εἰς
588 199 738 258 ἔτερόν
775 217 876 243 τινα
915 199 1064 255 νόμων
1100 204 1196 258 πέρι
1231 199 1383 254 λόγον.

190 269 294 312 ΜΕ.
352 260 413 310 Ὠ
450 268 540 320 ξένε
564 267 797 322 Ἀθηναῖε,
823 266 904 312 οὐκ
939 266 1058 311 οἶσθ’
1102 266 1216 318 ἴσως,
1238 264 1310 311 ὅτι
1348 282 1445 321 τυγ-

85 334 212 390 χάνει
266 332 392 389 ἡμῶν
445 334 472 388 ἡ
520 339 643 379 ἑστία
687 338 767 388 τῆς
815 334 980 386 πόλεως
1027 327 1141 378 οὖσα
1178 332 1300 390 ὑμῶν
1334 332 1447 391 πρό-

86 402 222 454 ξενος.

276 401 378 452 ἴσως
423 406 504 458 μὲν
549 396 631 446 οὖν
667 421 739 446 και
776 404 886 446 πᾶσι
923 411 1018 452 τοῖς
1055 406 1230 452 παισίν,
1252 399 1446 445 ,ἐπειδὰν

87 468 354 519 ἀκούσωσιν,
379 469 449 513 ὅτι
489 471 607 520 τινός
644 475 722 513 εἰσι
760 471 926 519 πόλεως
961 467 1343 539 apogeon-ratirn
1381 486 1447 518 τις

86 535 237 580 εὔνοια
284 541 329 579 ὲκ
374 544 479 581 τέων
526 535 671 587 εὐθὺς
713 538 911 580 ὲνὸυεται
955 540 1142 579 ἕκαστον
1188 534 1311 592 ἡμῶν
1356 538 1444 578 τῶν

83 604 304 659 προξένων
352 606 402 664 τῆ
446 604 588 653 πόλει,
629 603 687 654 ὡς
732 607 913 659 δευτέρᾳ
959 619 1064 663 ουση
1109 605 1288 657 πατρίδι
1332 602 1443 659 μετὰ

83 671 165 722 τὴν
201 668 524 714 αὑτοῦπόλιν·
561 676 633 714 καὶ
685 670 738 724 δὴ
773 675 845 714 καὶ
883 674 976 727 ἐμοὶ
1015 673 1096 712 νῦν
1132 668 1270 713 ταύτὸ
1308 672 1443 714 τοῦτο

81 744 317 792 ἐγγέγονεν·
354 736 535 782 ἀκούων
567 738 654 795 γάρ
691 744 735 781 ὲκ
784 739 872 781 τῶν
919 739 1088 780 παίδων
1118 737 1283 788 εὐθύς,
1318 738 1356 781 εἴ
1404 754 1443 780 τι

77 809 323 863 μέμφοιντο
354 802 378 857 ἢ
405 809 476 847 καὶ
513 812 735 849 ἐπαινοῖεν
769 803 1124 859 Λακεδαιμόνιοι
1153 803 1444 863 Ἀθηναίους,
1478 828 1481 829 ’

77 1074 148 1107 dici
165 1074 283 1106 orbem
298 1074 482 1106 doctrinae
497 1074 723 1114 liberalioris,

77 1131 168 1162 quae
193 1121 286 1153 valet
310 1120 355 1151 ad
380 1120 534 1151 animum
559 1121 722 1152 excolen-

78 1169 159 1198 dum
195 1166 558 1208 conformandumque
588 1167 633 1198 ad
659 1168 722 1198 hu-

77 1214 256 1245 manitatis
299 1213 476 1244 virtutem.
533 1212 639 1251 Quod
678 1213 723 1244 ad

78 1258 188 1299 σαφὲς
211 1254 287 1291 οὐδ’
314 1256 436 1290 ἱκανόν
461 1268 532 1290 non
564 1260 722 1291 additum

77 1311 129 1337 est
161 1317 206 1343 ιι,
238 1306 273 1337 id
314 1305 402 1337 nihil
445 1306 605 1337 inusitati
645 1315 722 1337 esse

77 1352 294 1384 ostendimus
320 1352 366 1383 ad
394 1352 556 1392 Sympos.
581 1362 615 1393 p.
640 1352 722 1386 175.

80 1398 119 1430 B.
157 1398 248 1430 conf.
281 1408 388 1439 supra
419 1409 452 1439 p.
479 1398 558 1432 633.
585 1398 627 1429 Β.
665 1399 720 1430 De

78 1456 109 1476 v.
138 1440 325 1484 ἆπολαβεῐν
352 1455 383 1476 v.
411 1444 648 1476 Hermann.
673 1445 719 1476 ad

73 1490 221 1523 Lucian.
240 1490 439 1523 Deconscr.
456 1491 581 1522 histor.
598 1490 721 1532 p.309.

120 1536 160 1568 εἰ
181 1537 314 1568 latha
337 1535 411 1576 μὲν
436 1535 643 1576 ἐάσαιμεν
660 1537 718 1578 -]

77 1582 210 1615 Verba:
241 1582 276 1614 εἰ
297 1583 400 1614 ταῦτα
432 1581 492 1622 μὲν
524 1602 566 1606 —
605 1581 721 1622 νόμων

75 1627 149 1671 πέρ.
179 1626 292 1671 λόγων
316 1640 380 1671 pro
407 1630 720 1671 interpretamento

74 1675 179 1707 hahet
231 1681 265 1707 et
303 1676 402 1707 uncis
446 1677 721 1718 circumscripsit

76 1720 116 1753 C.
133 1722 200 1754 Fr.
219 1722 463 1762 Hermann„
489 1723 532 1754 de
558 1733 628 1764 quo
654 1733 720 1754 nos

74 1769 216 1809 quidem
245 1769 414 1800 sentimus
450 1768 565 1800 aliter.
614 1769 719 1800 Falso

73 1815 156 1846 item
174 1816 199 1845 Α
214 1816 331 1846 stius
356 1819 488 1854 censet,
507 1814 616 1846 ec'hoc
639 1815 718 1846 loco

73 1861 166 1891 idem
192 1870 268 1892 esse
288 1860 385 1901 quod
405 1858 563 1901 πότερῡν.
613 1859 718 1898 Quod

73 1907 102 1937 si
147 1915 270 1937 verum
305 1910 415 1945 esset,
453 1916 518 1947 pro
561 1907 718 1947 optat-ivo

72 1956 166 1983 certe
199 1952 283 1983 item
319 1952 565 1983 coniunctivus
602 1952 718 1993 requi-

73 2003 220 2029 reretur.
272 1999 322 2029 At
349 1998 443 2029 enim
469 2008 552 2030 vero
579 2003 718 2030 senten-

71 2044 122 2076 tia
148 2043 334 2075 verborum
357 2044 445 2076 haec
467 2047 538 2076 esta
565 2044 719 2075 videte

72 2090 235 2131 igitur,
262 2090 368 2131 quid
399 2090 528 2122 nobis
554 2089 722 2122 facien-

74 2137 168 2168 dum
198 2137 274 2176 sit,
311 2137 348 2169 si
379 2136 484 2169 haec
518 2136 560 2167 in
592 2147 718 2178 prae-

74 2182 197 2214 senti
229 2182 453 2214 mittamus
486 2187 531 2214 et
563 2183 615 2214 ad
640 2183 718 2214 ali-

73 2238 135 2260 am
160 2228 213 2259 de
237 2229 414 2269 legibus
447 2229 717 2270 disputatio-

74 2283 168 2306 nem
194 2278 485 2307 transeamus.

120 2319 158 2351 B.
185 2316 206 2361 ἡ
231 2318 352 2352 ἑστία
377 2321 451 2362 τῆι»ἱ
477 2318 715 2363 πόλεωε-]

77 2363 294 2407 Πρόξενοι
318 2372 489 2399 vocantur
518 2367 572 2399 vel
597 2367 718 2408 hospi-

73 2416 126 2444 tes
151 2412 295 2453 publici,
309 2413 370 2454 qui
394 2414 539 2445 nomino
563 2413 719 2445 civitatis

74 2458 279 2498 peregrinos
316 2460 518 2501 excipiunt,
560 2460 615 2491 vel
657 2459 717 2500 qui

74 2503 216 2545 publico
230 2505 405 2537 .fruuutur
427 2506 597 2548 hospitio.
634 2505 718 2536 Ete-

74 2550 147 2582 nim
162 2547 326 2590 πράξει·οι
346 2555 427 2583 sunt
449 2553 587 2584 urbium
613 2557 718 2592 atque

75 2596 305 2637 populorum,
349 2607 455 2639 quum
505 2597 563 2639 ξὲι·
567 2609 598 2629 οι
648 2598 719 2628 sint

55 2642 292 2683 -singulorum
316 2643 455 2682 civium,
474 2644 611 2686 fuitque
633 2654 717 2684 προ-

53 2685 171 2726 ιξενία
194 2688 282 2720 nihil
306 2689 403 2721 aliud
429 2690 498 2722 nisi
522 2690 719 2732 hospitium

141 2745 230 2779 wat
256 2745 429 2786 0pp.V.ol
456 2746 498 2779 Χ.
536 2748 631 2780 Ser-t
660 2747 682 2779 l

672 2812 690 2825 7

792 1074 990 1115 publicum,
1023 1084 1092 1115 quo
1124 1074 1266 1106 nomine
1296 1078 1442 1107 utuntur

793 1121 898 1152 eiiam
948 1120 1139 1161 scriptores
1178 1120 1298 1152 Latini
1345 1121 1440 1153 Liv.

797 1166 833 1198 V.
873 1166 929 1200 28.
969 1165 1168 1198 XXXVII.
1200 1166 1258 1201 54.
1293 1166 1439 1200 Cicer.

792 1212 895 1246 Verr.
922 1213 986 1244 IV.
1012 1212 1068 1246 65.
1098 1213 1201 1254 Nep.
1228 1212 1317 1245 Cim.
1346 1213 1380 1252 3,
1405 1212 1441 1248 3.

790 1259 915 1301 Itaque
943 1258 1112 1300 Megillus
1137 1260 1188 1291 ait
1211 1260 1355 1292 domum
1381 1270 1439 1291 su-

791 1315 847 1337 am
879 1305 1035 1346 hospitio
1063 1305 1331 1338 Atheniensium
1360 1315 1439 1338 esse

791 1362 902 1383 usam.
950 1350 1040 1383 Nam
1066 1350 1160 1383 ἑστία
1190 1362 1253 1393 per
1277 1356 1438 1394 metony-

791 1399 895 1430 miam
917 1402 986 1429 est:
1003 1398 1158 1430 domus
1184 1403 1224 1430 et
1248 1398 1436 1439 familia,

791 1450 830 1476 ut
859 1444 958 1475 Libr.
986 1444 1053 1476 XI.
1085 1444 1165 1479 915.
1199 1445 1246 1476 A.
1280 1444 1361 1479 919.
1391 1445 1435 1476 E.

791 1491 932 1522 Menex.
958 1490 1040 1524 249.
1066 1490 1109 1522 Β.
1135 1489 1191 1522 De
1215 1491 1391 1533 proxenia
1403 1502 1435 1522 v.

791 1536 1025 1578 Spanhem.
1058 1537 1104 1568 ad
1133 1535 1250 1569 Rann.
1292 1547 1324 1569 v.
1353 1535 1436 1572 460.

792 1583 1062 1615 Valckenar.
1110 1582 1153 1614 ad
1193 1584 1359 1616 Ammon.
1402 1594 1436 1625 p.

789 1629 855 1663 201
875 1640 950 1670 sqq.
971 1627 1205 1663 s.111.10.ad
1220 1630 1340 1662 Hero
1354 1630 1437 1662 dot.

794 1676 830 1707 V.
856 1676 911 1710 57.
940 1686 973 1716 p.
989 1674 1074 1708 463.
1090 1674 1260 1707 KGnius
1285 1676 1332 1708 ad
1349 1674 1435 1708 Gre-

788 1732 866 1763 gor.
899 1721 1062 1753 Corinth.
1096 1732 1129 1763 p.
1163 1721 1244 1755 552.
1271 1722 1310 1753 Μ
1325 1722 1369 1754 ei
1384 1732 1403 1754 e
1419 1732 1437 1753 r

789 1774 823 1800 et
848 1767 1102 1800 Sehfimann.
1133 1767 1188 1800 De
1207 1768 1288 1799 Lite
1311 1767 1437 1801 Attica.

789 1825 822 1855 p.
855 1814 911 1849 56.
935 1815 1251 1846 Westermann.
1283 1814 1340 1846 De
1369 1825 1434 1856 pu-

789 1861 891 1892 blicis
910 1860 1068 1893 Atheun.
1092 1860 1290 1893 honoribus
1314 1870 1350 1902 p.
1373 1860 1432 1895 42.

788 1906 817 1937 Β
837 1906 936 1938 eck.
968 1907 1014 1937 ad
1046 1905 1232 1947 Aristoph.
1263 1907 1357 1937 Avv.
1399 1917 1433 1938 v.

789 1951 892 1985 1022.
919 1951 1110 1983 Boeckh.
1142 1952 1188 1983 ad
1209 1950 1348 1993 Corpus
1372 1953 1433 1984 In-

790 1998 923 2039 scriptt.
938 1997 965 2028 Ι.
990 2008 1023 2038 p.
1044 1996 1109 2031 731
1129 2007 1207 2039 sqq.
1241 1995 1434 2030 Oeconom.

790 2043 899 2075 Civit.
926 2043 1056 2074 Athen.
1085 2044 1107 2075 Ι.
1126 2054 1160 2084 p.
1179 2042 1238 2078 55.
1258 2042 1337 2078 155.
1353 2043 1432 2079 255.

790 2090 838 2121 II.
864 2100 897 2131 p.
923 2088 980 2123 48.
1007 2089 1062 2123 77.
1090 2089 1246 2129 Meier.
1276 2089 1326 2122 De
1350 2100 1432 2132 pro-

790 2137 896 2168 xenia
921 2136 997 2167 Att.
1025 2135 1125 2167 Halis
1150 2134 1252 2169 1843.
1278 2134 1311 2170 4.

836 2182 942 2214 ἴσως
978 2179 1054 2220 μὲν
1092 2175 1174 2213 οὖν
1213 2182 1282 2213 καὶ
1330 2182 1433 2214 πᾶσι

790 2231 879 2259 τοῖς
926 2228 1078 2259 παισίν
1102 2227 1166 2270 ——]
1216 2226 1340 2261 Oratio
1380 2233 1434 2260 est

788 2270 1046 2305 ἀνακόλουθοε,
1102 2273 1194 2306 Nam
1231 2280 1312 2316 post
1350 2274 1432 2306 πᾶσι

790 2324 860 2352 τοῖς
885 2329 1002 2351 παισιν
1033 2319 1176 2357 deinde,
1202 2321 1318 2353 verbis
1353 2321 1431 2363 plu-

787 2367 885 2398 ribus
911 2366 1122 2406 interiectis,
1153 2371 1299 2408 repente
1323 2367 1430 2399 infer-

787 2418 843 2444 tur
863 2412 1009 2444 ἕκαστον
1029 2407 1123 2453 ἡμῶν
1146 2412 1213 2444 τῶν
1241 2412 1432 2454 προξένων,

787 2459 949 2501 adeoque
983 2459 1082 2490 illato
1126 2459 1234 2491 verbo
1279 2456 1433 2490 ἐνδύεται

747 2535 754 2546 ,
788 2505 833 2537 ad
873 2505 1112 2537 accusativum
1154 2506 1345 2546 transitur,
1383 2506 1434 2537 ita

789 2556 827 2582 ut
864 2552 972 2583 dativi
1012 2551 1112 2583 nulla
1155 2553 1307 2593 amplius
1340 2552 1433 2583 ratio

790 2598 973 2630 habeatur.
1022 2597 1078 2630 De
1119 2595 1156 2628 ἐκ
1192 2598 1281 2629 νέων
1318 2593 1434 2629 εὐθύς

789 2654 820 2675 v.
848 2642 1057 2676 Bihrium
1094 2643 1140 2674 ad
1164 2643 1345 2676 Plutarch.
1376 2643 1435 2674 ΑΙ-

788 2690 914 2722 cibiad.
943 2700 976 2731 p.
1002 2688 1056 2722 78.
1089 2694 1124 2720 et
1151 2689 1373 2731 Philopoem.
1401 2697 1435 2728 p,

1122 2746 1143 2782 7
