1612 2872
127 677 207 717 667

241 110 322 152 204
710 106 1087 152 I‘LATONIS

240 221 448 277 ἀθρόους
481 222 651 269 πώλους
685 226 730 261 ἐν
757 220 888 281 ἀγέλῃ
926 228 1186 277 νεμομένους
1206 221 1436 281 φορβάδας
1472 222 1571 275 τοὺς

242 293 365 337 νέους
400 290 624 338 κέκτησθε.
685 285 832 340 λαβὼν
874 286 912 329 δ’
964 287 1085 343 ὑμῶν
1121 289 1260 339 οὐδεὶς
1306 287 1383 332 τὸν
1418 288 1570 340 αὑτοῦ,

238 352 360 408 παρὰ
399 355 484 394 τῶν
520 350 744 406 ξυννόμων
779 351 952 402 σπάσας
985 353 1157 410 σφόδρα
1179 353 1468 410 ἀγριαίνοντα
1500 359 1572 398 καὶ

237 418 593 472 ἀγανακτοῦντα,
629 417 878 472 ἱπποκόμον
914 435 957 461 τε
995 423 1222 472 ἐπέστησεν
1257 422 1345 475 ἰδίᾳ
1378 423 1449 463 καὶ
1472 438 1573 464 παι-

239 483 362 533 δεύει,
391 481 546 542 ψήχων
584 498 626 524 τε
661 485 733 525 καὶ
772 482 939 539 ἡμερῶν
987 488 1057 528 καὶ
1108 485 1254 528 πάντα
1299 488 1573 540 προςήκοντα

237 547 479 598 ἀποδιδοὺς
513 550 565 607 τῇ
602 551 922 605 παιδοτροφίᾳ,
971 549 1086 594 ὅθεν
1134 551 1184 594 οὐ
1221 549 1360 605 μόνον
1392 552 1574 606 ἀγαθὸς

239 612 298 656 ἂν
331 615 599 668 στρατιώτης
622 617 701 667 εἰἠ,
740 615 869 658 πόλιν
905 618 948 658 δὲ
968 619 1037 658 καὶ
1073 615 1185 670 ἄστη
1206 617 1446 671 δυνάμενος
1469 621 1575 660 διοι-

239 689 350 729 κεῖν,
399 678 450 722 ὃν
489 678 540 731 δὴ
578 679 676 721 κατ’
721 679 864 735 ἀρχάς
898 682 1074 737 εἴπομεν
1112 685 1199 725 τῶν
1241 685 1459 737 Τυρταίου
1495 701 1575 726 πο-

238 747 420 800 λεμικῶν
458 745 567 787 εἶναι
611 746 976 801 πολεμικώτερον,
1023 747 1236 802 τέταρτον
1272 747 1433 805 ἀρετῆς
1467 747 1567 791 ἀλλ’

240 811 292 854 οὐ
330 812 504 866 πρῶτον
541 808 622 862 τὴν
658 810 864 865 ἀνδρείαν
884 814 1026 867 κτῆμα
1062 817 1253 868 τιμῶντα
1282 815 1350 858 ἀεὶ
1373 817 1445 858 καὶ
1465 831 1568 857 παν-

238 879 374 932 ταχοῦ
410 875 602 926 ὶδιώταις
635 892 680 919 τε
715 882 786 920 καὶ
822 878 1021 939 ξυμπάσῃ
1058 882 1108 939 τῇ
1143 880 1279 923 πόλει.

1505 986 1575 1017 Sed

330 982 369 1015 E.
396 981 518 1014 πόλιν
544 984 588 1015 δὲ
610 983 679 1015 καὶ
703 983 832 1060 dorp]
885 983 944 1016 Sic
970 984 1068 1017 codd.
1096 996 1214 1019 omnes
1238 997 1314 1019 cum
1340 985 1459 1028 Steph.

794 1054 801 1061 .
829 1031 941 1070 paullo
975 1035 1053 1062 aute
1085 1032 1186 1063 verba
1215 1028 1277 1063 ουίε
1301 1033 1334 1063 ἐν
1359 1031 1475 1062 ἄστεσι
1499 1043 1572 1062 κατ.

239 1026 303 1059 Ed.
338 1027 418 1060 Bas.
451 1027 483 1060 1.
513 1029 543 1062 2.
579 1029 679 1061 ἄστυ.
713 1040 776 1062 con

328 1072 368 1104 P.
391 1073 471 1107 667.
499 1075 551 1106 ου’
580 1074 748 1115 πρῶτον
771 1072 847 1115 τήν
871 1071 1098 1117 ἀνδρείαν]
1130 1077 1192 1108 Hic
1216 1087 1353 1118 quoque
1373 1077 1574 1116 scripturam

239 1115 404 1160 Stephani
438 1114 592 1161 ἀνδρείαν
617 1119 723 1151 nostri
759 1120 832 1152 libri
860 1119 1135 1162 Α.Ω.Ξ.β.α.δ.
1164 1122 1372 1154 confirmant.
1399 1120 1575 1154 Bekkerus

240 1206 431 1241 Ficinus.
479 1208 660 1241 Pertinent
698 1208 780 1241 llaec

240 1253 334 1293 quod
361 1255 475 1285 omnia
500 1254 541 1285 ad
565 1254 794 1285 fortitudinem
814 1264 878 1295 po-

239 1299 307 1330 tius
337 1308 435 1338 quam
474 1298 517 1330 ad
558 1299 702 1339 reliquas
738 1300 879 1331 virtutes

241 1342 452 1375 exercendas
478 1349 673 1385 comparata
700 1348 814 1382 erant3
847 1353 878 1376 v.

241 1388 296 1420 lib.
326 1389 349 1420 l.
375 1398 406 1429 p.
425 1387 501 1423 625.
520 1389 557 1423 Ε.
574 1388 652 1422 626.
669 1389 706 1420 C.
729 1389 777 1421 De
790 1389 876 1429 Rep.

239 1432 334 1467 vul.
362 1444 393 1475 p.
422 1433 499 1467 547.
535 1434 574 1466 D.
600 1435 644 1465 al.
693 1434 764 1465 Sed
791 1433 879 1466 refe-

241 1482 357 1510 runtur
387 1478 506 1511 eadem
548 1479 647 1511 simul
696 1480 797 1510 etiam
831 1477 873 1509 ad

239 1523 392 1554 instituta
419 1523 652 1562 Dorieusium,
686 1533 773 1564 quae
804 1527 874 1554 sta-

241 1568 301 1600 tim
328 1572 407 1609 post
433 1573 752 1600 commemorantur.
788 1568 873 1600 Nam

241 1613 336 1653 pueri
362 1612 711 1645 Lacedaemoniorum
740 1617 774 1644 et
791 1612 874 1644 Cre-

240 1657 383 1689 tensium
399 1658 690 1689 distribuebantur
707 1658 737 1688 in
753 1657 876 1698 ἀγέλας

240 1703 315 1734 nive
344 1700 474 1742 βοείας,
513 1706 550 1733 ut
583 1702 716 1742 publice
748 1702 877 1733 educa-

241 1750 358 1778 rentur
391 1751 425 1777 οἱ
450 1746 493 1779 ad
520 1747 640 1779 bellica
667 1747 800 1787 negotia
826 1747 875 1778 in-

241 1791 479 1823 stituerentur.
506 1802 535 1823 v.
566 1792 782 1823 Meursius
808 1791 875 1823 La-

240 1837 347 1868 conic.
375 1835 417 1867 11.
445 1836 476 1869 3.
497 1836 642 1868 Mauso
662 1837 779 1876 Spart.
803 1835 874 1867 Vol.

239 1881 268 1912 Ι.
298 1891 329 1922 p.
347 1879 421 1914 146.
450 1881 608 1912 Miiller
626 1881 781 1912 Doriens.
802 1881 875 1912 Vol.

240 1926 281 1958 ll.
310 1936 342 1967 p.
367 1925 435 1962 302
455 1936 530 1966 sqq.
548 1927 627 1958 coll.
653 1925 875 1958 Plutarch.

240 1970 324 2011 Lyc.
357 1971 406 2008 16,
430 1970 463 2004 3.
482 1972 629 2003 Aristo
642 1976 665 2002 t.
686 1971 793 2002 Polit.
817 1971 875 2002 lV.

242 2015 295 2051 12.
311 2014 494 2047 Pansan.
510 2016 576 2048 111.
597 2015 652 2055 14,
679 2016 710 2050 6.
733 2015 874 2049 Strab.

240 2060 284 2093 X.
324 2063 356 2101 p.
393 2060 470 2094 737.
514 2061 648 2093 Nicol.
690 2062 874 2093 Damaso.

241 2115 274 2146 p.
300 2105 379 2141 158,
408 2106 461 2136 ed.
485 2106 591 2140 Orell.

286 2149 505 2192 φορβάδας
538 2148 637 2187 toric
662 2152 782 2185 νέους
812 2153 874 2181 κε’-

241 2194 447 2236 κτησθε.]
485 2196 638 2230 ΙηῒθΙΙίεζθ
663 2195 733 2226 sic:
765 2196 876 2236 udum-

240 2238 305 2269 σθε
340 2239 424 2275 τοὺς
458 2243 555 2272 νέους
586 2238 668 2278 effigie·
698 2239 875 2283 φορβάδας

241 2286 445 2325 νεμομένους
471 2284 576 2328 εἶναι,
603 2285 621 2317 h
659 2284 693 2317 ef
715 2290 759 2316 ut
783 2290 873 2316 tan-

239 2338 356 2369 quam
392 2331 599 2371 gregales
625 2333 874 2371 pascantur.

285 2372 418 2415 λαβὼν
444 2374 484 2406 δὲ
509 2372 624 2416 ὑμῶν
649 2370 796 2409 ου’δεὶς
819 2373 873 2415 —]

241 2417 320 2450 Hoc
366 2418 462 2451 dicit:
510 2429 630 2451 nemo
677 2423 873 2451 vestrum

239 2464 402 2504 pullum
445 2472 565 2495 suum
604 2465 639 2505 (i.
677 2475 706 2496 e.
744 2464 866 2506 filium)

241 2508 394 2539 eximit
432 2517 482 2540 ex
513 2518 690 2540 numero
723 2512 868 2540 contn-

237 2552 479 2585 bernulium
534 2551 725 2595 (ξυιινᾶμωυ
778 2554 868 2586 enim

237 2596 371 2638 ponitur
401 2602 439 2629 ut
471 2600 626 2629 servetur
650 2596 869 2639 metaphora)

236 2641 494 2676 abstrahens
532 2652 617 2676 eum
661 2646 866 2684 tanquam

823 1219 878 1247 eo,

946 1208 1228 1242 vehementer
1282 1209 1576 1242 ferocientem

945 1259 1074 1294 etque
1108 1254 1374 1296 disciplinae
1412 1255 1576 1296 impati-

946 1302 1098 1338 entem,
1114 1309 1162 1331 ac
1184 1301 1380 1341 privatim
1400 1299 1438 1331 ei
1459 1309 1577 1340 prae-

945 1343 1054 1384 ficiit
1086 1345 1390 1385 equisonem,
1425 1344 1577 1386 ipsum-

947 1399 1028 1430 que
1074 1390 1292 1427 instituit,
1345 1389 1436 1420 dum
1486 1399 1576 1421 eum

947 1434 1128 1474 stringit
1149 1434 1575 1466 etmansuefacitctr.

941 1478 973 1511 id
1002 1478 1093 1520 quod
1112 1479 1192 1511 alibi
1209 1480 1280 1511 fleri
1307 1481 1405 1513 solet.
1430 1479 1486 1510 Ad
1503 1477 1573 1510 ἐπέ·

942 1535 1054 1564 στησεν
1069 1525 1173 1558 intell:
1197 1523 1301 1567 αὐτῷ.
1333 1525 1483 1556 Verbum
1508 1522 1576 1564 ψή-

939 1581 1012 1609 χειν
1038 1570 1175 1609 proprie
1200 1569 1320 1600 dicitur
1351 1568 1392 1600 de
1422 1569 1483 1607 iis,
1520 1568 1575 1609 qui

942 1622 1049 1653 equos
1100 1614 1219 1654 strigili
1268 1613 1492 1653 destringunt.
1545 1623 1574 1644 v.

942 1658 1107 1688 Sturzii
1137 1657 1254 1689 Lexic.
1280 1658 1436 1699 Xenopln.
1462 1669 1489 1689 s.
1516 1668 1546 1689 v.

987 1700 1095 1732 ὅθεν
1128 1714 1174 1733 συ
1208 1700 1341 1743 μόνον
1376 1721 1419 1726 ——
1452 1701 1578 1733 πόλιν

943 1746 989 1777 δέ
1009 1746 1068 1787 -]
1096 1746 1198 1780 Quod
1225 1757 1286 1788 pro
1300 1746 1382 1778 ἀλλὰ
1403 1747 1458 1776 καὶ
1478 1746 1577 1778 πόλιν

943 1790 998 1821 καὶ
1011 1789 1108 1831 ἄστη.
1129 1791 1203 1823 (lov.
1228 1792 1256 1822 δ.
1277 1791 1402 1824 dicitur
1422 1791 1520 1823 πόλιν
1544 1793 1577 1823 δὲ

943 1834 998 1866 καὶ
1011 1835 1145 1876 damst.
1158 1836 1187 1867 δ.
1198 1848 1207 1875 ;
1220 1846 1285 1867 non
1296 1848 1371 1868 raro
1382 1836 1431 1868 bis
1445 1838 1474 1867 in
1486 1837 1576 1868 libris

944 1881 1088 1921 simplex
1104 1880 1141 1911 δέ
1165 1882 1215 1912 sic
1233 1886 1311 1922 post
1335 1880 1375 1912 οὐ
1395 1880 1504 1922 μόνον
1526 1883 1576 1913 iu-

944 1925 1061 1957 t‘ertur.
1087 1925 1178 1957 Inl‘ra
1211 1926 1262 1959 vl.
1294 1937 1326 1967 p.
1354 1926 1430 1961 752.
1460 1928 1503 1958 D:
1527 1925 1572 1967 μὴ

921 2003 934 2015 .
942 1969 1050 2011 μόνον
1079 1969 1350 2010 &cpomw'aaooaezq
1358 1990 1399 1996 —
1409 1968 1577 2006 συντόνως

945 2010 975 2046 ὸ’
991 2013 1244 2055 ἐπιμεληθῆναι.
1272 2015 1358 2048 Ibid.
1383 2027 1414 2058 p.
1436 2016 1513 2050 751.
1532 2016 1575 2047 ¹3³

943 2058 986 2091 οὐ
1010 2058 1118 2099 μόνον
1142 2056 1243 2091 ου’δὲν
1269 2060 1365 2090 πλέον
1390 2079 1430 2083 -
1455 2058 1577 2100 σχεδὸν

943 2104 978 2136 δὲ
999 2102 1127 2144 βλάβαι
1143 2103 1296 2147 γίγνοιντ’
1311 2102 1362 2137 ἅν.
1388 2105 1476 2137 Ibid.
1497 2105 1574 2140 760.

946 2149 992 2183 D:
1026 2147 1071 2189 μὴ
1100 2147 1207 2189 μόνον
1238 2151 1390 2193 ἔμπειροι
1421 2153 1482 2190 τῆς
1509 2149 1574 2189 χώ-

941 2193 1137 2236 ρας-πρὸς
1162 2194 1203 2234 τῇ
1225 2193 1319 2234 χώρᾳ
1343 2196 1377 2226 δὲ
1397 2196 1462 2227 κτλ.
1491 2195 1573 2228 ibid.

943 2249 974 2277 p.
995 2237 1071 2272 777.
1089 2238 1132 2269 D.
1156 2239 1252 2269 VIII.
1282 2249 1312 2280 p.
1337 2240 1413 2274 842.
1437 2241 1474 2271 C.
1489 2240 1573 2272 XII.

942 2294 975 2325 p.
986 2283 1107 2317 9653.
1116 2293 1201 2324 quos
1213 2285 1306 2315 locos
1316 2286 1416 2318 etiam
1428 2286 1460 2316 A
1469 2286 1519 2316 sti
1529 2295 1549 2317 u
1560 2296 1576 2316 s

941 2333 1194 2360 commemorat.
1244 2329 1346 2362 Adde
1380 2332 1426 2361 sis
1466 2330 1509 2360 V.
1542 2341 1574 2370 p,

942 2372 1017 2408 747.
1030 2373 1073 2404 D.
1092 2373 1158 2404 vll.
1174 2383 1205 2414 p.
1219 2373 1353 2407 823..A.
1368 2375 1426 2408 xl.
1442 2384 1474 2415 p.
1494 2374 1574 2409 920.

940 2417 1028 2450 AB.
1054 2417 1124 2449 Pro
1150 2416 1315 2459 καὶᾶσιυ,
1339 2420 1429 2461 quod
1453 2419 1577 2451 liabent

936 2461 1011 2495 Ald.
1038 2466 1072 2494 et
1100 2463 1194 2494 Bass.
1218 2464 1248 2497 1.
1270 2463 1314 2502 2.,
1340 2464 1440 2496 codd.
1457 2474 1575 2496 omnes

934 2517 1008 2539 cnm
1034 2506 1152 2548 Steph.
1172 2508 1226 2539 καὶ
1241 2505 1339 2550 ἄστη.
1360 2508 1462 2543 Quod
1492 2519 1575 2541 neu-

935 2552 1059 2592 tiquam
1076 2552 1297 2585 reiiciendum
1314 2553 1459 2586 videtur.
1487 2553 1572 2586 Nam

934 2595 1032 2633 πόλις
1069 2601 1122 2628 est
1161 2597 1317 2630 civitas
1349 2599 1573 2638 universa,

936 2641 995 2674 sed
1018 2640 1106 2682 ἄστη
1131 2645 1207 2674 sunt
1231 2644 1365 2676 urbes.
1411 2663 1416 2667 -
