1612 2872
263 104 341 143 144

741 97 1110 141 PLATONIS

262 219 464 270 λέγομεν,
499 210 660 261 ἔνεσθ’,
698 211 754 259 ὡς
790 209 812 253 ὁ
850 210 979 264 λόγος
1013 214 1121 253 ἔοικε
1156 209 1399 265 βούλεσθαι
1435 214 1587 265 σήμαί-

263 297 373 324 vetv·

364 410 463 452 KA.
502 405 599 461 As‘y’
636 400 730 449 οὖν.

420 278 506 337 ὅπῃ
551 279 595 318 δὲ
640 278 711 318 καὶ
747 275 884 326 ὅπως,
929 274 1155 331 ἀκούωμεν
1190 279 1469 331 προςέχοντες
1511 274 1587 319 τὸν

187 353 224 393 Β
262 348 384 394 νοῦι,
416 360 475 398 μη
513 358 570 400 πη
606 344 1013 397 παραποδισθῶμεν
1046 340 1113 385 ὑπ’
1157 340 1311 384 αὐτοῦ.

359 476 458 518 ΛΘ.
521 471 888 528 Ἀναμνησθῆναι
947 476 1095 515 τοίνυν
1147 477 1272 526 ἔ>ωγε
1324 470 1458 514 πάλιν
1501 476 1588 513 ἐπι-

261 543 412 596 θυμῶ,
448 542 490 581 τί
524 555 628 581 ποτε
674 542 853 593 λέγομεν
901 537 1002 593 ἡμῖν
1037 539 1148 581 eliac
1182 554 1262 590 την
1305 535 1456 593 ὸρθην
1491 541 1611 579 nat-¹

353 733 393 767 Ρ.
419 732 496 766 653.

151 608 232 649 653
263 610 396 651 δείαν.
433 604 594 648 τούτου
630 605 729 660 γάρ,
764 602 823 654 ὥς
856 621 901 658 γε
942 602 1021 659 ἐγὼ
1054 604 1226 657 τοπάζω
1255 604 1308 646 τὰ
1347 606 1440 654 νῦν,
1475 606 1590 645 ἔστιν

547 731 708 764 τούτου
741 731 836 774 γάρ,
863 731 912 769 ὥς
940 729 978 776 y'
1011 730 1086 774 ἐγὼ
1116 745 1146 764 τ.
1172 729 1223 763 τὰ
1252 733 1344 776 νῦν]
1372 733 1479 763 τοῦτο
1503 730 1589 765 Α.Β.

261 780 354 811 IL?
326 792 362 811 ...
377 789 407 811 v
421 779 443 810 f.
459 778 489 810 li.
508 787 534 811 r.
547 788 579 810 a.
593 787 621 811 c.
636 789 666 810 ο.
681 779 710 810 δ.
744 779 801 819 qui
828 783 940 810 tamen
965 780 1087 820 partim
1112 787 1225 810 veram
1263 777 1445 809 lectionem
1471 786 1590 817 super-

261 826 420 867 scriptam
447 822 583 854 liabent.

353 869 658 909 παραγίγνεται
689 869 868 910 πρῶτον,
912 863 1029 899 ταῦτ
1060 863 1200 908 εἶναι]
1250 866 1436 908 Perpernm
1467 866 1588 907 Steph.

261 982 375 1022 Remp

261 1024 383 1068 λόγος,
419 1029 453 1057 et
477 1034 568 1065 quae
602 1023 680 1055 data
712 1024 896 1055 occasione

261 1071 339 1104 alibi
365 1070 480 1103 forsan
508 1069 551 1100 de
583 1079 621 1100 ea
646 1068 809 1109 loquendi
841 1078 895 1100 ra-

261 1117 353 1148 tione
383 1115 619 1169 exposuimus.
638 1114 688 1145 Ad
710 1111 777 1157 ὅπῃ
795 1114 827 1145 δὲ
842 1111 897 1144 καὶ

263 1161 354 1198 ὃήως
378 1164 514 1202 repetas
540 1160 673 1190 ἔιεσιιν.

306 1206 707 1248 παραποδισθῶμεν
730 1201 795 1234 v‘n
823 1201 894 1233 αὖ·

262 1251 363 1292 τοῦ]
390 1261 441 1282 ne
465 1250 514 1281 ab
541 1259 588 1281 eo
614 1250 676 1291 (τῷ
701 1247 809 1290 λόφῳ)
845 1248 896 1279 ir-

261 1295 495 1332 retiamur3
526 1293 556 1326 li.
586 1304 615 1325 e.
649 1303 691 1326 ne
724 1304 762 1326 re
787 1294 898 1325 minus

262 1345 421 1372 accurate
447 1341 620 1381 explorata
636 1338 760 1371 iudicio
779 1342 898 1370 nostro

263 1385 324 1418 liae
357 1387 391 1417 in
419 1395 540 1417 caussa
575 1384 741 1415 fallamur.
786 1384 895 1416 Usum

263 1430 358 1463 verbi
384 1431 517 1462 notavit
540 1429 705 1461 Pollux
739 1429 804 1474 Qu.
832 1428 894 1461 IX.

263 1475 342 1510 134.
368 1476 424 1516 qui
452 1475 710 1516 interpretatur:
735 1477 809 1505 οὶον
833 1487 897 1505 πα-

264 1523 489 1563 ρατραπῶμεν
511 1516 530 1560 ἢ
550 1520 835 1560 ἐξαπατηθῶμενε
862 1518 895 1550 id

262 1565 355 1606 quod
401 1566 466 1597 iam
513 1565 665 1596 Aetius
708 1564 893 1595 annotavit.

264 1612 324 1643 Sic
356 1611 457 1642 etiam
490 1609 599 1651 Epist.
632 1608 719 1640 Plat
752 1608 827 1640 Vll.
861 1619 893 1650 p.

262 1655 342 1690 330-
384 1656 422 1687 B.
453 1653 500 1696 μή
533 1666 577 1696 πη
608 1652 894 1706 παραποδισθείη.

382 1700 460 1734 653.
497 1697 546 1734 ὥς
570 1696 602 1740 γ’
629 1695 702 1739 ἐγώ
729 1697 895 1735 τοποίζω

262 1743 312 1777 τὰ
308 1700 429 1787 Ρνιι]
477 1743 586 1775 Usum
611 1743 704 1774 verbi
730 1742 831 1774 docte
856 1743 894 1773 il-

263 1791 422 1822 lustravit
462 1787 681 1820 Ruhnken.
724 1787 766 1819 ad
806 1787 894 1819 Tim.

263 1847 296 1878 Ρ
308 1881 446 1914 καλῶς
471 1876 821 1919 κατορθοιμένῳ]
849 1876 893 1908 Η.

230 1941 235 1945 -
264 1936 294 1960 e
319 1925 349 1956 εἰ
380 1925 485 1959 καλῶς
517 1925 770 1964 κατορθοῦται.
821 1922 899 1953 Hoc

263 1980 346 2004 vero
365 1969 460 2002 dicit:
494 1967 621 2000 huius
642 1968 748 1999 euim
765 1969 898 2007 (rectae

265 2012 492 2055 educationis)
520 2014 644 2045 salus
669 2013 813 2054 posita
833 2015 899 2046 est

265 2062 304 2093 in
339 2061 424 2092 isto
449 2058 660 2090 instituto
697 2058 894 2099 (compota-

265 2105 424 2146 tionum)
467 2104 500 2135 si
532 2107 653 2135 recte
688 2103 896 2143 guberna-

266 2156 344 2182 tur.
371 2149 538 2183 Neutrum
564 2146 697 2179 τούτου
712 2147 753 2179 ad
773 2157 897 2180 nomen

266 2195 402 2237 generis
426 2193 575 2226 seminini
606 2194 747 2225 relatum
781 2193 898 2225 multis

267 2239 433 2280 exemplis
450 2238 696 2271 illustravimus
711 2237 752 2269 nd
766 2236 896 2270 Phileb.

267 2295 299 2326 p.
327 2284 381 2318 28.
411 2288 450 2315 A.
486 2284 661 2324 attigimus
690 2284 769 2314 item
797 2292 897 2324 supra

266 2328 309 2362 ad
333 2329 359 2361 l.
386 2339 419 2370 p.
444 2327 522 2362 645.
553 2328 592 2359 D.
611 2327 688 2362 646.
706 2328 741 2359 D.
761 2327 838 2361 638.
859 2327 897 2359 C.

311 2374 434 2414 Μέγα
459 2372 606 2415 λέγεις]
635 2373 678 2404 V.
713 2373 755 2405 ad
780 2373 897 2414 Symp.

267 2416 346 2453 175.
381 2417 421 2449 Β.
454 2421 489 2449 et
525 2417 633 2459 Legg.
666 2417 701 2448 Ἰ.
734 2418 811 2452 633.
849 2421 898 2448 A:

266 2464 382 2502 τρίτον
413 2462 519 2504 λέγειν
550 2472 582 2503 p.
618 2461 694 2497 642.
731 2465 770 2494 A.
812 2462 898 2494 infra

267 2507 345 2543 658.
375 2507 414 2539 B.
440 2507 496 2538 ubi
521 2507 626 2548 plura.
652 2508 766 2549 Vulgo
791 2508 823 2539 in
846 2511 898 2539 ta-

266 2553 356 2586 libus
382 2551 576 2584 desiderant
601 2562 644 2583 τι.

311 2600 394 2631 τῶν
421 2596 586 2628 παίδων
608 2594 812 2635 παιδικὴν
841 2595 898 2627 εἷ-

269 2654 338 2677 ναι
362 2641 428 2682 -]
459 2641 536 2673 Hoc
561 2640 669 2682 prima
697 2640 812 2682 specie
836 2641 895 2673 ali·

380 1005 386 1011 .
415 984 449 1011 et
473 979 637 1020 Gorgiam
665 978 718 1011 ed.
746 979 777 1012 2.
809 989 836 1009 s.
863 988 893 1009 v.

962 977 1013 1010 cui
1036 978 1121 1010 mire
1146 978 1272 1010 dictum
1305 976 1467 1009 videatur.
1520 975 1591 1009 Nec

962 1027 1077 1054 tamen
1104 1024 1306 1064 scriptorem
1336 1027 1492 1064 putamus
1521 1023 1592 1053 sine

962 1077 1081 1099 caussa
1107 1068 1229 1100 idonea
1245 1068 1289 1099 ita
1306 1068 1480 1108 loquutum
1503 1077 1591 1099 esse.

964 1112 995 1144 la
1021 1113 1128 1149 enim,
1150 1113 1176 1144 si
1201 1112 1277 1153 quid
1303 1112 1419 1151 video,
1445 1111 1507 1143 lioc
1531 1121 1591 1143 vo·

963 1159 1024 1189 luit
1043 1159 1308 1199 siguificaroepu
1321 1166 1488 1189 erorum
1508 1157 1590 1197 pri-

964 1213 1067 1236 mum
1095 1213 1219 1235 sensu
1233 1210 1278 1245 m,
1295 1201 1465 1242 quihuic
1481 1206 1590 1234 aeta·

965 1247 999 1280 ta·
1039 1252 1241 1290 tanquam
1280 1247 1485 1291 proprius
1519 1247 1591 1286 sit,

967 1304 1063 1326 esse
1094 1295 1365 1333 voluptatem
1406 1296 1450 1324 et
1479 1291 1591 1325 dolo-

966 1349 1060 1371 rem.
1085 1336 1364 1379 MoxStephan
1378 1347 1421 1369 us
1436 1341 1471 1369 et
1487 1336 1591 1370 Bek-

963 1384 1089 1416 kerus
1116 1387 1193 1425 post
1219 1383 1461 1423 napaylynsrut
1486 1383 1592 1414 mter·

964 1432 1133 1471 pungunt
1159 1433 1197 1459 ut
1221 1428 1387 1468 iungenda
1415 1428 1481 1458 sint
1504 1431 1593 1467 πρῶ-

963 1485 1023 1505 τον
1047 1469 1145 1504 ταῦτ’
1168 1484 1196 1504 ει
1200 1485 1265 1504 ι’.αι
1280 1454 1365 1505 e-Sed
1390 1478 1485 1504 recte
1511 1473 1594 1504 vidit

966 1519 1107 1550 Astius
1147 1528 1187 1550 ea
1230 1518 1360 1549 ratione
1402 1517 1592 1559 perturbari

964 1563 1338 1595 sententiaeratiouem.
1351 1562 1592 1603 Acceditquod

963 1617 1134 1649 ΡΤΟΧΙΠΙῧ.
1187 1619 1250 1647 την
1302 1610 1594 1648 Παραγιγνθμένην

963 1656 1095 1692 πρῶτον
1111 1664 1171 1683 παι
1175 1664 1225 1682 «nv
1241 1650 1382 1694 ἀρετήν,
1401 1652 1593 1684 certissime

964 1699 1120 1729 evincunt
1144 1700 1275 1738 πρῶτον
1310 1707 1386 1728 cum
1416 1701 1592 1738 antegres-

963 1743 1008 1773 sis
1034 1742 1188 1773 connecti
1214 1746 1385 1782 oportere.
1422 1742 1506 1774 Dein
1531 1752 1593 1782 pro

963 1786 1058 1818 ταῦτ’
1089 1786 1179 1817 εἶναι
1212 1797 1298 1818 unus
1334 1787 1420 1819 liber
1447 1787 1593 1819 Bekkeri

962 1830 1057 1863 τοῦτ’
1084 1827 1178 1863 clm».
1203 1831 1274 1864 Nec
1298 1835 1411 1863 tamen
1431 1832 1592 1873 pluralem

964 1887 1140 1909 numerum
1178 1878 1397 1915 mutaverim,
1436 1877 1490 1917 qui
1529 1887 1594 1917 qua

966 1932 1087 1954 caussa
1111 1925 1148 1954 et
1172 1922 1303 1953 ratione
1319 1923 1454 1959 nitatur,
1479 1927 1593 1953 osten-

966 1967 1058 1999 disse
1073 1967 1227 1998 videmur
1239 1967 1280 1998 ad
1291 1966 1398 2007 Gorg.
1412 1978 1444 2008 p.
1455 1966 1538 2000 447.
1553 1968 1592 1998 Α.

965 2013 1069 2052 Apol.
1094 2012 1187 2043 Socr.
1219 2021 1249 2052 p.
1272 2011 1325 2044 19.
1344 2011 1382 2041 D.
1406 2010 1533 2044 phaed.
1561 2022 1593 2052 p.

972 2057 1026 2092 70.
1051 2057 1091 2088 D.
1107 2059 1149 2089 al.
1174 2056 1246 2088 Res
1271 2055 1368 2087 hodie
1394 2057 1479 2088 satis
1503 2062 1594 2087 uota.

965 2102 1075 2135 Quam
1110 2106 1221 2133 tamen
1268 2100 1425 2133 videntur
1474 2103 1592 2142 negle-

964 2147 1055 2179 xisse
1074 2147 1129 2188 qui
1155 2143 1250 2177 τοῦτ’
1279 2144 1363 2176 εἶναι
1387 2147 1420 2178 ἱιι
1454 2147 1594 2178 alterius

965 2192 1118 2224 lectionis
1144 2192 1255 2222 locum
1280 2190 1495 2223 suffecerunt.

1011 2234 1225 2278 φρόνησιν
1256 2233 1298 2265 δὲ
1322 2235 1393 2266 καὶ
1417 2234 1593 2276 ἀληθεῖς

965 2279 1114 2322 δόξας]
1153 2279 1202 2311 Ad
1229 2280 1289 2312 hos
1314 2281 1526 2313 accusativos
1552 2290 1592 2312 ex

966 2325 1201 2367 superioribus
1235 2328 1373 2366 repetas
1408 2326 1513 2366 λέγω,
1557 2329 1593 2357 ut

965 2369 1104 2411 εὐτυχές
1130 2371 1172 2402 sit
1197 2370 1384 2411 praedicati
1410 2370 1517 2402 instar
1529 2380 1592 2411 pro

964 2413 1104 2455 εὐτυχές
1129 2426 1176 2456 τι,
1202 2414 1244 2447 de
1260 2424 1327 2455 quo
1351 2424 1417 2447 usu
1434 2414 1592 2455 loquendi

964 2461 1076 2501 paullo
1114 2464 1192 2491 ante
1223 2459 1379 2495 diximus,
1425 2459 1591 2492 Nimirum

963 2505 1030 2537 isto
1056 2505 1159 2536 modo
1187 2504 1400 2545 intelligitur,
1432 2513 1497 2535 non
1530 2504 1591 2534 ab·

964 2551 1097 2582 solutos
1126 2559 1202 2581 esse
1228 2548 1289 2581 lios
1307 2549 1533 2588 accusativos,
1556 2553 1592 2580 ut

963 2598 1083 2637 putant
1107 2595 1227 2636 intpp„
1251 2593 1311 2626 sed
1336 2591 1592 2635 pei-'attractio-

965 2649 1039 2673 nem
1067 2649 1140 2672 cum
1167 2640 1196 2671 vi
1222 2638 1365 2679 quadam
1393 2647 1468 2670 esse
1493 2647 1591 2679 prae-
