<?xml version="1.0" encoding="UTF-8"?>
<!DOCTYPE html PUBLIC "-//W3C//DTD XHTML 1.0 Transitional//EN"
    "http://www.w3.org/TR/xhtml1/DTD/xhtml1-transitional.dtd">
<html xmlns="http://www.w3.org/1999/xhtml" xml:lang="en" lang="en">
 <head>
  <title>
</title>
<meta http-equiv="Content-Type" content="text/html;charset=utf-8" />
  <meta name='ocr-system' content='tesseract 3.04.00' />
  <meta name='ocr-capabilities' content='ocr_page ocr_carea ocr_par ocr_line ocrx_word'/>
</head>
<body>
  <div class='ocr_page' id='page_1' title='image "./s1operaomniarece10platuoft_0171.png"; bbox 0 0 1612 2872; ppageno 0'>
   <div class='ocr_carea' id='block_1_1' title="bbox 508 61 1439 110">
    <p class='ocr_par' dir='ltr' id='par_1_1' title="bbox 508 61 1439 110">
     <span class='ocr_line' id='line_1_1' title="bbox 508 61 1439 110; baseline 0 -5"><span class='ocrx_word' id='word_1_1' title='bbox 508 62 592 105; x_wconf 79' lang='lat' dir='ltr'>DE</span> <span class='ocrx_word' id='word_1_2' title='bbox 626 61 908 107; x_wconf 85' lang='lat' dir='ltr'>LEGIBUS</span> <span class='ocrx_word' id='word_1_3' title='bbox 940 69 1022 110; x_wconf 77' lang='lat' dir='ltr'>etc.</span> <span class='ocrx_word' id='word_1_4' title='bbox 1217 62 1439 106; x_wconf 78' lang='lat' dir='ltr'>CLXVII</span> 
     </span>
    </p>
   </div>
   <div class='ocr_carea' id='block_1_2' title="bbox 10 175 1490 2681">
    <p class='ocr_par' dir='ltr' id='par_1_2' title="bbox 10 175 1490 1872">
     <span class='ocr_line' id='line_1_2' title="bbox 71 175 1441 234; baseline 0 -14"><span class='ocrx_word' id='word_1_5' title='bbox 71 192 234 234; x_wconf 78' lang='grc' dir='ltr'><strong><em>μετρον</em></strong></span> <span class='ocrx_word' id='word_1_6' title='bbox 284 178 359 218; x_wconf 74' lang='grc' dir='ltr'>καὶ</span> <span class='ocrx_word' id='word_1_7' title='bbox 423 175 561 219; x_wconf 79' lang='grc' dir='ltr'><strong><em>καλὸν</em></strong></span> <span class='ocrx_word' id='word_1_8' title='bbox 611 179 685 219; x_wconf 80' lang='grc' dir='ltr'>καὶ</span> <span class='ocrx_word' id='word_1_9' title='bbox 738 179 788 220; x_wconf 80' lang='grc' dir='ltr'>τό</span> <span class='ocrx_word' id='word_1_10' title='bbox 842 178 988 220; x_wconf 68' lang='grc' dir='ltr'><em>τέλεον</em></span> <span class='ocrx_word' id='word_1_11' title='bbox 1035 179 1110 220; x_wconf 81' lang='grc' dir='ltr'>καὶ</span> <span class='ocrx_word' id='word_1_12' title='bbox 1160 176 1317 220; x_wconf 79' lang='grc' dir='ltr'><strong><em>ἰκανὸν</em></strong></span> <span class='ocrx_word' id='word_1_13' title='bbox 1368 180 1441 220; x_wconf 73' lang='grc' dir='ltr'>καὶ</span> 
     </span>
     <span class='ocr_line' id='line_1_3' title="bbox 74 229 1440 288; baseline -0.001 -11"><span class='ocrx_word' id='word_1_14' title='bbox 74 232 213 277; x_wconf 73' lang='grc' dir='ltr'><em>πάνθ’</em></span> <span class='ocrx_word' id='word_1_15' title='bbox 257 230 405 275; x_wconf 85' lang='grc' dir='ltr'><em>ὁπόσα</em></span> <span class='ocrx_word' id='word_1_16' title='bbox 448 235 530 286; x_wconf 83' lang='grc' dir='ltr'>τῆς</span> <span class='ocrx_word' id='word_1_17' title='bbox 558 234 709 288; x_wconf 78' lang='grc' dir='ltr'><em>γενεᾶς</em></span> <span class='ocrx_word' id='word_1_18' title='bbox 746 229 807 277; x_wconf 67' lang='grc' dir='ltr'>αὖ</span> <span class='ocrx_word' id='word_1_19' title='bbox 850 232 1016 286; x_wconf 79' lang='grc' dir='ltr'><em>ταύτης</em></span> <span class='ocrx_word' id='word_1_20' title='bbox 1053 236 1184 277; x_wconf 73' lang='grc' dir='ltr'><strong><em>ἐστίν.</em></strong></span> <span class='ocrx_word' id='word_1_21' title='bbox 1267 232 1440 286; x_wconf 73' lang='lat' dir='ltr'>Quibus</span> 
     </span>
     <span class='ocr_line' id='line_1_4' title="bbox 75 289 1440 348; baseline 0 -15"><span class='ocrx_word' id='word_1_22' title='bbox 75 290 220 334; x_wconf 78' lang='lat' dir='ltr'>verhiS</span> <span class='ocrx_word' id='word_1_23' title='bbox 258 289 293 332; x_wconf 89' lang='lat' dir='ltr'>si</span> <span class='ocrx_word' id='word_1_24' title='bbox 337 290 512 344; x_wconf 87' lang='lat' dir='ltr'>quaeris</span> <span class='ocrx_word' id='word_1_25' title='bbox 553 289 764 345; x_wconf 84' lang='lat' dir='ltr'><strong>quidnam</strong></span> <span class='ocrx_word' id='word_1_26' title='bbox 804 289 981 332; x_wconf 87' lang='lat' dir='ltr'>tandem</span> <span class='ocrx_word' id='word_1_27' title='bbox 1013 289 1302 348; x_wconf 79' lang='lat' dir='ltr'>significetur,</span> <span class='ocrx_word' id='word_1_28' title='bbox 1333 290 1440 333; x_wconf 86' lang='lat' dir='ltr'>satis</span> 
     </span>
     <span class='ocr_line' id='line_1_5' title="bbox 74 346 1439 403; baseline -0.001 -13"><span class='ocrx_word' id='word_1_29' title='bbox 74 347 180 390; x_wconf 83' lang='lat' dir='ltr'>illud</span> <span class='ocrx_word' id='word_1_30' title='bbox 224 346 424 396; x_wconf 76' lang='lat' dir='ltr'>videmur</span> <span class='ocrx_word' id='word_1_31' title='bbox 471 347 842 391; x_wconf 79' lang='lat' dir='ltr'>demonstravisse</span> <span class='ocrx_word' id='word_1_32' title='bbox 884 349 909 390; x_wconf 87' lang='lat' dir='ltr'>l.</span> <span class='ocrx_word' id='word_1_33' title='bbox 965 363 1001 390; x_wconf 76' lang='lat' dir='ltr'>c.</span> <span class='ocrx_word' id='word_1_34' title='bbox 1035 363 1085 403; x_wconf 56' lang='lat' dir='ltr'>p,</span> <span class='ocrx_word' id='word_1_35' title='bbox 1111 349 1176 390; x_wconf 77' lang='lat'>76.</span> <span class='ocrx_word' id='word_1_36' title='bbox 1209 361 1305 402; x_wconf 92' lang='lat' dir='ltr'>sqq.</span> <span class='ocrx_word' id='word_1_37' title='bbox 1367 347 1439 389; x_wconf 85' lang='lat' dir='ltr'>In-</span> 
     </span>
     <span class='ocr_line' id='line_1_6' title="bbox 74 403 1440 460; baseline -0.001 -13"><span class='ocrx_word' id='word_1_38' title='bbox 74 404 286 460; x_wconf 81' lang='lat' dir='ltr'>telligitur</span> <span class='ocrx_word' id='word_1_39' title='bbox 319 405 448 458; x_wconf 80' lang='lat' dir='ltr'>enim,</span> <span class='ocrx_word' id='word_1_40' title='bbox 492 404 773 459; x_wconf 90' lang='lat' dir='ltr'>quidquid</span> <span class='ocrx_word' id='word_1_41' title='bbox 814 404 870 446; x_wconf 90' lang='lat' dir='ltr'>in</span> <span class='ocrx_word' id='word_1_42' title='bbox 917 405 1036 446; x_wconf 87' lang='lat' dir='ltr'>vita</span> <span class='ocrx_word' id='word_1_43' title='bbox 1082 403 1322 447; x_wconf 86' lang='lat' dir='ltr'>humana</span> <span class='ocrx_word' id='word_1_44' title='bbox 1375 404 1440 446; x_wconf 87' lang='lat' dir='ltr'>ad</span> 
     </span>
     <span class='ocr_line' id='line_1_7' title="bbox 74 461 1439 518; baseline -0.001 -14"><span class='ocrx_word' id='word_1_45' title='bbox 74 461 331 518; x_wconf 45' lang='lat' dir='ltr'>absoltuti</span> <span class='ocrx_word' id='word_1_46' title='bbox 372 461 506 503; x_wconf 88' lang='lat' dir='ltr'>boni</span> <span class='ocrx_word' id='word_1_47' title='bbox 549 462 780 503; x_wconf 85' lang='lat' dir='ltr'>formam</span> <span class='ocrx_word' id='word_1_48' title='bbox 822 469 990 516; x_wconf 89' lang='lat' dir='ltr'>atque</span> <span class='ocrx_word' id='word_1_49' title='bbox 1030 462 1276 518; x_wconf 88' lang='lat' dir='ltr'>speciem</span> <span class='ocrx_word' id='word_1_50' title='bbox 1306 467 1439 503; x_wconf 78' lang='lat' dir='ltr'>tam·</span> 
     </span>
     <span class='ocr_line' id='line_1_8' title="bbox 73 517 1438 574; baseline -0.001 -13"><span class='ocrx_word' id='word_1_51' title='bbox 73 534 234 574; x_wconf 82' lang='lat' dir='ltr'>quam</span> <span class='ocrx_word' id='word_1_52' title='bbox 296 532 562 561; x_wconf 81' lang='lat' dir='ltr'>summu-m</span> <span class='ocrx_word' id='word_1_53' title='bbox 608 532 794 560; x_wconf 91' lang='lat' dir='ltr'>rerum</span> <span class='ocrx_word' id='word_1_54' title='bbox 832 517 1203 560; x_wconf 88' lang='lat' dir='ltr'>humanarum</span> <span class='ocrx_word' id='word_1_55' title='bbox 1264 518 1438 560; x_wconf 89' lang='lat' dir='ltr'>finem</span> 
     </span>
     <span class='ocr_line' id='line_1_9' title="bbox 73 573 1490 631; baseline 0.001 -16"><span class='ocrx_word' id='word_1_56' title='bbox 73 583 450 631; x_wconf 86' lang='lat' dir='ltr'>comparatum</span> <span class='ocrx_word' id='word_1_57' title='bbox 478 581 574 616; x_wconf 89' lang='lat' dir='ltr'>est</span> <span class='ocrx_word' id='word_1_58' title='bbox 616 573 804 629; x_wconf 88' lang='lat' dir='ltr'>ideoque</span> <span class='ocrx_word' id='word_1_59' title='bbox 844 589 999 624; x_wconf 85' lang='lat' dir='ltr'>revera</span> <span class='ocrx_word' id='word_1_60' title='bbox 1035 576 1216 617; x_wconf 86' lang='lat' dir='ltr'>exstitit.</span> <span class='ocrx_word' id='word_1_61' title='bbox 1286 575 1441 631; x_wconf 88' lang='lat' dir='ltr'>Itaque</span> <span class='ocrx_word' id='word_1_62' title='bbox 1484 618 1490 621; x_wconf 74' lang='grc'>,</span> 
     </span>
     <span class='ocr_line' id='line_1_10' title="bbox 72 630 1438 688; baseline 0 -14"><span class='ocrx_word' id='word_1_63' title='bbox 72 631 179 674; x_wconf 91' lang='lat' dir='ltr'>illud</span> <span class='ocrx_word' id='word_1_64' title='bbox 221 630 397 686; x_wconf 89' lang='lat' dir='ltr'>quidem</span> <span class='ocrx_word' id='word_1_65' title='bbox 439 630 495 672; x_wconf 88' lang='lat' dir='ltr'>ad</span> <span class='ocrx_word' id='word_1_66' title='bbox 535 646 675 688; x_wconf 88' lang='lat' dir='ltr'>genus</span> <span class='ocrx_word' id='word_1_67' title='bbox 718 633 800 674; x_wconf 87' lang='grc' dir='ltr'>τοῦ</span> <span class='ocrx_word' id='word_1_68' title='bbox 838 634 1014 684; x_wconf 71' lang='grc' dir='ltr'><em>αἰτίου,</em></span> <span class='ocrx_word' id='word_1_69' title='bbox 1071 632 1154 674; x_wconf 90' lang='lat' dir='ltr'>hoc</span> <span class='ocrx_word' id='word_1_70' title='bbox 1197 637 1340 673; x_wconf 89' lang='lat' dir='ltr'>autem</span> <span class='ocrx_word' id='word_1_71' title='bbox 1384 631 1438 674; x_wconf 89' lang='lat' dir='ltr'>ad</span> 
     </span>
     <span class='ocr_line' id='line_1_11' title="bbox 74 687 1438 743; baseline -0.001 -11"><span class='ocrx_word' id='word_1_72' title='bbox 74 687 125 732; x_wconf 86' lang='grc' dir='ltr'>τὸ</span> <span class='ocrx_word' id='word_1_73' title='bbox 160 689 521 743; x_wconf 72' lang='grc' dir='ltr'><strong><em>ξυμμεμιγμένον</em></strong></span> <span class='ocrx_word' id='word_1_74' title='bbox 550 688 753 730; x_wconf 87' lang='lat' dir='ltr'>refertur.</span> <span class='ocrx_word' id='word_1_75' title='bbox 814 687 940 741; x_wconf 81' lang='lat' dir='ltr'>Quae</span> <span class='ocrx_word' id='word_1_76' title='bbox 971 688 1009 729; x_wconf 84' lang='lat' dir='ltr'>si</span> <span class='ocrx_word' id='word_1_77' title='bbox 1041 689 1102 729; x_wconf 81' lang='lat' dir='ltr'>ita</span> <span class='ocrx_word' id='word_1_78' title='bbox 1131 703 1228 730; x_wconf 88' lang='lat' dir='ltr'>sese</span> <span class='ocrx_word' id='word_1_79' title='bbox 1261 688 1438 743; x_wconf 76' lang='lat' dir='ltr'>habent,</span> 
     </span>
     <span class='ocr_line' id='line_1_12' title="bbox 10 743 1438 802; baseline 0 -14"><span class='ocrx_word' id='word_1_80' title='bbox 10 746 14 750; x_wconf 68' lang='grc'>’</span> <span class='ocrx_word' id='word_1_81' title='bbox 75 760 261 801; x_wconf 84' lang='lat' dir='ltr'>vereque</span> <span class='ocrx_word' id='word_1_82' title='bbox 291 743 564 798; x_wconf 81' lang='lat' dir='ltr'>iudicantur,</span> <span class='ocrx_word' id='word_1_83' title='bbox 608 746 706 800; x_wconf 92' lang='lat' dir='ltr'>quis</span> <span class='ocrx_word' id='word_1_84' title='bbox 747 760 910 800; x_wconf 83' lang='lat' dir='ltr'>quaeso</span> <span class='ocrx_word' id='word_1_85' title='bbox 949 753 1016 788; x_wconf 88' lang='lat' dir='ltr'>est</span> <span class='ocrx_word' id='word_1_86' title='bbox 1047 745 1154 800; x_wconf 91' lang='lat' dir='ltr'>quin</span> <span class='ocrx_word' id='word_1_87' title='bbox 1187 752 1345 802; x_wconf 88' lang='lat' dir='ltr'>sponte</span> <span class='ocrx_word' id='word_1_88' title='bbox 1379 747 1438 788; x_wconf 90' lang='lat' dir='ltr'>vi-</span> 
     </span>
     <span class='ocr_line' id='line_1_13' title="bbox 76 802 1438 858; baseline -0.001 -13"><span class='ocrx_word' id='word_1_89' title='bbox 76 803 193 857; x_wconf 85' lang='lat' dir='ltr'>deat,</span> <span class='ocrx_word' id='word_1_90' title='bbox 224 802 428 844; x_wconf 88' lang='lat' dir='ltr'>Politiam</span> <span class='ocrx_word' id='word_1_91' title='bbox 451 802 657 852; x_wconf 82' lang='lat' dir='ltr'>exhibere</span> <span class='ocrx_word' id='word_1_92' title='bbox 677 802 802 858; x_wconf 84' lang='lat' dir='ltr'><strong>quasi</strong></span> <span class='ocrx_word' id='word_1_93' title='bbox 821 802 964 844; x_wconf 86' lang='lat' dir='ltr'>ideam</span> <span class='ocrx_word' id='word_1_94' title='bbox 996 802 1113 844; x_wconf 87' lang='lat' dir='ltr'>illam</span> <span class='ocrx_word' id='word_1_95' title='bbox 1131 803 1288 845; x_wconf 87' lang='lat' dir='ltr'>summi</span> <span class='ocrx_word' id='word_1_96' title='bbox 1319 803 1438 856; x_wconf 79' lang='lat' dir='ltr'>boni,</span> 
     </span>
     <span class='ocr_line' id='line_1_14' title="bbox 73 859 1438 917; baseline -0.001 -15"><span class='ocrx_word' id='word_1_97' title='bbox 73 867 294 917; x_wconf 85' lang='lat' dir='ltr'>quatenus</span> <span class='ocrx_word' id='word_1_98' title='bbox 327 859 446 901; x_wconf 91' lang='lat' dir='ltr'>idem</span> <span class='ocrx_word' id='word_1_99' title='bbox 484 860 529 901; x_wconf 89' lang='lat' dir='ltr'>in</span> <span class='ocrx_word' id='word_1_100' title='bbox 569 859 661 902; x_wconf 87' lang='lat' dir='ltr'>vita</span> <span class='ocrx_word' id='word_1_101' title='bbox 709 860 928 901; x_wconf 90' lang='lat' dir='ltr'>communi</span> <span class='ocrx_word' id='word_1_102' title='bbox 970 874 1022 901; x_wconf 83' lang='lat' dir='ltr'>ac</span> <span class='ocrx_word' id='word_1_103' title='bbox 1072 859 1189 901; x_wconf 89' lang='lat' dir='ltr'>civili</span> <span class='ocrx_word' id='word_1_104' title='bbox 1229 860 1438 914; x_wconf 73' lang='lat' dir='ltr'>cernitur,</span> 
     </span>
     <span class='ocr_line' id='line_1_15' title="bbox 72 916 1441 973; baseline 0 -14"><span class='ocrx_word' id='word_1_105' title='bbox 72 931 255 972; x_wconf 86' lang='lat' dir='ltr'>eamque</span> <span class='ocrx_word' id='word_1_106' title='bbox 296 916 454 971; x_wconf 80' lang='lat' dir='ltr'>talem,</span> <span class='ocrx_word' id='word_1_107' title='bbox 493 917 665 972; x_wconf 89' lang='lat' dir='ltr'>qualem</span> <span class='ocrx_word' id='word_1_108' title='bbox 696 923 840 959; x_wconf 87' lang='lat' dir='ltr'>mente</span> <span class='ocrx_word' id='word_1_109' title='bbox 878 924 923 959; x_wconf 87' lang='lat' dir='ltr'>et</span> <span class='ocrx_word' id='word_1_110' title='bbox 951 917 1220 973; x_wconf 80' lang='lat' dir='ltr'><strong>cogitatione</strong></span> <span class='ocrx_word' id='word_1_111' title='bbox 1250 916 1441 959; x_wconf 85' lang='lat' dir='ltr'>humana</span> 
     </span>
     <span class='ocr_line' id='line_1_16' title="bbox 71 973 1439 1030; baseline -0.001 -13"><span class='ocrx_word' id='word_1_112' title='bbox 71 975 305 1017; x_wconf 88' lang='lat' dir='ltr'>informare</span> <span class='ocrx_word' id='word_1_113' title='bbox 343 973 496 1024; x_wconf 83' lang='lat' dir='ltr'>liceat3</span> <span class='ocrx_word' id='word_1_114' title='bbox 538 974 684 1030; x_wconf 85' lang='lat' dir='ltr'>Leges</span> <span class='ocrx_word' id='word_1_115' title='bbox 731 980 876 1016; x_wconf 86' lang='lat' dir='ltr'>autem</span> <span class='ocrx_word' id='word_1_116' title='bbox 926 989 1171 1030; x_wconf 87' lang='lat' dir='ltr'>proponere</span> <span class='ocrx_word' id='word_1_117' title='bbox 1220 980 1264 1016; x_wconf 89' lang='lat' dir='ltr'>et</span> <span class='ocrx_word' id='word_1_118' title='bbox 1313 975 1439 1029; x_wconf 82' lang='lat' dir='ltr'><strong>quasi</strong></span> 
     </span>
     <span class='ocr_line' id='line_1_17' title="bbox 70 1030 1440 1088; baseline -0.001 -14"><span class='ocrx_word' id='word_1_119' title='bbox 70 1037 398 1088; x_wconf 84' lang='lat' dir='ltr'>repraesentare</span> <span class='ocrx_word' id='word_1_120' title='bbox 428 1030 554 1072; x_wconf 89' lang='lat' dir='ltr'>ideae</span> <span class='ocrx_word' id='word_1_121' title='bbox 585 1031 689 1073; x_wconf 91' lang='lat' dir='ltr'>boni</span> <span class='ocrx_word' id='word_1_122' title='bbox 718 1030 994 1073; x_wconf 80' lang='lat' dir='ltr'>simulacrum</span> <span class='ocrx_word' id='word_1_123' title='bbox 1019 1030 1239 1086; x_wconf 85' lang='lat' dir='ltr'>quoddam</span> <span class='ocrx_word' id='word_1_124' title='bbox 1270 1031 1315 1073; x_wconf 89' lang='lat' dir='ltr'>in</span> <span class='ocrx_word' id='word_1_125' title='bbox 1348 1031 1440 1074; x_wconf 87' lang='lat' dir='ltr'>vita</span> 
     </span>
     <span class='ocr_line' id='line_1_18' title="bbox 75 1085 1439 1144; baseline 0.001 -14"><span class='ocrx_word' id='word_1_126' title='bbox 75 1089 266 1131; x_wconf 81' lang='lat' dir='ltr'>humana</span> <span class='ocrx_word' id='word_1_127' title='bbox 305 1103 559 1143; x_wconf 90' lang='lat' dir='ltr'>expressum</span> <span class='ocrx_word' id='word_1_128' title='bbox 595 1085 644 1130; x_wconf 60' lang='lat' dir='ltr'>&#39;et</span> <span class='ocrx_word' id='word_1_129' title='bbox 683 1104 762 1144; x_wconf 92' lang='lat' dir='ltr'>pro</span> <span class='ocrx_word' id='word_1_130' title='bbox 802 1088 934 1130; x_wconf 88' lang='lat' dir='ltr'>huius</span> <span class='ocrx_word' id='word_1_131' title='bbox 963 1088 1205 1131; x_wconf 87' lang='lat' dir='ltr'>rationibus</span> <span class='ocrx_word' id='word_1_132' title='bbox 1236 1088 1292 1130; x_wconf 91' lang='lat' dir='ltr'>ad</span> <span class='ocrx_word' id='word_1_133' title='bbox 1321 1089 1439 1132; x_wconf 88' lang='lat' dir='ltr'>illius</span> 
     </span>
     <span class='ocr_line' id='line_1_19' title="bbox 73 1144 1439 1201; baseline 0 -13"><span class='ocrx_word' id='word_1_134' title='bbox 73 1145 403 1188; x_wconf 88' lang='lat' dir='ltr'>similitudinem</span> <span class='ocrx_word' id='word_1_135' title='bbox 434 1160 563 1200; x_wconf 88' lang='lat' dir='ltr'>quam</span> <span class='ocrx_word' id='word_1_136' title='bbox 596 1144 928 1201; x_wconf 82' lang='lat' dir='ltr'>diligentissime</span> <span class='ocrx_word' id='word_1_137' title='bbox 957 1145 1290 1201; x_wconf 81' lang='lat' dir='ltr'>comparatum?</span> <span class='ocrx_word' id='word_1_138' title='bbox 1318 1145 1439 1188; x_wconf 86' lang='lat' dir='ltr'>Hinc</span> 
     </span>
     <span class='ocr_line' id='line_1_20' title="bbox 73 1202 1438 1258; baseline 0 -14"><span class='ocrx_word' id='word_1_139' title='bbox 73 1209 218 1245; x_wconf 87' lang='lat' dir='ltr'>autem</span> <span class='ocrx_word' id='word_1_140' title='bbox 246 1202 374 1244; x_wconf 89' lang='lat' dir='ltr'>facile</span> <span class='ocrx_word' id='word_1_141' title='bbox 405 1203 488 1244; x_wconf 84' lang='lat' dir='ltr'>iam</span> <span class='ocrx_word' id='word_1_142' title='bbox 524 1203 687 1258; x_wconf 88' lang='lat' dir='ltr'>poterit</span> <span class='ocrx_word' id='word_1_143' title='bbox 716 1202 913 1252; x_wconf 82' lang='lat' dir='ltr'>iudicari,</span> <span class='ocrx_word' id='word_1_144' title='bbox 945 1218 1048 1244; x_wconf 89' lang='lat' dir='ltr'>num</span> <span class='ocrx_word' id='word_1_145' title='bbox 1073 1209 1117 1244; x_wconf 85' lang='lat' dir='ltr'>et</span> <span class='ocrx_word' id='word_1_146' title='bbox 1147 1212 1365 1258; x_wconf 88' lang='lat' dir='ltr'>quatenus</span> <span class='ocrx_word' id='word_1_147' title='bbox 1394 1204 1438 1245; x_wconf 90' lang='lat' dir='ltr'>in</span> 
     </span>
     <span class='ocr_line' id='line_1_21' title="bbox 79 1258 1436 1315; baseline 0 -13"><span class='ocrx_word' id='word_1_148' title='bbox 79 1261 247 1315; x_wconf 78' lang='lat' dir='ltr'>Legum</span> <span class='ocrx_word' id='word_1_149' title='bbox 285 1259 406 1301; x_wconf 87' lang='lat' dir='ltr'>libris</span> <span class='ocrx_word' id='word_1_150' title='bbox 456 1258 651 1301; x_wconf 85' lang='lat' dir='ltr'>idearum</span> <span class='ocrx_word' id='word_1_151' title='bbox 698 1258 901 1301; x_wconf 85' lang='lat' dir='ltr'>doctrina</span> <span class='ocrx_word' id='word_1_152' title='bbox 946 1260 1138 1303; x_wconf 71' lang='lat' dir='ltr'>civitatis</span> <span class='ocrx_word' id='word_1_153' title='bbox 1186 1260 1436 1313; x_wconf 82' lang='lat' dir='ltr'>universae,</span> 
     </span>
     <span class='ocr_line' id='line_1_22' title="bbox 73 1315 1437 1372; baseline 0.001 -14"><span class='ocrx_word' id='word_1_154' title='bbox 73 1332 186 1372; x_wconf 87' lang='lat' dir='ltr'>quae</span> <span class='ocrx_word' id='word_1_155' title='bbox 217 1317 278 1358; x_wconf 90' lang='lat' dir='ltr'>ibi</span> <span class='ocrx_word' id='word_1_156' title='bbox 309 1315 490 1358; x_wconf 86' lang='lat' dir='ltr'>condita</span> <span class='ocrx_word' id='word_1_157' title='bbox 519 1321 609 1370; x_wconf 80' lang='lat' dir='ltr'>est,</span> <span class='ocrx_word' id='word_1_158' title='bbox 652 1316 854 1358; x_wconf 84' lang='lat' dir='ltr'>aedificio</span> <span class='ocrx_word' id='word_1_159' title='bbox 897 1316 1171 1359; x_wconf 80' lang='lat' dir='ltr'>fundamenti</span> <span class='ocrx_word' id='word_1_160' title='bbox 1202 1317 1300 1359; x_wconf 93' lang='lat' dir='ltr'>loco</span> <span class='ocrx_word' id='word_1_161' title='bbox 1333 1317 1437 1360; x_wconf 89' lang='lat' dir='ltr'>sub-</span> 
     </span>
     <span class='ocr_line' id='line_1_23' title="bbox 73 1373 1434 1430; baseline 0 -14"><span class='ocrx_word' id='word_1_162' title='bbox 73 1375 187 1416; x_wconf 82' lang='lat' dir='ltr'>iecta</span> <span class='ocrx_word' id='word_1_163' title='bbox 224 1374 294 1416; x_wconf 80' lang='lat' dir='ltr'>sit.</span> <span class='ocrx_word' id='word_1_164' title='bbox 364 1373 605 1415; x_wconf 77' lang='lat' dir='ltr'>Enimvero</span> <span class='ocrx_word' id='word_1_165' title='bbox 648 1373 857 1416; x_wconf 73' lang='lat' dir='ltr'>exhibent</span> <span class='ocrx_word' id='word_1_166' title='bbox 896 1373 958 1415; x_wconf 86' lang='lat' dir='ltr'>illi</span> <span class='ocrx_word' id='word_1_167' title='bbox 997 1389 1102 1416; x_wconf 86' lang='lat' dir='ltr'>sane</span> <span class='ocrx_word' id='word_1_168' title='bbox 1134 1374 1259 1430; x_wconf 83' lang='lat' dir='ltr'>quasi</span> <span class='ocrx_word' id='word_1_169' title='bbox 1294 1374 1434 1428; x_wconf 91' lang='lat' dir='ltr'>quod-</span> 
     </span>
     <span class='ocr_line' id='line_1_24' title="bbox 73 1430 1435 1486; baseline 0.001 -13"><span class='ocrx_word' id='word_1_170' title='bbox 73 1431 171 1473; x_wconf 83' lang='lat' dir='ltr'>dam</span> <span class='ocrx_word' id='word_1_171' title='bbox 212 1430 336 1472; x_wconf 85' lang='lat' dir='ltr'>ideae</span> <span class='ocrx_word' id='word_1_172' title='bbox 375 1431 596 1486; x_wconf 77' lang='lat' dir='ltr'>perfectae</span> <span class='ocrx_word' id='word_1_173' title='bbox 641 1431 834 1476; x_wconf 82' lang='lat' dir='ltr'>civitatis</span> <span class='ocrx_word' id='word_1_174' title='bbox 874 1431 1180 1484; x_wconf 82' lang='lat' dir='ltr'>simulacrum,</span> <span class='ocrx_word' id='word_1_175' title='bbox 1223 1431 1353 1486; x_wconf 91' lang='lat' dir='ltr'>quale</span> <span class='ocrx_word' id='word_1_176' title='bbox 1393 1433 1435 1474; x_wconf 91' lang='lat' dir='ltr'>in</span> 
     </span>
     <span class='ocr_line' id='line_1_25' title="bbox 73 1487 1438 1544; baseline 0.001 -15"><span class='ocrx_word' id='word_1_177' title='bbox 73 1487 171 1543; x_wconf 85' lang='lat' dir='ltr'>ipsa</span> <span class='ocrx_word' id='word_1_178' title='bbox 198 1487 422 1529; x_wconf 91' lang='lat' dir='ltr'>hominum</span> <span class='ocrx_word' id='word_1_179' title='bbox 453 1488 544 1529; x_wconf 88' lang='lat' dir='ltr'>vita</span> <span class='ocrx_word' id='word_1_180' title='bbox 575 1488 718 1542; x_wconf 86' lang='lat' dir='ltr'>possit</span> <span class='ocrx_word' id='word_1_181' title='bbox 746 1503 967 1544; x_wconf 81' lang='lat' dir='ltr'>emergere</span> <span class='ocrx_word' id='word_1_182' title='bbox 998 1500 1130 1543; x_wconf 80' lang='lat' dir='ltr'>atque</span> <span class='ocrx_word' id='word_1_183' title='bbox 1150 1488 1438 1543; x_wconf 88' lang='lat' dir='ltr'>conspicuum</span> 
     </span>
     <span class='ocr_line' id='line_1_26' title="bbox 74 1543 1437 1600; baseline 0 -13"><span class='ocrx_word' id='word_1_184' title='bbox 74 1545 195 1599; x_wconf 82' lang='lat' dir='ltr'>fieri,</span> <span class='ocrx_word' id='word_1_185' title='bbox 235 1543 450 1600; x_wconf 78' lang='lat' dir='ltr'>siquidem</span> <span class='ocrx_word' id='word_1_186' title='bbox 492 1545 638 1587; x_wconf 88' lang='lat' dir='ltr'>omnia</span> <span class='ocrx_word' id='word_1_187' title='bbox 676 1544 729 1586; x_wconf 83' lang='lat' dir='ltr'>ad</span> <span class='ocrx_word' id='word_1_188' title='bbox 769 1545 1098 1588; x_wconf 88' lang='lat' dir='ltr'>similitudinem</span> <span class='ocrx_word' id='word_1_189' title='bbox 1141 1560 1271 1600; x_wconf 90' lang='lat' dir='ltr'>quam</span> <span class='ocrx_word' id='word_1_190' title='bbox 1300 1546 1437 1587; x_wconf 85' lang='lat' dir='ltr'>maxi-</span> 
     </span>
     <span class='ocr_line' id='line_1_27' title="bbox 74 1600 1438 1658; baseline 0 -14"><span class='ocrx_word' id='word_1_191' title='bbox 74 1617 186 1644; x_wconf 87' lang='lat' dir='ltr'>mam</span> <span class='ocrx_word' id='word_1_192' title='bbox 227 1616 325 1644; x_wconf 85' lang='lat' dir='ltr'>cum</span> <span class='ocrx_word' id='word_1_193' title='bbox 366 1601 573 1644; x_wconf 81' lang='lat' dir='ltr'>absoluta</span> <span class='ocrx_word' id='word_1_194' title='bbox 612 1600 711 1644; x_wconf 90' lang='lat' dir='ltr'>idea</span> <span class='ocrx_word' id='word_1_195' title='bbox 748 1602 969 1658; x_wconf 83' lang='lat' dir='ltr'>perfectae</span> <span class='ocrx_word' id='word_1_196' title='bbox 1011 1603 1231 1657; x_wconf 84' lang='lat' dir='ltr'>civitatis,</span> <span class='ocrx_word' id='word_1_197' title='bbox 1264 1602 1438 1657; x_wconf 88' lang='lat' dir='ltr'>qualem</span> 
     </span>
     <span class='ocr_line' id='line_1_28' title="bbox 76 1658 1438 1715; baseline 0.001 -15"><span class='ocrx_word' id='word_1_198' title='bbox 76 1673 233 1715; x_wconf 80' lang='lat' dir='ltr'>capere</span> <span class='ocrx_word' id='word_1_199' title='bbox 262 1659 397 1700; x_wconf 75' lang='lat' dir='ltr'>¹mens</span> <span class='ocrx_word' id='word_1_200' title='bbox 429 1658 618 1700; x_wconf 84' lang='lat' dir='ltr'>humana</span> <span class='ocrx_word' id='word_1_201' title='bbox 646 1665 818 1715; x_wconf 78' lang='lat' dir='ltr'>potest,</span> <span class='ocrx_word' id='word_1_202' title='bbox 850 1660 1108 1715; x_wconf 69' lang='lat' dir='ltr'>composita</span> <span class='ocrx_word' id='word_1_203' title='bbox 1128 1670 1243 1702; x_wconf 86' lang='lat' dir='ltr'>sunt.</span> <span class='ocrx_word' id='word_1_204' title='bbox 1305 1659 1438 1714; x_wconf 80' lang='lat' dir='ltr'>Quod</span> 
     </span>
     <span class='ocr_line' id='line_1_29' title="bbox 76 1715 1437 1773; baseline 0.001 -15"><span class='ocrx_word' id='word_1_205' title='bbox 76 1721 294 1771; x_wconf 86' lang='lat' dir='ltr'>quatenus</span> <span class='ocrx_word' id='word_1_206' title='bbox 344 1715 406 1758; x_wconf 88' lang='lat' dir='ltr'>ita</span> <span class='ocrx_word' id='word_1_207' title='bbox 445 1715 548 1770; x_wconf 79' lang='lat' dir='ltr'>fiat,</span> <span class='ocrx_word' id='word_1_208' title='bbox 589 1717 671 1758; x_wconf 86' lang='lat' dir='ltr'>etsi</span> <span class='ocrx_word' id='word_1_209' title='bbox 714 1731 818 1759; x_wconf 88' lang='lat' dir='ltr'>sane</span> <span class='ocrx_word' id='word_1_210' title='bbox 850 1732 903 1758; x_wconf 85' lang='lat' dir='ltr'>ex</span> <span class='ocrx_word' id='word_1_211' title='bbox 934 1717 1237 1773; x_wconf 86' lang='lat' dir='ltr'>superioribus</span> <span class='ocrx_word' id='word_1_212' title='bbox 1267 1717 1437 1772; x_wconf 86' lang='lat' dir='ltr'>perspi-</span> 
     </span>
     <span class='ocr_line' id='line_1_30' title="bbox 74 1772 1438 1830; baseline 0 -14"><span class='ocrx_word' id='word_1_213' title='bbox 74 1788 205 1816; x_wconf 88' lang='lat' dir='ltr'>cuum</span> <span class='ocrx_word' id='word_1_214' title='bbox 230 1772 325 1814; x_wconf 77' lang='lat' dir='ltr'>fore</span> <span class='ocrx_word' id='word_1_215' title='bbox 355 1773 669 1827; x_wconf 79' lang='lat' dir='ltr'>existimamus,</span> <span class='ocrx_word' id='word_1_216' title='bbox 699 1780 846 1816; x_wconf 86' lang='lat' dir='ltr'>tamen</span> <span class='ocrx_word' id='word_1_217' title='bbox 877 1789 965 1815; x_wconf 89' lang='lat' dir='ltr'>rem</span> <span class='ocrx_word' id='word_1_218' title='bbox 996 1774 1148 1830; x_wconf 86' lang='lat' dir='ltr'>paucis</span> <span class='ocrx_word' id='word_1_219' title='bbox 1179 1774 1438 1816; x_wconf 85' lang='lat' dir='ltr'>confirmare</span> 
     </span>
     <span class='ocr_line' id='line_1_31' title="bbox 76 1829 920 1872; baseline 0 0"><span class='ocrx_word' id='word_1_220' title='bbox 76 1831 131 1872; x_wconf 81' lang='lat' dir='ltr'>ab</span> <span class='ocrx_word' id='word_1_221' title='bbox 162 1829 247 1871; x_wconf 88' lang='lat' dir='ltr'>hoc</span> <span class='ocrx_word' id='word_1_222' title='bbox 275 1829 372 1871; x_wconf 89' lang='lat' dir='ltr'>loco</span> <span class='ocrx_word' id='word_1_223' title='bbox 404 1845 492 1870; x_wconf 90' lang='lat' dir='ltr'>non</span> <span class='ocrx_word' id='word_1_224' title='bbox 526 1829 715 1872; x_wconf 88' lang='lat' dir='ltr'>alienum</span> <span class='ocrx_word' id='word_1_225' title='bbox 743 1830 920 1872; x_wconf 84' lang='lat' dir='ltr'>videtur</span> 
     </span>
    </p>

    <p class='ocr_par' dir='ltr' id='par_1_3' title="bbox 57 1885 1440 2681">
     <span class='ocr_line' id='line_1_32' title="bbox 194 1885 1438 1942; baseline 0.002 -15"><span class='ocrx_word' id='word_1_226' title='bbox 194 1885 355 1940; x_wconf 85' lang='lat' dir='ltr'>Itaque</span> <span class='ocrx_word' id='word_1_227' title='bbox 385 1885 440 1927; x_wconf 89' lang='lat' dir='ltr'>de</span> <span class='ocrx_word' id='word_1_228' title='bbox 470 1886 625 1928; x_wconf 85' lang='lat' dir='ltr'>incolis</span> <span class='ocrx_word' id='word_1_229' title='bbox 657 1885 834 1941; x_wconf 90' lang='lat' dir='ltr'>quidem</span> <span class='ocrx_word' id='word_1_230' title='bbox 852 1903 992 1929; x_wconf 83' lang='lat' dir='ltr'>novae</span> <span class='ocrx_word' id='word_1_231' title='bbox 1013 1888 1204 1929; x_wconf 79' lang='lat' dir='ltr'>civitatis</span> <span class='ocrx_word' id='word_1_232' title='bbox 1236 1888 1274 1929; x_wconf 87' lang='lat' dir='ltr'>si</span> <span class='ocrx_word' id='word_1_233' title='bbox 1305 1901 1438 1942; x_wconf 86' lang='lat' dir='ltr'>quae-</span> 
     </span>
     <span class='ocr_line' id='line_1_33' title="bbox 82 1941 1438 2000; baseline 0.001 -16"><span class='ocrx_word' id='word_1_234' title='bbox 82 1943 241 1996; x_wconf 79' lang='lat' dir='ltr'>rimus,</span> <span class='ocrx_word' id='word_1_235' title='bbox 284 1941 564 1984; x_wconf 78' lang='lat' dir='ltr'>deducuntur</span> <span class='ocrx_word' id='word_1_236' title='bbox 593 1943 636 1983; x_wconf 90' lang='lat' dir='ltr'>in</span> <span class='ocrx_word' id='word_1_237' title='bbox 667 1957 760 1984; x_wconf 86' lang='lat' dir='ltr'>eam</span> <span class='ocrx_word' id='word_1_238' title='bbox 792 1943 935 1985; x_wconf 91' lang='lat' dir='ltr'>coloni</span> <span class='ocrx_word' id='word_1_239' title='bbox 977 1960 1106 1999; x_wconf 86' lang='lat' dir='ltr'>quam</span> <span class='ocrx_word' id='word_1_240' title='bbox 1147 1944 1311 2000; x_wconf 90' lang='lat' dir='ltr'>optime</span> <span class='ocrx_word' id='word_1_241' title='bbox 1346 1959 1438 1985; x_wconf 89' lang='lat' dir='ltr'>mo-</span> 
     </span>
     <span class='ocr_line' id='line_1_34' title="bbox 81 1998 1440 2054; baseline 0.001 -13"><span class='ocrx_word' id='word_1_242' title='bbox 81 1999 189 2053; x_wconf 78' lang='lat' dir='ltr'>rati,</span> <span class='ocrx_word' id='word_1_243' title='bbox 221 1998 435 2054; x_wconf 75' lang='lat' dir='ltr'>siquidem</span> <span class='ocrx_word' id='word_1_244' title='bbox 466 1998 667 2041; x_wconf 84' lang='lat' dir='ltr'>delectus</span> <span class='ocrx_word' id='word_1_245' title='bbox 699 2014 751 2040; x_wconf 88' lang='lat' dir='ltr'>ex</span> <span class='ocrx_word' id='word_1_246' title='bbox 781 2001 996 2042; x_wconf 85' lang='lat' dir='ltr'>variarum</span> <span class='ocrx_word' id='word_1_247' title='bbox 1029 2002 1255 2043; x_wconf 85' lang='lat' dir='ltr'>civitatum</span> <span class='ocrx_word' id='word_1_248' title='bbox 1285 2001 1440 2043; x_wconf 88' lang='lat' dir='ltr'>incolis</span> 
     </span>
     <span class='ocr_line' id='line_1_35' title="bbox 80 2055 1439 2114; baseline 0.001 -16"><span class='ocrx_word' id='word_1_249' title='bbox 80 2055 307 2098; x_wconf 83' lang='lat' dir='ltr'>habendus</span> <span class='ocrx_word' id='word_1_250' title='bbox 338 2056 432 2097; x_wconf 75' lang='lat' dir='ltr'>fuit.</span> <span class='ocrx_word' id='word_1_251' title='bbox 493 2055 543 2099; x_wconf 85' lang='lat' dir='ltr'>Si</span> <span class='ocrx_word' id='word_1_252' title='bbox 572 2071 703 2111; x_wconf 86' lang='lat' dir='ltr'>porro</span> <span class='ocrx_word' id='word_1_253' title='bbox 725 2056 1052 2100; x_wconf 84' lang='lat' dir='ltr'>consideramus</span> <span class='ocrx_word' id='word_1_254' title='bbox 1083 2058 1273 2100; x_wconf 81' lang='lat' dir='ltr'>civitatis</span> <span class='ocrx_word' id='word_1_255' title='bbox 1302 2058 1439 2114; x_wconf 89' lang='lat' dir='ltr'>ipsius</span> 
     </span>
     <span class='ocr_line' id='line_1_36' title="bbox 81 2112 1437 2170; baseline 0.001 -15"><span class='ocrx_word' id='word_1_256' title='bbox 81 2112 436 2156; x_wconf 83' lang='lat' dir='ltr'>constitutionem</span> <span class='ocrx_word' id='word_1_257' title='bbox 477 2119 610 2167; x_wconf 87' lang='lat' dir='ltr'>atque</span> <span class='ocrx_word' id='word_1_258' title='bbox 650 2113 1033 2168; x_wconf 77' lang='lat' dir='ltr'>gubernationem,</span> <span class='ocrx_word' id='word_1_259' title='bbox 1075 2115 1158 2156; x_wconf 93' lang='lat' dir='ltr'>etsi</span> <span class='ocrx_word' id='word_1_260' title='bbox 1205 2115 1302 2170; x_wconf 87' lang='lat' dir='ltr'>ipsa</span> <span class='ocrx_word' id='word_1_261' title='bbox 1349 2130 1437 2156; x_wconf 89' lang='lat' dir='ltr'>non</span> 
     </span>
     <span class='ocr_line' id='line_1_37' title="bbox 57 2169 1438 2219; baseline 0.001 -7"><span class='ocrx_word' id='word_1_262' title='bbox 57 2178 153 2219; x_wconf 68' lang='lat' dir='ltr'>‚est</span> <span class='ocrx_word' id='word_1_263' title='bbox 191 2169 248 2212; x_wconf 81' lang='lat' dir='ltr'>ad</span> <span class='ocrx_word' id='word_1_264' title='bbox 288 2169 419 2211; x_wconf 85' lang='lat' dir='ltr'>trium</span> <span class='ocrx_word' id='word_1_265' title='bbox 456 2170 589 2211; x_wconf 81' lang='lat' dir='ltr'>animi</span> <span class='ocrx_word' id='word_1_266' title='bbox 618 2169 794 2211; x_wconf 82' lang='lat' dir='ltr'>humani</span> <span class='ocrx_word' id='word_1_267' title='bbox 823 2171 1078 2213; x_wconf 72' lang='lat' dir='ltr'>facultatum</span> <span class='ocrx_word' id='word_1_268' title='bbox 1109 2171 1438 2214; x_wconf 85' lang='lat' dir='ltr'>similitudinem</span> 
     </span>
     <span class='ocr_line' id='line_1_38' title="bbox 81 2224 1439 2282; baseline 0.002 -14"><span class='ocrx_word' id='word_1_269' title='bbox 81 2226 325 2282; x_wconf 80' lang='lat' dir='ltr'>composita</span> <span class='ocrx_word' id='word_1_270' title='bbox 356 2241 407 2268; x_wconf 87' lang='lat' dir='ltr'>ac</span> <span class='ocrx_word' id='word_1_271' title='bbox 440 2226 677 2281; x_wconf 84' lang='lat' dir='ltr'>descripta,</span> <span class='ocrx_word' id='word_1_272' title='bbox 720 2227 1073 2282; x_wconf 87' lang='lat' dir='ltr'>quandoquidem</span> <span class='ocrx_word' id='word_1_273' title='bbox 1113 2224 1156 2270; x_wconf 90' lang='lat' dir='ltr'>in</span> <span class='ocrx_word' id='word_1_274' title='bbox 1187 2243 1239 2270; x_wconf 83' lang='lat' dir='ltr'>ea</span> <span class='ocrx_word' id='word_1_275' title='bbox 1268 2227 1439 2272; x_wconf 89' lang='lat' dir='ltr'>deside-</span> 
     </span>
     <span class='ocr_line' id='line_1_39' title="bbox 83 2283 1439 2339; baseline 0.002 -14"><span class='ocrx_word' id='word_1_276' title='bbox 83 2289 203 2325; x_wconf 84' lang='lat' dir='ltr'>ratur</span> <span class='ocrx_word' id='word_1_277' title='bbox 231 2283 303 2325; x_wconf 91' lang='lat' dir='ltr'>ille</span> <span class='ocrx_word' id='word_1_278' title='bbox 331 2283 490 2326; x_wconf 85' lang='lat' dir='ltr'>civium</span> <span class='ocrx_word' id='word_1_279' title='bbox 520 2283 654 2337; x_wconf 80' lang='lat' dir='ltr'>ordo,</span> <span class='ocrx_word' id='word_1_280' title='bbox 686 2284 762 2338; x_wconf 89' lang='lat' dir='ltr'>qui</span> <span class='ocrx_word' id='word_1_281' title='bbox 794 2285 1014 2339; x_wconf 81' lang='lat' dir='ltr'>perfectae</span> <span class='ocrx_word' id='word_1_282' title='bbox 1045 2286 1227 2327; x_wconf 87' lang='lat' dir='ltr'>rationis</span> <span class='ocrx_word' id='word_1_283' title='bbox 1262 2301 1439 2328; x_wconf 85' lang='lat' dir='ltr'>munere</span> 
     </span>
     <span class='ocr_line' id='line_1_40' title="bbox 82 2340 1438 2399; baseline 0.004 -19"><span class='ocrx_word' id='word_1_284' title='bbox 82 2340 292 2396; x_wconf 77' lang='lat' dir='ltr'>fungitur,</span> <span class='ocrx_word' id='word_1_285' title='bbox 333 2346 477 2382; x_wconf 85' lang='lat' dir='ltr'>tamen</span> <span class='ocrx_word' id='word_1_286' title='bbox 519 2341 655 2382; x_wconf 80' lang='lat' dir='ltr'>utitur</span> <span class='ocrx_word' id='word_1_287' title='bbox 693 2341 876 2395; x_wconf 81' lang='lat' dir='ltr'>imperio</span> <span class='ocrx_word' id='word_1_288' title='bbox 906 2347 949 2383; x_wconf 82' lang='lat' dir='ltr'>et</span> <span class='ocrx_word' id='word_1_289' title='bbox 986 2342 1305 2394; x_wconf 65' lang='lat' dir='ltr'>gubernatione</span> <span class='ocrx_word' id='word_1_290' title='bbox 1343 2359 1438 2399; x_wconf 87' lang='lat' dir='ltr'>per-</span> 
     </span>
     <span class='ocr_line' id='line_1_41' title="bbox 86 2397 1439 2454; baseline 0.002 -17"><span class='ocrx_word' id='word_1_291' title='bbox 86 2397 222 2438; x_wconf 79' lang='lat' dir='ltr'>fectae</span> <span class='ocrx_word' id='word_1_292' title='bbox 265 2397 456 2439; x_wconf 85' lang='lat' dir='ltr'>civitatis</span> <span class='ocrx_word' id='word_1_293' title='bbox 498 2397 695 2454; x_wconf 84' lang='lat' dir='ltr'>regimini</span> <span class='ocrx_word' id='word_1_294' title='bbox 734 2397 863 2454; x_wconf 83' lang='lat' dir='ltr'>longe</span> <span class='ocrx_word' id='word_1_295' title='bbox 895 2398 1132 2451; x_wconf 77' lang='lat' dir='ltr'>simillima,</span> <span class='ocrx_word' id='word_1_296' title='bbox 1165 2414 1366 2454; x_wconf 85' lang='lat' dir='ltr'>quaeque</span> <span class='ocrx_word' id='word_1_297' title='bbox 1396 2401 1439 2441; x_wconf 85' lang='lat' dir='ltr'>in</span> 
     </span>
     <span class='ocr_line' id='line_1_42' title="bbox 86 2453 1440 2512; baseline 0.004 -20"><span class='ocrx_word' id='word_1_298' title='bbox 86 2453 175 2495; x_wconf 89' lang='lat' dir='ltr'>vita</span> <span class='ocrx_word' id='word_1_299' title='bbox 214 2453 435 2496; x_wconf 86' lang='lat' dir='ltr'>hominum</span> <span class='ocrx_word' id='word_1_300' title='bbox 476 2469 561 2496; x_wconf 88' lang='lat' dir='ltr'>una</span> <span class='ocrx_word' id='word_1_301' title='bbox 601 2455 694 2496; x_wconf 85' lang='lat' dir='ltr'>sola</span> <span class='ocrx_word' id='word_1_302' title='bbox 740 2455 919 2510; x_wconf 87' lang='lat' dir='ltr'>reperiri</span> <span class='ocrx_word' id='word_1_303' title='bbox 969 2461 1117 2511; x_wconf 86' lang='lat' dir='ltr'>potest</span> <span class='ocrx_word' id='word_1_304' title='bbox 1161 2457 1440 2512; x_wconf 79' lang='lat' dir='ltr'>praestantis-</span> 
     </span>
     <span class='ocr_line' id='line_1_43' title="bbox 83 2510 1437 2567; baseline 0.002 -16"><span class='ocrx_word' id='word_1_305' title='bbox 83 2510 205 2551; x_wconf 80' lang='lat' dir='ltr'>sima.</span> <span class='ocrx_word' id='word_1_306' title='bbox 272 2510 387 2552; x_wconf 84' lang='lat' dir='ltr'>Nam</span> <span class='ocrx_word' id='word_1_307' title='bbox 426 2511 642 2567; x_wconf 82' lang='lat' dir='ltr'>perfectae</span> <span class='ocrx_word' id='word_1_308' title='bbox 688 2511 869 2554; x_wconf 83' lang='lat' dir='ltr'>rationis</span> <span class='ocrx_word' id='word_1_309' title='bbox 911 2512 1028 2554; x_wconf 78' lang='lat' dir='ltr'>vices</span> <span class='ocrx_word' id='word_1_310' title='bbox 1069 2513 1112 2554; x_wconf 91' lang='lat' dir='ltr'>in</span> <span class='ocrx_word' id='word_1_311' title='bbox 1143 2528 1195 2554; x_wconf 84' lang='lat' dir='ltr'>ea</span> <span class='ocrx_word' id='word_1_312' title='bbox 1224 2514 1437 2555; x_wconf 80' lang='lat' dir='ltr'>sustinent</span> 
     </span>
     <span class='ocr_line' id='line_1_44' title="bbox 87 2566 1440 2625; baseline 0.001 -18"><span class='ocrx_word' id='word_1_313' title='bbox 87 2566 207 2622; x_wconf 87' lang='lat' dir='ltr'>leges</span> <span class='ocrx_word' id='word_1_314' title='bbox 240 2567 462 2621; x_wconf 68' lang='lat' dir='ltr'>publicae,</span> <span class='ocrx_word' id='word_1_315' title='bbox 494 2583 547 2609; x_wconf 88' lang='lat' dir='ltr'>ex</span> <span class='ocrx_word' id='word_1_316' title='bbox 579 2568 761 2610; x_wconf 84' lang='lat' dir='ltr'>rationis</span> <span class='ocrx_word' id='word_1_317' title='bbox 792 2569 909 2610; x_wconf 79' lang='lat' dir='ltr'>fonte</span> <span class='ocrx_word' id='word_1_318' title='bbox 941 2569 1122 2611; x_wconf 80' lang='lat' dir='ltr'>haustae</span> <span class='ocrx_word' id='word_1_319' title='bbox 1154 2577 1284 2625; x_wconf 85' lang='lat' dir='ltr'>atque</span> <span class='ocrx_word' id='word_1_320' title='bbox 1319 2585 1440 2625; x_wconf 72' lang='lat' dir='ltr'>repv-</span> 
     </span>
     <span class='ocr_line' id='line_1_45' title="bbox 85 2622 1434 2681; baseline 0.003 -18"><span class='ocrx_word' id='word_1_321' title='bbox 85 2622 207 2677; x_wconf 75' lang='lat' dir='ltr'>titae,</span> <span class='ocrx_word' id='word_1_322' title='bbox 239 2629 283 2664; x_wconf 77' lang='lat' dir='ltr'>ct</span> <span class='ocrx_word' id='word_1_323' title='bbox 314 2624 386 2679; x_wconf 86' lang='lat' dir='ltr'>qui</span> <span class='ocrx_word' id='word_1_324' title='bbox 419 2624 561 2680; x_wconf 77' lang='lat' dir='ltr'>legum</span> <span class='ocrx_word' id='word_1_325' title='bbox 595 2624 778 2667; x_wconf 79' lang='lat' dir='ltr'>ministri</span> <span class='ocrx_word' id='word_1_326' title='bbox 821 2625 1037 2681; x_wconf 79' lang='lat' dir='ltr'>planeque</span> <span class='ocrx_word' id='word_1_327' title='bbox 1069 2627 1180 2669; x_wconf 69' lang='lat' dir='ltr'>servi</span> <span class='ocrx_word' id='word_1_328' title='bbox 1214 2634 1317 2669; x_wconf 80' lang='lat' dir='ltr'>sunt</span> <span class='ocrx_word' id='word_1_329' title='bbox 1352 2642 1434 2668; x_wconf 83' lang='lat' dir='ltr'>ma·</span> 
     </span>
    </p>
   </div>
  </div>
 </body>
</html>
