1612 2872
241 76 322 119 DE
354 74 630 118 LEGIBUS
664 73 781 116 LIB.
816 73 899 118 ΙΙΙ.
931 71 982 114 P.
1013 74 1108 115 688.
1142 72 1207 116 St.
1339 73 1417 115 301

69 193 230 249 διέζων,
270 193 341 239 ὅτι
385 194 439 247 δή
483 211 602 252 φημι>
639 191 741 253 εὐχῇ
790 193 996 250 χρῆσθαι
1039 190 1264 251 σφαλερόν
1310 190 1421 234 εἶναι

69 265 178 307 νοῦν
212 260 271 315 μὴ
308 266 586 317 κεκτημένον,
618 258 733 302 ἀλλὰ
772 260 992 303 τάναντία
1028 267 1126 310 ταῖς
1159 257 1421 314 βουλήσεσίν

70 334 114 374 οἱ
146 333 398 384 γίγνεσθαι.
434 326 742 381 σπουδάζοντα
779 327 818 371 δ’
853 327 962 383 εΐμε
987 326 1421 383 τιθέναιβούλεσθτ,

69 400 242 441 τίθετε·
278 396 397 440 πάνυ
443 395 528 451 γὰρ
565 388 645 439 οὖν
690 397 914 451 προςδοκιῖι
953 397 1034 438 νῦν
1071 393 1189 449 ὑμᾶς
1223 392 1422 447 εὑρήσειν

70 467 130 519 τῷ
180 465 297 519 λόγῳ
343 469 606 519 ἑπομένους,
646 460 699 506 ὃν
742 461 894 518 ὀλίγον
929 465 1188 519 ἔμπροσθεν
1223 461 1422 517 προύθέ-

69 535 216 587 μεθα,
253 534 331 585 τῆς
374 534 463 575 τῶν
509 532 724 587 βασιλέων
767 547 811 573 τε
854 532 1046 590 φθορᾶς
1090 532 1163 574 καὶ
1198 527 1306 574 ὅλον
1341 530 1422 573 τοῦ

71 599 371 654 διανοήματος
415 598 468 643 οὐ
513 600 677 645 δειλίαν
714 591 853 640 οὖσαν
889 595 970 649 τὴν
1007 601 1180 649 αἰτίαν,
1214 596 1309 641 οὐδ’
1353 595 1423 641 ὅτι

69 665 124 709 τὰ
165 670 259 721 περὶ
294 663 374 709 τὸν
409 666 602 720 πόλεμον
641 663 721 709 οὐκ
755 665 1000 717 ἠπίσταντο
1037 661 1248 721 ἄρχοντές
1283 682 1328 708 τε
1349 667 1422 708 καὶ

71 731 147 784 οὓς
196 736 411 791 προςῆκεν
468 732 714 789 ἄρχεσθαι,
759 734 806 793 τῇ
851 733 984 793 λοιπῇ
1030 734 1074 776 δὲ
1120 731 1240 793 πάσῃ
1292 735 1423 788 κακίᾳ

75 804 408 860 διεφθαρμένα,
445 807 516 844 καὶ
560 798 752 856 μάλιστα
798 802 848 861 τῇ
893 802 990 855 περὶ
1026 797 1081 842 τὰ
1117 805 1298 856 μέγιστα
1334 801 1423 842 τῶν

166 965 205 998 C.
255 965 427 998 τιθέναι
464 963 706 1008 βούλεσθε]
746 965 783 997 V.
818 963 1031 1006 βούλεσθαι,
1065 966 1185 998 invitis
1215 965 1316 997 codd.
1351 965 1424 996 fere

75 1013 237 1044 omnibus
262 1013 414 1054 itemque
440 1017 520 1044 vett.
547 1012 644 1044 editt.

169 1055 246 1090 οὓς
284 1060 500 1100 προςῆκεν
541 1056 771 1101 ἄρχεσθαι]
807 1054 990 1100 προςήκειν
1025 1059 1068 1090 A.
1105 1055 1142 1089 Ω.
1168 1069 1199 1089 v.
1226 1058 1250 1089 f.
1277 1058 1311 1089 h.
1339 1068 1366 1089 r.
1395 1068 1423 1089 c.

74 1114 203 1136 ΕΙῪΟΙἙ.

76 1253 154 1284 dem
178 1252 294 1284 locum
319 1252 463 1284 omnino
494 1261 565 1283 non
590 1261 716 1284 conve-

76 1300 145 1337 nit3
163 1304 201 1330 ut
216 1298 402 1330 manifesto
424 1299 594 1330 erraverit
614 1299 718 1330 etiam

77 1345 471 1378 Winekelmannus
506 1345 550 1376 ad
582 1345 718 1386 Euthy-

76 1393 166 1424 dem.
191 1402 226 1434 p.
251 1390 304 1425 54.
349 1391 428 1422 Huc
453 1391 598 1431 accedit,
624 1391 720 1432 quod

77 1443 159 1480 post
173 1437 206 1469 εἰ
226 1437 286 1477 μὲν
310 1435 496 1478 βούλεσθε,
511 1436 615 1477 εἰμὲν
630 1434 718 1478 βού-

80 1485 135 1521 λει,
161 1482 194 1515 εἰ
213 1483 272 1523 μὲν
296 1481 468 1524 βούλεται,
491 1494 520 1515 κ.
536 1495 563 1516 τ.
582 1485 609 1515 λ.
636 1493 720 1516 con-

79 1530 187 1562 stanti
218 1541 282 1562 usu
313 1541 390 1562 cum
425 1530 539 1570 ellipsi
566 1530 719 1562 infer'tur

78 1576 111 1608 εἰ
132 1574 179 1613 δέ,
194 1582 233 1608 ut
245 1586 320 1608 eam
342 1576 507 1618 loquendi
533 1576 719 1608 formulam

76 1628 211 1655 mutare
257 1632 329 1654 non
375 1623 537 1654 videatur
582 1624 718 1655 licitum

77 1669 197 1713 fuisse.
244 1667 332 1707 Quis
356 1670 449 1700 enim
473 1670 561 1702 tales
585 1669 718 1702 formu-

77 1715 147 1753 las,
174 1725 260 1756 quas
285 1725 369 1747 usus
399 1716 569 1756 loquendi
592 1725 717 1757 perpe-

78 1766 158 1793 tuus
186 1765 353 1802 tanquam
382 1762 500 1793 sanxit
532 1767 567 1793 et
590 1762 718 1794 confir-

79 1808 200 1844 mavit,
226 1813 356 1839 temere
380 1808 512 1839 variari
531 1818 637 1848 posse
653 1809 721 1840 sibi

81 1854 312 1895 persuadeat?
345 1853 420 1884 Iam
447 1854 609 1887 conferas
635 1854 721 1885 mihi

81 1899 182 1932 talia:
216 1899 272 1931 De
303 1898 389 1941 Rep.
421 1898 451 1931 Ι.
483 1910 518 1941 p.
559 1899 641 1934 351.
679 1899 720 1932 C.

81 1946 147 1978 IV.
171 1956 205 1988 p.
232 1945 312 1980 432.
338 1946 383 1977 A.
416 1944 548 1987 Cratyl.
579 1944 613 1988 p'.
640 1945 721 1980 407.

81 1993 126 2025 D.
153 1991 313 2034 Sympos.
338 2000 372 2033 p.
403 1991 480 2026 212.
517 1990 556 2023 C.
586 1993 721 2034 Euthy-

79 2039 170 2071 dem.
198 2050 233 2080 p.
270 2038 351 2073 285.
387 2036 427 2069 C.
467 2037 655 2080 Protagor.
688 2049 721 2080 p.

67 2085 161 2124 ,348.
180 2084 227 2117 A.
248 2090 353 2127 atque
377 2085 451 2125 illa,
466 2095 554 2126 quae
579 2086 723 2126 collegit

81 2133 264 2174 diligentia
287 2133 334 2163 A.
359 2131 398 2162 M
415 2141 435 2163 a
450 2137 464 2162 t
482 2137 496 2162 t
510 2132 533 2162 h
550 2133 562 2163 i
578 2142 599 2164 a
612 2142 630 2164 e
655 2132 719 2164 Gr.

82 2177 208 2220 Gr.‘§.
246 2178 329 2219 617,
361 2182 395 2209 et
428 2178 532 2210 facile
571 2177 720 2218 videbis,

83 2224 140 2256 hic
169 2235 307 2267 quoque
337 2222 370 2256 εἰ
395 2222 432 2255 δέ
466 2225 568 2257 unice
598 2235 720 2256 verum

82 2281 171 2303 esse.

131 2314 193 2348 ὅτι
239 2311 286 2357 δή
331 2326 434 2358 φημι
475 2312 574 2357 edm}
623 2315 718 2358 κρῆ-

83 2362 207 2403 σθαι]
225 2362 514 2395 Cohaerenthaec
527 2363 722 2395 arctissime

82 2421 159 2442 cum
184 2410 407 2450 antegressis,
432 2406 517 2441 εἶδ’
537 2405 585 2441 οὖς
612 2419 719 2441 σπου·
769 2411 771 2414 ’

84 2455 286 2498 δάζων,ᾕοο
309 2465 428 2487 sensu:
452 2456 612 2488 Eadem
638 2465 717 2496 ego

82 2513 218 2542 nunc,
252 2512 359 2543 quae
409 2506 555 2542 antea,
598 2502 716 2541 dico,

82 2551 118 2583 si
143 2549 322 2591 *quidem
348 2548 498 2586 vultis,
516 2554 717 2589 tanquam

80 2596 334 2635 ludens,sin
360 2594 572 2635 minus‚ut
596 2595 717 2626 serio

82 2652 232 2684 agens,
263 2642 368 2683 quia
406 2640 585 2673 scilicet
618 2642 716 2672 dico

82 2689 288 2731 precibus
319 2687 381 2719 uti
413 2687 716 2727 periculosum

785 1260 880 1283 esse
914 1250 1086 1283 homini
1119 1256 1261 1283 mente
1292 1251 1425 1283 desti-

785 1302 1047 1339 tuto,atque
1074 1297 1310 1330 contraria
1334 1298 1427 1329 fere

785 1345 876 1386 ipsi
915 1345 1158 1385 obtingere
1194 1346 1268 1384 iis,
1318 1354 1428 1386 quae

786 1391 1080 1432 spectaverit.
1135 1391 1192 1422 Ex
1223 1401 1291 1433 qua
1321 1392 1429 1423 inter-

785 1437 984 1479 pretatione
1031 1442 1157 1479 sponte
1198 1438 1430 1478 intelligetur,

787 1484 915 1524 opinor
925 1508 934 1524 ,
982 1483 1115 1516 frustra
1160 1483 1190 1515 B
1201 1485 1251 1516 ad
1261 1484 1282 1516 h
1294 1493 1430 1516 amum

788 1529 902 1563 Praef.
933 1530 977 1562 ad
1003 1530 1156 1563 Phaedr.
1187 1541 1221 1572 p.
1259 1530 1326 1561 XI.
1351 1526 1428 1562 ἀλλ’

787 1573 808 1617 ἢ
831 1573 991 1608 τάναντία
1020 1577 1207 1618 legendum
1239 1577 1429 1614 censuisse.

785 1622 959 1655 Nimirum
1020 1627 1200 1665 postrema
1258 1623 1430 1664 indicant,

786 1679 952 1711 quorsum
975 1674 1120 1711 spectet,
1135 1670 1229 1711 quod
1252 1669 1289 1702 in
1314 1670 1428 1703 altero

785 1716 940 1748 membro
969 1716 1068 1748 addit
1099 1716 1134 1748 εἰ
1160 1711 1204 1754 δ’,
1238 1711 1286 1748 ὥς
1319 1725 1429 1748 σπου-

786 1760 907 1803 δάζων.
934 1761 1042 1795 Recte
1056 1764 1165 1804 igitur
1190 1763 1272 1795 dein
1295 1764 1445 1805 pergitz·

788 1813 1081 1843 veruntamen.
1117 1810 1153 1841 si
1194 1819 1258 1841 me
1309 1811 1430 1842 serio

789 1864 924 1895 agere
962 1864 1134 1896 ponere
1167 1856 1324 1895 vultis,
1354 1866 1431 1897 pei·

788 1911 850 1932 me
882 1900 1004 1940 licet3
1036 1902 1277 1942 reperietis
1318 1902 1431 1934 enim

789 1956 849 1978 me
873 1955 1060 1979 caussas
1086 1947 1300 1979 interitus
1322 1948 1429 1980 civi-

790 1996 934 2024 tatum
991 2002 1033 2024 re
1044 1998 1108 2025 cte
1172 1999 1430 2035 perspectas

790 2038 813 2070 h
823 2049 843 2070 a
853 2039 873 2070 b
883 2039 948 2070 uis
958 2047 974 2070 s
984 2048 1013 2070 e.
1085 2037 1263 2076 Pervertit
1315 2041 1431 2072 locum

789 2086 983 2118 miserrime
1001 2084 1173 2126 Astius,
1193 2086 1253 2129 qui
1276 2090 1358 2119 ante
1377 2083 1430 2119 ὅτι

789 2128 831 2173 δή
854 2131 957 2174 plene
981 2131 1218 2174 interpunxit,
1244 2137 1350 2174 atque
1377 2128 1428 2166 ὅτι

786 2179 1055 2219 interpretatur:
1104 2179 1219 2220 quod
1265 2180 1428 2223 attinet

788 2225 838 2257 ad
862 2225 961 2264 hoc,
985 2225 1102 2265 quod
1129 2225 1246 2263 dico,
1270 2227 1322 2259 ita
1350 2227 1426 2268 qui-

788 2271 877 2307 dem,
893 2275 931 2302 ut
955 2271 1124 2310 apodosis
1147 2272 1230 2303 inde
1256 2273 1300 2304 ab
1314 2282 1424 2305 σπου-

789 2315 933 2357 δάζοντα
948 2312 981 2347 δ’
995 2317 1079 2356 εἶ’με
1101 2316 1232 2350 τιθέναι
1247 2317 1428 2360 βούλεσθε

786 2364 1004 2396 exordiatur.

833 2409 872 2441 C.
924 2409 995 2451 τῆς
1024 2409 1105 2443 τῶν
1139 2409 1358 2451 βασιλέων
1386 2422 1425 2443 ιε

787 2455 960 2498 φθορᾶς
990 2455 1054 2498 --]
1104 2455 1355 2490 Boeckhius
1386 2459 1425 2490 in

785 2502 873 2534 Min.
901 2513 936 2544 p.
967 2501 1047 2536 172.
1079 2513 1144 2544 pro
1168 2503 1339 2544 βασιλέων
1367 2505 1419 2535 le-

785 2549 937 2589 gendum,
950 2554 1068 2581 censet
1085 2549 1270 2590 βασιλειῶν
1287 2551 1425 2583 collatis

785 2595 1026 2636 superioribus
1051 2606 1084 2636 p.
1108 2595 1186 2630 684.
1213 2598 1258 2629 A.
1285 2597 1422 2628 Verisi-

783 2642 922 2675 militer.
987 2641 1205 2684 Quamquam
1251 2643 1423 2674 librorum

783 2689 989 2730 scripturam
1012 2698 1086 2720 non
1115 2694 1284 2729 protenus
1309 2693 1423 2721 muta-
