1612 2872
405 113 488 156 DE
521 111 799 156 LEGIBUS
833 121 915 155 etc.
1208 109 1365 153 XCIX

23 245 106 287 que
145 244 198 271 ex
235 228 540 286 philosophiae
578 226 747 269 ratione
785 226 884 282 plus
916 224 1113 267 minusve
1155 223 1365 265 correctis

22 294 65 330 et
93 285 150 329 ad
178 285 408 328 consilium
437 300 562 328 suum
593 283 759 326 refictis
796 290 840 325 et
879 280 1172 326 conformatis.
1240 279 1370 322 Licet

23 344 136 387 enim
185 343 315 385 etiam
361 343 415 385 ab
454 342 551 384 aliis
593 340 952 398 legumlatoribus
990 337 1191 381 videatur
1218 344 1370 379 mutua

21 401 253 454 sumsisse,
302 415 413 455 quae
443 398 499 441 ad
528 414 619 441 rem
648 413 768 440 suam
800 397 1120 451 conducerent,
1152 393 1369 449 siquidem

21 459 116 514 ipse
152 458 289 515 Legg.
334 457 370 499 Ι.
399 473 440 514 p.
472 458 567 500 638.
607 457 662 500 A.
710 455 879 497 Locros
920 460 963 497 et
1002 453 1098 495 aliis
1139 452 1249 494 locis
1280 452 1370 494 Ae-

24 515 202 572 gyptios
231 520 461 567 memorat,
492 519 637 555 tamen
667 511 852 568 plurima
882 527 931 554 ac
961 518 1131 553 tantum
1164 524 1250 552 non
1279 524 1371 550 om-

21 574 116 627 nia,
148 586 260 627 quae
291 571 517 628 probavit,
556 569 609 611 ab
640 584 728 611 uno
767 569 951 611 maxime
981 567 1142 611 Solone
1182 565 1371 623 repetiit,

24 635 74 672 ut
101 629 298 686 profecto
328 628 499 684 Legum
530 641 643 682 opus
675 625 731 668 ad
760 624 1043 668 illustrandos
1063 639 1220 677 mores,
1251 623 1372 680 leges

23 693 69 729 et
97 686 298 728 instituta
321 684 654 727 Atheniensium
683 683 813 740 longe
845 683 905 725 sit
934 681 1210 724 utilissimum
1240 687 1372 736 atque

23 743 284 786 uberrimum
322 742 378 798 ⁷⁸²).
462 742 530 783 De
561 741 720 797 quibus
757 741 886 783 rebus
926 740 963 783 si
993 739 1090 793 quis
1122 738 1271 794 cupiat
1300 752 1373 779 ac-

23 800 215 843 curatius
246 798 443 853 edoceri,
484 798 612 841 adeat
643 798 680 841 is
709 798 813 840 item
843 796 962 840 Car.
993 796 1077 838 Fr.
1110 796 1275 838 Herm
1288 810 1372 836 an-

26 873 145 900 num
175 857 242 899 his
273 856 326 899 de
356 857 487 899 rebus
517 855 767 899 doctissime
797 859 1160 898 commentantem
1191 853 1236 894 in
1269 851 1372 894 Dis-

25 922 164 972 putat.
232 914 303 956 De
331 913 533 970 vestigiis
571 913 872 955 institutorum
910 917 1018 955 vett.
1048 910 1259 967 imprimis
1289 910 1373 952 At-

23 972 208 1016 ticorum
249 986 326 1028 per
366 971 560 1013 Platonis
599 970 653 1013 de
695 970 893 1027 Legibus
931 968 1065 1011 libros
1095 966 1372 1025 indagandis.

26 1029 251 1085 Marburg.
286 1030 408 1072 1836.
438 1032 478 1070 4.
509 1034 554 1070 et
583 1027 627 1069 in
656 1028 807 1082 „Iuris
837 1026 1064 1069 domestici
1088 1032 1131 1067 et
1150 1024 1373 1066 familiaris

26 1086 143 1143 apud
173 1085 398 1128 Platonem
435 1085 481 1127 in
510 1084 708 1142 Legibus
749 1099 846 1127 cum
872 1084 1032 1126 veteris
1063 1082 1278 1124 (iraeciae
1307 1082 1374 1122 in-

29 1159 114 1199 que
142 1143 295 1199 primis
315 1142 587 1184 Athenarum
617 1142 830 1184 institutis
852 1141 1191 1198 comparatione.
1251 1139 1374 1182 Mar-

26 1200 152 1256 burg.
185 1201 310 1241 1836.
342 1202 383 1241 4.
399 1201 428 1223 ‘⁶
488 1199 584 1242 Nos
614 1199 725 1241 enim
751 1199 903 1241 harum
932 1213 1073 1240 rerum
1104 1197 1374 1239 demonstra-

30 1258 150 1299 tione
180 1255 380 1299 videmur
407 1256 479 1299 hic
510 1272 561 1299 eo
583 1257 747 1299 rectius
771 1270 901 1313 posse
921 1254 1222 1312 supersedere,
1255 1252 1374 1309 quod

29 1329 104 1357 eas
146 1319 248 1371 post
285 1313 523 1356 Hermanni
554 1328 678 1356 curas
710 1329 790 1357 suo
821 1327 1016 1368 quasque
1046 1312 1146 1354 loco
1174 1309 1375 1354 inCom-

30 1370 250 1413 mentariis
286 1371 447 1414 nostris
487 1371 713 1428 attigimus
757 1377 800 1413 et
838 1369 1022 1413 subinde
1063 1369 1283 1426 copiosius
1324 1368 1376 1409 il-

29 1427 318 1470 lustravimus.
377 1427 475 1471 Nec
506 1443 609 1470 vero
640 1428 760 1485 leges
789 1434 957 1470 tantum
1010 1427 1142 1470 atrias
1174 1427 1219 1468 in
1252 1441 1375 1468 suam

29 1484 200 1527 induxit
229 1485 539 1541 rempublicam
568 1485 880 1542 philosophus,
914 1500 959 1528 se
1021 1485 1151 1527 etiam
1183 1483 1375 1526 moribus

31 1548 76 1584 et
110 1542 321 1584 institutis
362 1543 530 1598 patriae
569 1557 672 1586 suae
711 1543 941 1585 maximam
976 1542 1022 1584 in
1065 1557 1117 1584 ea
1156 1540 1376 1584 concessit

31 1599 118 1655 vim
156 1605 201 1641 et
241 1600 568 1655 auctoritatem,
619 1600 780 1657 quippe
826 1600 984 1655 quib'us
1031 1605 1196 1642 statuat
1234 1598 1374 1654 ipsam

32 1655 383 1714 legumlationem
422 1657 604 1699 mirifice
644 1657 864 1712 adiuvari,
915 1657 1148 1714 compleri,
1197 1655 1374 1709 firmari,

34 1713 163 1756 sicuti
194 1713 355 1756 diserte
384 1715 610 1772 professus
640 1721 707 1758 est
735 1714 858 1758 Libr.
888 1713 995 1757 VII.
1026 1731 1068 1772 p.
1092 1715 1188 1757 793.
1213 1712 1375 1756 A—D.

31 1770 107 1813 ubi
134 1785 262 1826 quam
291 1772 380 1813 vim
415 1771 579 1827 πάτρια
612 1776 687 1828 καὶῆ
715 1772 877 1826 cinyreia
909 1771 1080 1826 νόμαια
1123 1771 1167 1813 in
1200 1770 1378 1813 civitate

33 1826 245 1881 habeant,
283 1829 506 1883 praeclare
545 1830 798 1885 exponitur3
846 1829 951 1871 item
1000 1829 1122 1872 Libr.
1160 1827 1294 1870 VIII.
1332 1842 1377 1883 p.

39 1884 135 1926 838.
166 1882 216 1925 C.
246 1883 330 1926 IX.
372 1900 416 1940 p.
449 1886 546 1928 857.
584 1887 637 1928 E.
675 1886 757 1929 VI.
796 1902 839 1943 p.
872 1887 967 1930 766.
1008 1890 1064 1928 A.
1093 1885 1155 1927 ΙΙ.
1196 1886 1292 1929 664.
1320 1890 1377 1927 A.

36 1939 253 1982 Nimirum
291 1955 372 1997 per
405 1947 545 1984 totum
585 1958 696 1999 opus
734 1943 807 1985 ille
844 1943 891 1985 id
930 1943 1044 1999 egit,
1094 1952 1144 1984 ut
1180 1941 1379 1986 Graecus

36 1994 218 2040 Graecis
247 1997 477 2054 scripsisse
505 1997 749 2055 videretur,
786 2015 874 2041 non
904 1999 998 2042 aliis
1035 1998 1227 2056 populis,
1257 1998 1379 2042 ideo·

36 2067 120 2108 que
159 2053 280 2112 leges
320 2061 585 2112 proponeret
624 2071 723 2111 eas,
769 2071 882 2112 quae
924 2071 1059 2111 quum
1106 2057 1151 2098 in
1191 2055 1379 2099 Graecia

38 2117 191 2166 sponte
221 2126 275 2154 ex
303 2112 452 2155 nativa
480 2113 742 2170 populorum
771 2113 941 2167 indole,
983 2114 1163 2168 virtute,
1202 2113 1378 2172 ingenio

40 2166 225 2224 denique
263 2168 455 2226 prodiise
494 2170 770 2226 viderentur,
808 2177 902 2213 tum
940 2171 1126 2228 sapienti
1164 2177 1378 2229 tempera—

40 2230 184 2267 mento
211 2225 386 2268 iunctae
418 2232 485 2281 et,
525 2228 664 2271 sicubi
705 2243 815 2284 opus
858 2234 1008 2282 esset,
1042 2228 1296 2271 emendatae
1336 2236 1380 2272 et

38 2282 256 2337 perfectae
293 2283 482 2328 civitatis
521 2286 921 2342 praestantissimae
960 2285 1184 2329 efficerent
1224 2286 1378 2344 imagi-

87 2420 119 2462 ’)
169 2418 262 2458 Qm‘n
287 2420 391 2453 etiam
413 2420 562 2455 subinde
585 2421 631 2454 ad
656 2423 803 2455 usitatas
826 2423 922 2466 leges
950 2429 1139 2467 provocat,
1172 2425 1222 2457 ita
1246 2428 1285 2456 ut
1315 2434 1378 2456 no-

178 2466 233 2498 vis
262 2466 398 2508 legibus
427 2468 467 2499 in
496 2469 637 2501 civitate
668 2479 732 2501 sua
763 2479 835 2501 non
865 2480 953 2513 opus
990 2472 1055 2513 sit,
1093 2471 1268 2512 siquidem
1307 2480 1380 2503 ma-

179 2511 382 2552 gistratibus
412 2514 535 2558 liceat,
567 2516 596 2547 si
631 2525 700 2556 qua
721 2520 848 2557 urgeat
869 2519 1078 2559 necessitas,
1109 2517 1155 2551 ad
1184 2518 1264 2550 illas
1296 2526 1379 2550 con-

178 2557 309 2600 fugere.
354 2558 405 2592 Ut
427 2570 532 2602 quum
555 2561 654 2594 Libr.
681 2561 776 2595 vm.
799 2573 834 2604 p.
862 2562 940 2598 543.
964 2564 1006 2599 E.
1031 2569 1066 2597 et
1088 2565 1169 2600 844.
1194 2564 1238 2596 Ε.
1263 2568 1382 2596 censet

179 2603 440 2648 ‹le-aquatione
470 2611 504 2639 et
534 2608 706 2640 similibus
738 2608 841 2642 rebus
870 2620 981 2644 novas
1016 2611 1113 2653 leges
1141 2620 1213 2643 non
1244 2620 1321 2642 esse
1344 2610 1381 2641 in

181 2652 356 2691 praesenti
380 2652 582 2687 scribendas
607 2659 641 2686 et
670 2666 704 2697 p.
729 2653 807 2690 846.
833 2655 879 2693 D.
910 2657 1007 2690 iubet
1038 2658 1072 2689 in
1099 2657 1215 2691 dubiis
1241 2657 1382 2690 casibus

178 2696 327 2730 aliorum
349 2698 446 2740 leges
470 2702 642 2742 respicere
669 2707 701 2733 et
726 2702 866 2735 imitari.

1022 2758 1061 2800 G
1095 2760 1114 2780 ⁸
