1612 2872
231 130 482 173 LXXVIII
645 126 1075 170 PROLEGOMEN
1083 131 1121 168 A

231 257 255 282 a
281 239 514 282 meditandi
559 246 602 281 et
639 236 954 279 commentandi
979 237 1210 279 'altitudine
1239 237 1312 279 illa
1342 253 1391 280 ac
1422 238 1551 280 subli-

231 298 377 338 mitate
422 293 698 336 descendisse
733 291 963 346 aliquando
1003 292 1057 334 ad
1099 307 1238 334 rerum
1275 293 1551 335 humanarum

230 367 352 394 usum
394 363 437 391 et
466 348 832 391 consuetudinem.
890 348 1003 389 Nam
1042 354 1134 389 tum
1165 348 1335 402 quidem
1365 350 1448 391 sibi
1477 364 1553 404 per

230 408 560 462 longinquorum
600 418 650 445 ac
687 403 985 444 diuturnorum
1017 403 1217 445 itinerum
1254 406 1550 459 opportunita-

229 470 314 503 tem
352 461 553 502 maiorem
595 474 733 501 rerum
778 459 968 500 civilium
1014 459 1209 500 notitiam
1255 468 1383 514 atque
1427 474 1551 501 usum

229 517 483 572 collegerat3
531 521 621 556 tum
664 520 926 570 cognoverat
965 528 1015 555 ac
1054 514 1265 556 didicerat
1302 515 1550 568 certissime,

230 578 437 626 quantum
479 570 568 611 vita
611 571 851 612 mortalium
899 570 1132 612 communis
1171 571 1224 612 ab
1263 567 1336 611 illa
1374 570 1554 613 distaret

229 626 504 668 excellentiae
533 625 683 678 laude,
724 640 832 680 quae
876 625 943 666 vel
973 626 1153 667 maxime
1183 625 1402 667 videretur
1430 632 1552 682 opta—

230 683 348 735 bilis,
387 681 518 735 idque
557 681 688 722 dubio
725 680 876 737 procul
915 687 1108 723 senserat
1146 696 1196 722 eo
1227 682 1391 736 acrius,
1435 681 1552 736 quod

228 738 533 792 rempublicam
564 737 679 778 illam
709 736 907 778 omnibus
936 737 1121 778 numeris
1159 738 1390 792 perfectam
1412 738 1552 779 animo

229 800 358 848 atque
409 798 550 834 mente
595 792 920 842 informaverat3
967 798 1057 833 tum
1102 807 1196 833 eum
1243 799 1360 834 aetas
1410 794 1552 849 ingra-

230 863 407 890 vescens
450 863 475 889 a
505 847 837 903 philosophandi
875 847 1138 889 sublimitate
1169 853 1213 889 et
1239 847 1419 890 audacia
1445 863 1554 890 non·⁴

228 904 331 946 nihil
371 918 551 945 avocare
589 909 759 958 poterat
797 909 1110 957 avocatumque
1139 903 1366 945 traducere
1399 903 1453 945 ad
1482 918 1552 945 ea-

228 975 320 1001 rum
359 974 500 1001 rerum
531 959 952 1013 contemplationem,
985 974 1093 1013 quae
1131 959 1175 1000 in
1216 960 1313 1013 ipsa
1349 960 1437 1001 vita
1474 959 1552 1001 hu-

227 1030 353 1056 mana
394 1019 627 1056 cernuntur
663 1020 706 1055 et
732 1029 817 1055 non
855 1014 909 1054 ad
947 1014 1102 1056 mentis
1132 1015 1338 1057 iudicium
1367 1021 1551 1069 tantum,

228 1085 374 1112 verum
414 1071 541 1111 etiam
581 1068 636 1110 ad
679 1084 881 1111 sensuum
931 1070 1275 1112 observationem
1313 1072 1552 1127 pertinent;

227 1133 318 1168 tum
363 1125 548 1180 denique
591 1125 718 1166 etiam
748 1125 862 1166 vitae
892 1139 1056 1167 summa
1082 1126 1246 1179 brevis,
1287 1141 1395 1181 quae
1439 1132 1554 1168 esset

228 1182 415 1236 reliqua,
458 1181 599 1237 ipsum
629 1180 881 1223 hortabatur
910 1187 955 1222 et
983 1183 1298 1235 commonebat,
1327 1188 1376 1224 ut
1406 1196 1551 1236 quem-

226 1236 456 1279 admodum
498 1243 625 1278 antea
661 1236 911 1278 mortalibus
954 1236 1140 1278 divinam
1185 1237 1308 1292 quasi
1337 1238 1553 1279 civitatem

226 1293 490 1335 ostendisset
517 1293 561 1333 in
589 1292 676 1334 alto
706 1291 983 1346 collocatam,
1021 1292 1082 1333 ita
1111 1308 1225 1335 nunc
1253 1292 1404 1335 iisdem
1433 1308 1553 1335 mon-

225 1354 381 1390 straret
408 1350 545 1401 viam,
588 1362 674 1402 qua
705 1347 761 1388 ad
789 1347 904 1389 illius
933 1349 1237 1402 praestantiam
1269 1363 1319 1390 ac
1347 1349 1550 1390 virtutem

225 1405 261 1446 si
291 1419 378 1446 non
408 1403 645 1459 perveniri,
685 1409 729 1444 at
766 1413 879 1445 certe
909 1403 1119 1445 elaborari
1147 1409 1191 1445 et
1220 1404 1420 1446 contendi
1450 1419 1550 1460 pos-

226 1465 313 1510 set3
357 1459 474 1514 quod
515 1473 670 1500 munus
710 1458 792 1514 ipsi
832 1460 1027 1513 prolecto
1066 1459 1193 1516 longe
1232 1460 1460 1502 maximum
1502 1474 1552 1502 ac

225 1515 436 1570 dignitate
476 1515 770 1570 plenissimum
809 1513 945 1556 videri
974 1514 1134 1556 debuit.
1194 1515 1348 1569 Itaque
1378 1515 1552 1557 demon-

226 1571 350 1613 strari
391 1571 426 1613 si
467 1585 553 1625 qua
591 1570 756 1611 ratione
795 1570 975 1625 poterit,
1026 1571 1195 1626 Legum
1234 1586 1342 1625 opus
1387 1586 1412 1612 a
1451 1585 1552 1612 sene

223 1627 402 1668 Platone
431 1626 584 1668 litteris
615 1626 913 1681 consignatum
944 1640 1060 1680 esse,
1105 1633 1220 1667 certe
1250 1627 1390 1668 minus
1424 1627 1551 1668 etiam

224 1696 401 1724 caussae
440 1682 543 1734 erit,
584 1696 660 1723 cur
699 1681 794 1735 quis
835 1680 943 1722 illud
989 1682 1042 1723 ab
1083 1681 1220 1736 ipsius
1267 1682 1439 1737 ingenio
1478 1687 1554 1723 aut

224 1737 380 1779 studiis
420 1737 647 1779 abhorrere
687 1736 909 1778 existimet.
976 1739 1073 1792 Age
1113 1737 1246 1793 igitur
1275 1737 1385 1778 hanc
1413 1737 1551 1791 ipsam

224 1808 312 1835 rem
351 1793 621 1847 exquiramus
663 1792 929 1847 diligentius,
971 1791 1181 1846 siquidem
1221 1798 1339 1834 certo
1380 1807 1551 1848 sperare

223 1850 325 1891 licet
362 1849 489 1891 huius
531 1848 796 1902 quaestionis
833 1848 1018 1901 aliquem
1062 1849 1246 1890 fructum
1288 1849 1391 1890 fore.
1462 1849 1551 1890 De—

222 1905 454 1947 monstrari
493 1905 604 1945 enim
641 1903 767 1945 nobis
806 1903 1097 1959 persuasimus
1137 1904 1385 1946 certissimis
1423 1918 1550 1960 argu-

222 1961 376 2002 mentis
414 1974 564 2015 posse,
604 1959 828 2000 Platonem
865 1959 1015 2013 utique
1053 1959 1259 2015 grandem
1296 1959 1380 2001 iam
1411 1965 1550 2001 aetate

224 2016 279 2057 ad
308 2017 477 2072 Legum
508 2015 782 2071 scriptionem
813 2015 1057 2057 accessisse.

334 2072 468 2113 Extat
496 2086 598 2113 vero
628 2071 672 2112 in
701 2070 806 2126 ipsis
835 2070 1028 2126 Legibus
1053 2070 1337 2111 certissimum
1367 2070 1457 2111 eius
1487 2069 1547 2110 rei

222 2127 530 2180 testimonium,
566 2126 682 2180 quod
721 2141 771 2167 eo
815 2131 881 2168 est
917 2125 1080 2167 firmius
1120 2131 1248 2179 atque
1289 2124 1546 2177 evidentius,

222 2182 342 2236 quod
381 2182 493 2223 idern
523 2183 652 2223 etiam
688 2181 782 2223 aliis
819 2182 947 2223 rebus
975 2196 1061 2222 non
1090 2181 1240 2237 paucis
1272 2181 1549 2222 confirmatur

222 2243 350 2292 atque
391 2238 618 2279 stabilitur.
698 2236 1066 2279 Commemoratur
1104 2237 1215 2277 enim
1256 2236 1391 2278 Libro
1430 2236 1466 2277 I.
1504 2251 1545 2290 p.

222 2294 316 2335 638.
355 2294 411 2335 A.
451 2293 632 2334 victoria
677 2292 1029 2349 Syracusiorum‚
1074 2291 1157 2333 hoc
1206 2298 1295 2345 est,
1345 2291 1546 2347 Dionysii

221 2349 422 2401 minoris⁷
464 2347 517 2389 de
555 2348 861 2390 Locrensibus.
920 2347 1045 2400 Quae
1076 2346 1247 2401 quidem
1273 2346 1455 2388 victoria
1482 2348 1547 2387 in-

223 2404 330 2447 cidit
368 2405 413 2446 in
445 2402 618 2459 Olymp.
661 2403 782 2445 CVI.
818 2407 852 2446 1.
883 2404 973 2445 sive
1003 2417 1160 2444 annum
1189 2404 1282 2444 356.
1315 2408 1413 2444 ante
1444 2401 1545 2443 Chr.

222 2475 263 2502 n.
305 2460 434 2503 sicuti
471 2458 732 2500 arbitrantur
762 2458 1061 2501 Bentleius
1091 2458 1305 2512 Respons.
1334 2458 1389 2498 ad
1419 2457 1545 2513 Boyl.

219 2531 260 2572 p.
303 2518 397 2559 343.
439 2514 506 2556 ed.
547 2514 602 2555 Li
636 2528 668 2556 s.
710 2520 753 2556 et
794 2514 1071 2557 Boekhius
1109 2513 1154 2554 in
1183 2513 1294 2556 Min.
1336 2518 1378 2555 et
1406 2514 1544 2568 Legg.

221 2588 262 2628 p.
294 2574 376 2627 73„
407 2571 469 2613 ita
498 2575 547 2610 ut
576 2530 881 2626 pbilosophus‚
914 2585 998 2624 quo
1026 2574 1219 2623 tempore
1250 2569 1356 2610 haec
1385 2568 1546 2623 scripta

222 2634 342 2678 sunt,
371 2640 536 2669 annum
586 2624 736 2666 aetatis
785 2627 872 2668 fere
920 2624 1279 2679 septuagesimum
1347 2629 1543 2678 quartum
