1612 2872
244 101 328 146 DE
360 97 636 144 LEGIBUS
667 97 787 142 LIB.
818 97 879 141 ΙΙ.
910 97 958 138 P.
993 97 1087 140 653.
1123 94 1187 139 St.
1320 95 1398 136 151

0 243 3 282 Ι
54 220 238 282 θεοῖς],
276 237 350 264 και
381 217 573 269 Μούσας
607 215 865 261 Ἀπόλλωνά
911 231 957 259 τε
1002 218 1279 271 μουση)έτην
1325 215 1400 256 καὶ

55 290 270 336 Διόνυσον
297 284 621 343 ξυνεορταστὰς
655 287 832 335 ἔδοσαν,
866 282 915 327 ἴν
945 283 1295 338 ἐπανορθῶνται
1318 278 1400 331 τὰς

55 355 228 418 τροφὰς
260 358 498 411 γενομένας
530 358 576 397 ὲν
611 361 708 404 ταῖς
745 356 920 409 ἑορταῖς
953 349 1062 407 μετὰ
1100 351 1238 393 θεῶν.
1283 346 1398 407 ὁρᾶν

53 568 198 591 mannus
220 557 352 590 effinxit
377 556 435 590 τάς
459 568 496 600 γε
522 555 662 599 τροφάς,
687 553 778 597 quod
807 563 989 597 penperam
1016 553 1284 595 interpretatur·
1321 549 1396 584 ali·
1434 591 1435 594 Ἴ

53 608 193 638 ments
218 607 348 635 nerte.

142 642 1231 703 dvzacceopraas-JABfflQvshracsso
1265 641 1398 675 ἑνιαῖς

51 695 185 738 ἑορταῖς
211 692 292 749 μετιά
321 694 417 726 θεῶν
452 690 537 736 ὁρᾶν
561 691 582 725 ἃ
605 691 685 735 χρή·
718 689 876 733 πότερον.
909 690 1110 723 Schneider.
1148 690 1260 723 dedit:
1293 689 1397 721 θεῶν.

54 739 140 786 όρᾷν
169 740 190 775 ἃ
213 739 275 784 χρὴ
301 738 449 783 πότερον
478 740 548 772 κτλ.
578 740 758 783 vulgatam
784 741 902 770 tuetur
925 737 1019 771 Flor
1047 747 1075 771 c.
1102 738 1133 770 in
1161 746 1269 778 marg.

53 907 108 935 tur
157 896 313 944 penitus,
361 905 540 944 praeterea
585 899 687 932 etism

53 947 147 981 uliud
180 947 258 989 quid
293 947 499 980 observasse
537 956 604 978 non
638 946 688 978 in-

52 994 136 1027 utile
160 995 236 1026 erit.
270 993 426 1027 Positum
454 994 539 1026 enim
568 1002 688 1025 nomen

52 1040 262 1072 abstractum
282 1045 336 1073 est
361 1051 422 1082 pro
442 1042 617 1079 concreto,
641 1038 686 1070 si-

50 1086 185 1128 quidem
215 1098 278 1123 τας
301 1089 367 1118 τῶν
392 1086 516 1128 ἔαρ-των
544 1081 691 1126 α’μοιβάς

51 1131 177 1164 dicitur
207 1132 274 1172 sic,
306 1136 344 1164 ut
376 1132 466 1164 idem
501 1132 546 1164 sit
577 1130 689 1172 quod·

50 1175 112 1216 τὰς
146 1175 267 1219 ἑορτὰς
310 1174 428 1221 αμειβο
430 1180 551 1221 μένας,
590 1176 622 1209 ΙΙ.
659 1187 689 1209 e.

52 1224 148 1257 dies
180 1224 324 1256 festos
357 1224 691 1256 constituerunt

52 1270 90 1302 in
135 1269 341 1303 honorem
380 1270 558 1303 deorum
596 1279 688 1311 per-

53 1319 180 1359 petus
205 1326 302 1349 sese
328 1316 603 1358 excipientes
627 1315 687 1347 vi-

53 1361 327 1396 cissitudine.
362 1361 564 1394 Cuiusmodi
590 1371 686 1394 usum

53 1407 214 1450 loquendi
238 1408 272 1440 in
297 1406 346 1440 his
364 1409 455 1441 libris
471 1409 687 1450 frequentem

51 1454 115 1487 ism
141 1454 183 1486 nd
208 1454 284 1486 libr.
313 1455 336 1486 1.
363 1466 395 1497 p.
422 1454 500 1490 625.
529 1454 612 1486 [LC.
639 1458 689 1486 at·

51 1500 202 1543 tigimns.
258 1500 326 1533 lam
364 1511 448 1534 vero
489 1499 578 1533 istud
619 1503 690 1536 τοῖς

53 1549 172 1586 θεοῖς,
204 1547 298 1588 quod
322 1547 536 1580 subiunctum
573 1545 689 1587 habes,

51 1592 117 1625 etsi
143 1602 186 1625 ex
212 1589 272 1628 τὰς
296 1595 364 1624 τῶν
387 1593 514 1636 ἑορτῶν
538 1588 690 1634 α’μοιβὰς

52 1643 169 1681 aptum
202 1649 280 1671 esse
314 1649 356 1671 ac
384 1639 688 1681 suspensumuiti-

50 1694 117 1727 que
142 1688 270 1727 potest,
295 1684 572 1727 quandoquidem
600 1683 687 1716 dati-

51 1741 113 1764 vus
146 1730 294 1763 indicare
326 1735 443 1774 potest
471 1730 544 1763 dies
577 1731 688 1763 festos

52 1778 85 1810 in
125 1775 326 1809 honorem
363 1776 539 1809 deorum
582 1777 687 1810 alter-

51 1828 194 1862 nantes,
226 1826 342 1855 tamen
372 1832 474 1864 quum
503 1822 689 1865 praecedat

53 1867 136 1901 θεοὶ
159 1868 196 1901 δέ
218 1873 253 1900 et
277 1878 358 1901 mox
382 1868 495 1900 denuo
523 1872 688 1910 sequatur

52 1911 138 1958 μετὰ
165 1915 266 1951 θεῶν,
290 1913 378 1946 adeo
401 1913 484 1946 illud
503 1917 685 1947 molestum

52 1959 194 2000 accidit,
232 1964 270 1992 ut
300 1959 437 1993 aliunde
466 1960 625 1992 videatur
654 1959 687 1992 in

52 2005 205 2039 Platonis
215 2006 582 2039 orationeminvectum
601 2016 688 2039 esse.

51 2051 187 2092 Fluxit,
217 2053 358 2094 opinor,
391 2063 434 2085 ex
463 2053 688 2096 glossemate,

75 2097 142 2131 uod
189 2098 311 2140 aliquis
342 2098 595 2142 adscripserst‚
632 2098 688 2141 qui

42 2141 200 2188 «αμοιβάς
229 2149 366 2187 putaret
390 2155 469 2179 esse
496 2154 688 2178 remune-

51 2190 261 2223 rationes.
286 2191 689 2224 Etomittitcerteetiam

53 2235 262 2268 Clemens
291 2238 341 2269 ΑΙ.
369 2237 427 2274 ΙΙΙ.
483 2237 592 2272 .186.
621 2236 691 2269 Eii-

53 2280 171 2314 cienda
197 2282 298 2315 verba
313 2284 436 2316 statuit
458 2284 560 2317 etiam
583 2283 690 2316 Boe-

53 2326 212 2361 ckhius.
259 2328 419 2384 Ceterum
459 2330 551 2373 quod
587 2329 688 2362 codd.

53 2374 191 2429 quidam
217 2372 341 2407 habent
365 2374 425 2414 τάς
448 2387 495 2408 τε
524 2388 590 2409 των
613 2376 688 2417 ἑορ-

54 2422 120 2451 τῶν
142 2415 215 2475 α’μ.,
243 2419 276 2451 id
303 2430 419 2454 errore
441 2426 581 2455 natum:
600 2421 686 2455 Nam

54 2464 152 2520 ipsas
175 2461 322 2507 α’μοιβὰς
344 2470 409 2499 τῶν
432 2468 557 2511 ἑορτῶν
577 2478 686 2510 appa-

53 2515 107 2543 ret
130 2506 331 2551 ἆναπαόλας
347 2516 410 2545 τῶν
430 2512 541 2546 πόνων
565 2515 684 2557 appel·

53 2556 115 2589 lari
151 2565 261 2599 neque
284 2558 328 2591 ab
358 2557 407 2593 his
438 2559 599 2604 distingui
629 2563 688 2593 sut

54 2602 196 2635 secerni.

96 2647 165 2680 καὶ
216 2646 402 2687 Μούσας
451 2647 686 2684 Ἀπόλλωνά

54 2705 95 2727 τε
120 2694 189 2737 -]
238 2694 309 2728 Cur
332 2695 454 2739 Musis,
481 2699 625 2740 Apollini
652 2702 685 2730 et

758 897 894 932 Baccho
918 898 985 930 hoc
1010 905 1130 929 munus
1155 895 1317 928 tributum
1335 894 1395 936 sit,

756 942 1398 1031 fizz³⁸fflsssgga¹¹¹tt¹pzzi22''5323'ss

759 1038 932 1080 Hugius
957 1035 1103 1079 Mythol.
1131 1033 1335 1068 Untersuch.
1362 1045 1394 1076 p.

757 1084 824 1119 229
846 1093 920 1125 sqq.
952 1083 1139 1115 Praeterea
1168 1080 1259 1114 conf.
1276 1080 1396 1114 Hom.

756 1128 857 1164 lund.
890 1129 918 1163 1.
945 1128 1011 1163 603
1037 1139 1112 1171 sqq.
1143 1127 1270 1169 Odyss.
1299 1126 1395 1160 Vni.

756 1176 827 1212 488
856 1186 931 1218 sqq.
958 1175 1082 1217 Hymn.
1114 1174 1146 1206 in
1179 1174 1332 1216 Apollin.
1364 1183 1395 1205 v,

758 1223 824 1258 146
839 1233 912 1264 sqq.
932 1223 1009 1257 eon.
1027 1219 1215 1262 Thucyd.
1230 1220 1301 1252 111.
1316 1218 1394 1254 104.

756 1270 828 1312 Orp
832 1268 862 1303 Ιι.
885 1269 1009 1309 Hymn.
1024 1267 1189 1300 XXXlV.
1214 1276 1246 1299 v.
1263 1266 1295 1301 6.
1314 1266 1396 1299 Lu-

756 1317 863 1349 cian.
915 1314 964 1347 De
988 1314 1113 1346 Saltst.
1139 1315 1170 1355 §-
1196 1312 1250 1348 16.
1276 1311 1394 1346 Schol.

756 1362 798 1395 ad
825 1360 922 1394 Pind.
950 1359 1048 1402 Pyth.
1087 1360 1129 1394 V.
1153 1358 1212 1394 24.
1246 1370 1278 1403 p.
1311 1359 1392 1394 378

755 1407 809 1443 ed.
834 1405 987 1440 Boeckh.

802 1496 856 1531 ἵν’
892 1497 1302 1541 ἔπανορθῶνται-]
1326 1498 1394 1532 Int.

756 1547 791 1580 οἱ
812 1546 1006 1586 ἅνθρωποι.
1044 1544 1124 1579 Quo
1148 1555 1218 1578 non
1242 1544 1396 1578 animad-

757 1603 858 1626 verso
900 1592 1018 1629 critici.
1053 1591 1262 1635 subiectum,
1300 1591 1395 1634 quod

757 1639 900 1679 dicitur,
931 1638 965 1669 οἱ
998 1638 1080 1670 θεοί
1110 1647 1189 1671 esse
1222 1641 1395 1680 putantes,

757 1687 871 1719 locum
889 1685 1016 1717 misere
1037 1683 1276 1718 sollicitarunt.
1303 1683 1390 1718 Nam

755 1732 787 1765 in
818 1731 939 1764 multis
970 1729 1071 1764 codd.
1102 1732 1268 1773 scriptum
1300 1730 1390 1773 legi-

754 1782 822 1811 tur:
853 1777 888 1809 ἔν
910 1780 986 1813 ταῖς
1009 1777 1159 1819 ἑορταῖς,
1183 1774 1268 1816 μετά
1294 1779 1391 1810 θεῶν

755 1822 842 1864 δρᾶν
857 1820 881 1855 εἳ
895 1821 976 1867 χρή,
1000 1823 1066 1854 κτλ.
1092 1823 1164 1856 Alii
1182 1820 1269 1865 μετά
1288 1825 1392 1856 θεῖον

753 1869 937 1910 legendum
955 1873 1128 1912 putarunt,
1155 1868 1283 1911 deque
1303 1869 1391 1902 scri-

754 1920 856 1957 ptura
897 1925 929 1949 V.
968 1914 1175 1948 Moshem.
1212 1915 1256 1947 ad
1295 1914 1390 1947 end-

755 1960 874 1993 worth.
900 1960 994 2002 Syst.
1022 1960 1085 1992 lnt.
1121 1961 1165 1993 T.
1190 1961 1238 1993 11.
1265 1972 1299 2003 p.
1322 1961 1393 1996 837

756 2017 808 2049 sq.
847 2007 898 2039 At
921 2007 1095 2039 enimvero
1131 2017 1174 2039 ne
1202 2007 1391 2040 litterulam

755 2051 890 2095 quidem
917 2053 998 2085 loco
1023 2052 1226 2086 movendam
1248 2053 1391 2087 arbitra-

756 2108 843 2132 mur.
885 2098 1098 2132 Pulcerrima
1133 2099 1220 2132 enim
1245 2099 1336 2132 inest
1359 2101 1392 2133 in

756 2143 806 2177 his
830 2144 943 2178 verbis
958 2146 1146 2178 sententiaa
1170 2145 1242 2178 Dii
1259 2144 1396 2180 homi-

756 2190 882 2224 nibus
936 2191 1152 2224 festorum
1202 2191 1390 2227 dierum

756 2236 1091 2270 constituerunt
1112 2238 1388 2272 vicissitudi-

756 2293 847 2324 neS,
871 2287 916 2316 ut
940 2282 977 2316 hi
1003 2277 1387 2319 educationem'si-

756 2329 795 2362 bi
821 2330 1158 2363 convenientem
1191 2340 1264 2374 per
1287 2332 1386 2365 illos

756 2375 933 2409 deorum
967 2376 1132 2410 auxilio
1171 2379 1387 2421 corrrige-

755 2425 851 2454 rent
886 2425 929 2455 et
960 2422 1251 2458 emendarent.
1298 2423 1385 2458 Nam

753 2466 840 2511 μετὰ
874 2471 968 2501 θεῶν
991 2473 1045 2502 est
1079 2469 1164 2502 diis
1201 2470 1386 2503 iuvanti-

755 2515 843 2551 bus,
869 2524 896 2547 s.
923 2524 1004 2558 ope
1035 2519 1076 2549 et
1099 2516 1261 2550 auxilio
1287 2516 1384 2550 deo-

754 2569 860 2600 rum3
890 2559 934 2594 de
964 2571 1033 2603 quo
1064 2571 1126 2594 usu
1157 2562 1320 2604 loquendi
1350 2574 1383 2598 v,

753 2615 839 2648 quos
852 2606 1003 2641 laudavit
1018 2607 1231 2642 Matthiae
1244 2609 1305 2643 Gr.
1324 2608 1383 2642 Gr.

754 2651 783 2694 ξ.
800 2652 899 2689 587.ε
926 2654 1076 2696 pertinet
1093 2658 1207 2687 autem
1221 2665 1274 2693 eo,
1290 2655 1384 2697 quod

753 2698 816 2740 ipsi
842 2698 886 2733 dii
901 2699 934 2733 in
949 2701 1065 2734 talium
1086 2701 1255 2734 festorum
1270 2702 1384 2734 socie-
