1612 2872
259 105 338 144 452>
727 106 857 144 PLA
874 105 908 145 T
925 105 1096 146 ONJS

260 223 402 272 μένοις
437 222 541 272 μηδὲ
579 222 623 259 ἓν
660 222 897 274 πρυςδιδῷς
947 221 1153 274 καθάπερ
1193 223 1341 275 ἰατρὸς
1379 225 1420 265 δὲ
1458 239 1520 273 τις
1557 223 1582 265 ὸ

259 289 335 338 μὲν
384 283 541 333 οὕτως,
588 283 611 325 ὁ
650 283 686 325 δ’
728 289 893 334 ἐκείνως
929 285 1042 339 ἡμᾶς
1066 287 1234 328 ,εἴωθεν
1266 286 1470 331 ἑκάστοτε
1504 294 1582 331 He-

260 349 476 404 ραπεύειν,
514 375 573 381 ›·——<
611 349 1045 406 ἀναμιμνῃσκώμεθα
1082 355 1125 394 δὲ
1164 350 1242 394 τὸν
1278 352 1447 406 τρόπον
1483 355 1582 396 ἑκά-

262 433 395 469 τερον,
434 419 504 456 ἵνα
546 418 622 456 τοῦ
661 420 910 469 νομοθέτου
945 418 1161 471 δεώμεθα,
1193 419 1403 473 καθάπερ
1426 423 1580 474 ἰατροῦ

259 486 425 525 δέοιντο
462 479 520 522 ἂν
551 485 699 532 παῖδες
746 482 819 526 τὸν
858 483 1108 537 πραότατον
1141 483 1281 527 αὐτὸν
1316 485 1582 540 θεραπεύειν

261 546 427 602 τρόπον
462 547 654 598 ἑαυτούς.
691 547 785 590 οἷον
830 549 880 601 δὴ
921 553 960 591 τί
998 554 1194 603 λέγομεν;

1240 554 1317 592 εἰσί
1353 552 1438 595 πού
1453 572 1457 573 ’
1472 569 1584 602 τινες

348 675 388 708 Ρ..
422 675 496 709 720.
528 674 706 716 μηδέἒν
739 676 977 719 προεδιδςῆ]
1013 678 1128 721 steph.
1163 678 1284 720 μηδὲν,
1316 682 1386 711 siue
1417 690 1582 712 consensu

260 722 426 754 codicum.

258 811 328 842 bari
357 815 535 852 oportere,
578 810 748 852 siquidem
784 811 884 843 verba

259 858 323 888 hoc
371 855 475 888 modo
523 856 681 898 explicari
727 861 885 898 possunt:

258 901 405 933 Utrum
437 900 572 942 igitur
612 902 680 943 qui
715 903 888 941 legibus

257 946 451 978 ferendis
475 946 726 987 praefectus
746 952 814 979 est
835 957 888 978 se—

254 1001 300 1023 se
326 990 543 1024 existimet
574 991 683 1024 nihil
711 993 752 1023 in
780 993 889 1034 priu—

257 1038 376 1078 cipio
399 1047 537 1069 earum
557 1036 742 1078 praefari
767 1047 890 1079 opor·

257 1088 348 1114 tere
373 1093 400 1114 s.
428 1082 533 1114 nihil
560 1083 753 1124 praefari
786 1083 885 1114 velit

258 1132 319 1159 ctr.
346 1129 395 1159 At
411 1127 496 1160 enim
516 1138 594 1160 vero
609 1129 787 1168 quominus
803 1127 886 1158 hanc

258 1174 434 1205 verborum
461 1173 659 1205 sententiam
680 1183 790 1206 veram
809 1183 886 1204 esse

258 1219 503 1259 existimemus,
528 1225 620 1250 certe
645 1218 728 1250 illud
749 1218 889 1260 impedit

259 1273 478 1304 magnopere,
505 1263 594 1303 quod
610 1273 674 1295 non
699 1264 759 1296 inm
778 1274 884 1305 quae-

257 1309 339 1341 ritur
363 1308 405 1341 de
430 1309 536 1350 ipsius
561 1308 886 1350 legunilatorisopi·

257 1354 356 1386 nione
381 1358 439 1385 aut
465 1356 656 1394 voluntate,
690 1355 750 1386 sed
777 1355 888 1396 potius

256 1399 335 1432 illud
361 1399 605 1439 explorandum
631 1399 784 1437 videtur,
811 1408 885 1431 nun·

257 1455 345 1486 opus
376 1446 439 1485 sit,
469 1450 506 1477 ut
530 1445 661 1486 legibus
690 1446 888 1478 adiiciuntur

257 1490 443 1532 prooemia.
493 1490 665 1524 Quocirca
706 1489 886 1522 tenendum

259 1539 418 1578 putamus
443 1535 708 1575 coniunctimm,
742 1535 787 1567 ita
813 1535 886 1576 qui—

257 1581 347 1621 dem,
375 1585 410 1612 ut
435 1581 564 1621 vulgat.
589 1578 820 1633 nqogayopsv'n
847 1590 888 1612 ex

257 1626 397 1668 optimis
441 1625 540 1657 codd.
597 1626 627 1657 in
670 1622 887 1668 προαγορεύῃ

257 1674 416 1710 mutetur,
443 1670 497 1712 qni
523 1670 753 1702 coniunctivus
785 1669 887 1702 etiam

257 1717 478 1758 plurimorum
514 1715 676 1748 librorum
705 1715 887 1747 auctorita-

258 1767 293 1795 te
334 1760 525 1793 defenditur
544 1780 550 1785 =-
568 1765 602 1792 et
650 1760 887 1792 communitur.

262 1807 396 1839 Etenim
427 1809 480 1838 est
506 1805 558 1838 hic
582 1805 814 1837 coniunctivus
830 1803 889 1835 de-

244 1852 476 1891 liberamus,
501 1860 568 1892 quo
593 1850 785 1891 quaeritur,
811 1848 888 1890 quid

261 1907 323 1940 pro
338 1905 448 1929 rernm
473 1895 671 1928 condicione
695 1896 767 1928 fieri
788 1903 890 1936 opor-

261 1946 343 1976 teat.
394 1942 457 1978 Qui
487 1941 642 1983 quoniam
675 1950 737 1973 usu
762 1941 891 1973 rariore

262 1987 359 2020 tertia
398 1997 545 2028 persona
596 1986 755 2027 effertur,
797 1984 887 2017 criti-

260 2033 320 2072 cis,
346 2032 441 2064 sicuti
466 2032 563 2070 alibi,
595 2032 644 2063 ita,
675 2030 889 2072 hic²qu0que

261 2077 438 2110 offensioni
462 2077 549 2164 fuit.p
561 2078 604 2109 At
621 2076 773 2108 conferas
787 2076 829 2108 de
847 2085 888 2107 eo

261 2124 317 2156 illa
343 2122 489 2178 Sophisi.
554 2122 664 2157 2,2.5
691 2122 740 2153 A:
777 2124 823 2153 τῶ
854 2120 890 2152 δὲ

261 2167 376 2210 λόγοις
411 2165 499 2223 πρὸς
529 2133 654 2209 λόγους
689 2167 727 2198 τί
753 2178 824 2204 τις,
862 2160 889 2196 ὦ

261 2212 386 2255 &saltn
390 2223 438 2252 τε,
460 2210 543 2244 ἄλλο
567 2213 660 2253 εἴπῃς
692 2211 828 2245 Menon.
854 2220 886 2252 p.

259 2258 314 2292 92.
339 2226 386 2292 E'}
412 2255 492 2290 ἄλλιὶ
519 2269 560 2290 συ
579 2258 656 2298 εἰπέ,
683 2254 774 2301 παρὰ
795 2256 889 2291 τίνας

260 2303 346 2347 ἔλθη
368 2302 570 2344 Ἀθηναίων,·
594 2303 734 2344 Protag.
761 2313 792 2343 Ρ.
808 2300 885 2336 348.

262 2348 308 2380 D:
326 2347 464 2388 περιιὼν
478 2347 578 2388 ζητεῖ,
596 2347 665 2387 ὅτῳ
682 2346 886 2387 ἐπιδείξηται

262 2392 318 2425 καὶ
328 2389 408 2436 μέθ
423 2391 505 2424 οτου
520 2390 759 2435 βεβαιωσηται.
773 2392 883 2424 Phne-

262 2438 339 2471 don.
364 2449 395 2480 p.
421 2437 498 2472 115.
517 2439 554 2470 C.
570 2439 726 2480 Sympos.
758 2446 790 2479 p.
805 2435 884 2470 194.

262 2484 297 2516 C.
326 2482 595 2516 Demosthen.
630 2484 661 2515 in
690 2482 830 2515 Androt.
849 2493 881 2524 p.

256 2528 335 2564 613..
368 2529 399 2563 3.
431 2524 505 2560 εἶτα
529 2527 640 2559 ταῦθ’
678 2530 778 2559 οὗτοι
801 2539 881 2558 πει,

260 2575 420 2606 nodam·
448 2572 529 2616 ὖπξρ
562 2570 674 2604 αὐτῶν
699 2582 734 2605 σε
755 2573 883 2611 ποιεῖνς

258 2620 336 2652 Ana
366 2619 399 2651 id
424 2628 528 2661 genus
555 2620 710 2659 exempla
740 2627 882 2660 conges-

257 2665 356 2697 sitA.
378 2663 583 2697 Matthiae
599 2661 658 2695 Gr
678 2662 736 2694 Gr.
759 2662 786 2703 ξ,
803 2663 879 2698 516.

952 813 985 845 3.
1005 812 1190 844 Schnefe
1200 823 1225 844 r.
1243 813 1284 844 ad
1302 812 1476 845 Demosth.
1498 815 1581 856 App.

954 858 1020 889 111.
1037 868 1068 899 p.
1085 857 1162 890 544.
1182 857 1210 889 H
1223 868 1267 890 er
1280 868 1311 890 m
1323 869 1339 888 a
1353 868 1409 889 un.
1431 859 1479 889 De
1495 863 1579 900 part.

954 900 998 933 ἅν
1023 913 1055 944 p.
1080 902 1123 937 87
1148 913 1220 943 sqq.
1250 921 1284 926 --
1327 903 1405 936 Mox
1430 904 1512 945 μηδὲ
1538 903 1582 941 ἓν,

957 958 1018 989 pro
1042 957 1108 988 quo
1136 949 1236 989 vulgo
1262 952 1335 980 erat
1358 949 1479 991 μηδέν,
1505 959 1583 990 gra—

959 994 1032 1024 vius
1058 992 1182 1025 dictum
1193 975 1279 1033 ‘’,est
1313 994 1356 1025 ita
1396 998 1432 1026 ut
1457 995 1583 1035 signifi-

960 1043 1014 1070 cet
1059 1039 1208 1079 proprie:
1256 1049 1304 1070 ne
1345 1049 1461 1072 unum
1499 1039 1583 1079 qui-

956 1083 1062 1121 dem.
1104 1085 1122 1115 i
1163 1094 1192 1117 e.
1243 1094 1422 1126 prorsus
1464 1084 1580 1116 nihil.

958 1140 986 1160 ι
1013 1130 1053 1160 ad
1081 1129 1235 1171 Sympos.
1274 1140 1304 1170 p.
1330 1129 1406 1163 214.
1426 1122 1474 1161 Ἰ).
1504 1130 1582 1164 177.

957 1176 998 1205 Α.
1028 1173 1077 1205 Ex
1103 1184 1169 1215 quo
1185 1178 1341 1215 apparet,
1360 1175 1437 1215 quid
1456 1174 1498 1206 de
1518 1176 1583 1206 hu—

953 1222 1003 1251 ius
1039 1220 1194 1251 lectionis
1226 1229 1345 1251 caussa
1383 1223 1417 1252 et
1454 1220 1587 1252 ratione

955 1264 1212 1297 existimandum
1239 1266 1294 1297 sit.

1001 1355 1040 1386 P·
1078 1354 1153 1389 720.
1203 1352 1399 1394 καθάπερ
1433 1353 1585 1397 taretia

954 1400 999 1432 δέ
1027 1411 1087 1436 τις
1112 1399 1176 1440 ——]
1226 1399 1337 1431 Locus
1374 1400 1416 1431 ab
1457 1399 1583 1431 Astio

954 1446 1097 1486 aliisque
1114 1444 1240 1476 criticis
1255 1454 1320 1477 non
1335 1446 1417 1476 sutis
1426 1448 1584 1477 accurate

955 1496 1135 1528 tractatus;
1176 1490 1230 1530 qui
1269 1491 1443 1531 quomodo
1478 1490 1583 1532 expli-

956 1535 1082 1568 candus
1101 1537 1157 1573 sit,
1182 1537 1300 1576 paucis
1316 1536 1509 1568 ostendisse
1533 1535 1584 1567 iu-

955 1582 1058 1613 vabit.
1085 1579 1282 1612 Tenendum
1302 1581 1405 1620 igitur
1422 1584 1486 1620 est,
1505 1585 1585 1621 post

954 1625 1108 1657 ἑκάστοτε
1145 1623 1346 1664 θεραπεύειν
1385 1626 1494 1657 locum
1525 1627 1582 1657 hn-

955 1671 1036 1702 bere
1060 1670 1287 1712 aposiopesin,
1313 1669 1583 1711 ‹prandoquidem

955 1716 1046 1747 filum
1089 1715 1253 1746 orationis
1295 1715 1406 1746 subito
1453 1716 1583 1747 abrum-

957 1762 1064 1802 pitur,
1101 1760 1279 1800 quoidam,
1317 1759 1407 1800 quod
1441 1760 1474 1792 in
1503 1769 1584 1802 apo-

957 1805 1031 1837 dosi
1065 1805 1175 1836 statim
1217 1805 1382 1837 debuerat
1410 1805 1583 1844 enuntiari,

958 1850 990 1882 id
1017 1851 1079 1882 iam
1107 1850 1267 1882 reticetur
1291 1860 1332 1881 eo
1357 1849 1517 1889 consilio,
1548 1853 1585 1882 ut

957 1900 1035 1928 aute
1073 1895 1183 1927 omnia
1222 1896 1350 1936 plenius
1395 1899 1585 1936 exponatur

958 1941 1001 1973 de
1033 1940 1156 1982 duplici
1186 1941 1336 1980 ratione,
1365 1950 1428 1982 qua
1462 1939 1582 1972 medici

956 1986 988 2018 in
1013 1985 1169 2018 curandis
1193 1985 1343 2024 aegrotis
1366 1987 1413 2017 uti
1439 1986 1581 2017 soleant.

957 2032 1076 2072 ltaque
1103 2029 1309 2062 Atheniensis
1324 2029 1464 2062 inhibito
1485 2030 1587 2072 quasi

959 2076 1118 2108 orationis
1147 2085 1244 2107 cursu
1271 2077 1321 2108 sic
1344 2075 1471 2116 pergit:
1513 2073 1582 2107 Sed

958 2122 1238 2154 recordemur
1262 2121 1491 2160 utriusque
1519 2129 1582 2151 ra—

957 2167 1110 2206 tionis,
1158 2170 1202 2197 ut
1248 2166 1582 2204 legumlatorem

957 2220 1147 2248 oremus,
1177 2210 1306 2243 sicuti
1339 2210 1464 2251 pueri
1496 2209 1585 2242 fere

956 2256 1159 2289 medicum
1188 2259 1358 2297 rogant,
1391 2259 1434 2287 ut
1457 2265 1505 2288 se
1527 2255 1581 2286 le-

954 2302 1130 2334 nissimo
1164 2304 1284 2332 curet
1314 2300 1449 2333 modo.
1497 2299 1582 2334 Qui-

952 2348 1016 2379 bus
1040 2347 1085 2379 ita
1110 2346 1228 2386 dictis,
1262 2345 1384 2378 deiude
1411 2346 1485 2387 ipse
1509 2354 1582 2377 me-

952 2393 1027 2424 diae
1052 2391 1194 2424 orationi
1219 2401 1300 2422 suae
1328 2390 1509 2432 interponit
1531 2389 1582 2422 in-

949 2437 1230 2479 terrogationemx
1266 2430 1338 2467 οἷον
1366 2433 1405 2476 δη
1433 2435 1469 2467 τί
1489 2435 1580 2476 λέγο-

948 2494 1027 2524 μενς
1082 2482 1208 2523 quale
1251 2481 1384 2523 igitur
1432 2480 1491 2511 sit
1540 2483 1582 2512 et

948 2526 1163 2568 quidnam,
1211 2525 1343 2568 quod.
1375 2525 1582 2564 dicimus,

948 2573 1214 2612 interroges3
1245 2581 1284 2603 ac
1309 2570 1432 2605 deiude
1458 2569 1581 2612 duplex

949 2617 1158 2650 medicorum
1193 2626 1299 2659 genus
1341 2615 1581 2664 duplicemque

949 2661 1104 2696 medendi
1129 2662 1311 2701 rationem,
1339 2671 1403 2702 qua
1427 2663 1576 2694 utantur
