1612 2872
244 117 323 159 106

342 231 438 271 ΚΛ.
514 230 617 277 Πῶς
651 226 735 281 γὰρ
772 226 849 281 οὕς,

346 296 441 336 ΛΘ.
511 292 592 344 Mi]
631 296 779 334 τοίνυν
811 292 909 347 μηδ’

241 357 426 413 ἁόριςον
469 362 660 411 γένηται.

741 111 1117 155 PLATONIS

960 291 983 335 ὃ
1019 295 1194 347 λέγομεν
1229 293 1339 336 εἶναι
1374 295 1573 335 παιδείαν

713 360 794 400 νῦν
840 357 924 414 γάρ
968 358 1250 411 ὀνειδίζοντες
1296 360 1574 407 ἐπαινοῦντές

245 424 298 464 θ’
340 422 507 472 ἑκάς-ων
543 422 625 473 τὰς
658 423 830 480 τροφὰς
864 427 1066 480 λέγομεν,
1102 423 1158 474 ὡς
1193 425 1272 467 τὸν
1306 427 1386 479 μὲν
1421 441 1572 466 πεπαι-

247 492 450 544 δευμένον
484 487 604 544 ἡμῶν
639 487 748 532 ὄντα
784 491 898 540 τινά,
935 493 1011 533 τον
1047 493 1090 533 δὲ
1125 490 1403 541 ἀπαίδευτον,
1440 494 1573 532 ἐνίοτε

337 640 376 672 E.
425 641 496 672 καὶ
530 638 665 672 ἄλλων
695 639 930 682 τοιούτων]
967 641 1039 673 Vat.
1072 651 1097 673 r.
1129 640 1283 672 καὶτῶν
1312 642 1433 675 ἄλλων.

1486 642 1574 674 Dein

243 694 519 738 πεπαιδευμένον
549 698 628 729 Vnt.
664 698 687 729 f.
739 698 806 730 Pro
838 695 1031 740 ἀνθρώπων
1060 695 1194 740 σφόδρα
1230 702 1268 729 Α.
1304 699 1353 730 Ω.
1387 708 1417 730 v.
1441 698 1466 730 f.
1494 698 1524 729 lu.
1548 708 1574 730 r.

242 763 273 784 a.
298 762 330 785 0.
356 752 387 785 δ.
413 762 447 784 x.
473 762 504 785 z.
532 751 667 796 σφόδρα
690 751 890 797 ἀνθρώπων.

289 850 343 885 ὥς
383 851 457 884 τὸν
494 852 568 892 μὲν
599 851 874 893 πεπαιδευμέ-

244 909 323 929 νον
356 916 399 922 -
436 896 559 940 ὄντα]
590 898 797 931 Particulam
830 896 877 931 ιῦς

243 953 320 975 cum
358 943 556 976 accusativo
594 944 761 985 participii
805 944 875 976 iun-

244 992 332 1020 ctam
359 988 600 1021 illustravimus
631 989 674 1021 ad
700 989 875 1021 Phaedon.

242 1043 275 1075 p.
301 1033 378 1067 109.
408 1034 448 1064 1)

289 1077 327 1110 Ε.
387 1077 527 1110 ἐνίοτε
566 1080 631 1110 εἴς
672 1088 711 1108 τε
750 1086 873 1120 καπη-

244 1124 358 1155 λείας
405 1142 448 1146 -
497 1122 668 1164 σφόδρα
711 1118 875 1164 ἀνθρώ-

247 1169 356 1210 πων]
401 1168 584 1202 Notionem
628 1168 686 1210 τῆς
724 1167 877 1200 παιδείας

246 1214 299 1246 καὶ
325 1214 466 1255 τροφῆς,
492 1213 522 1245 h.
549 1225 577 1248 e.
604 1214 817 1246 educationis
843 1219 877 1246 et

244 1258 462 1298 eruditionis,
502 1259 701 1291 definiturus
732 1269 875 1291 accura-

244 1305 333 1342 tius,
372 1303 540 1336 hominem
579 1305 665 1336 bene
701 1305 875 1336 excultum

245 1354 280 1382 et
304 1349 470 1382 eruditum
497 1358 562 1381 non
595 1359 670 1383 eum
697 1349 874 1382 dicendum

247 1404 325 1427 esse
355 1394 557 1434 arbitratur,
593 1395 649 1436 qui
687 1395 719 1426 in
762 1395 874 1435 aliquo

242 1440 381 1480 negotio
412 1441 568 1480 quamvis
598 1440 654 1470 vili
687 1440 772 1471 bene
799 1450 873 1471 ver-

243 1489 338 1516 sutus
366 1484 430 1539 'ft’
463 1484 738 1526 quandoquidem
771 1485 874 1517 etiam

243 1530 333 1562 inter
363 1525 592 1561 ἀπαιδεύτους
628 1529 747 1562 referri
786 1531 877 1561 sole-

242 1580 321 1615 ant,
352 1575 407 1615 qui
440 1576 472 1607 in
500 1575 682 1607 (actitanda
707 1585 876 1616 caupona-

243 1620 292 1652 rin
331 1624 432 1660 atque
482 1621 616 1651 nautica
654 1620 801 1661 aliisque
843 1619 875 1651 id

243 1674 351 1705 genus
382 1664 484 1695 rebus
516 1664 615 1697 valde
647 1665 712 1696 sint
747 1665 878 1696 exerci—

244 1709 326 1742 tati:
360 1709 429 1740 imo
455 1708 608 1741 παιδείαν
635 1709 779 1751 intelligi
807 1710 879 1740 vnit

245 1753 468 1786 eruditionem
503 1760 536 1787 et
565 1756 693 1786 cultum
720 1765 738 1786 a
764 1754 878 1796 pueri·

245 1799 293 1831 tia
318 1798 396 1831 inde
421 1803 636 1841 susceptum,
661 1799 716 1840 qui
742 1799 783 1831 ad
810 1799 878 1831 vir-

246 1847 354 1875 tutem
387 1848 521 1885 spectet
547 1849 650 1886 atque
677 1843 710 1875 id
737 1844 876 1883 efficiat,

245 1892 284 1920 ut
314 1888 390 1929 qnia
423 1892 458 1920 et
488 1889 660 1931 perfectus
691 1888 774 1920 civis
804 1890 877 1921 fieri

246 1934 361 1975 cupiat
393 1937 428 1965 et
466 1935 557 1967 inste
599 1939 668 1966 tam
708 1935 877 1976 imperare

244 1988 346 2020 quam
389 1989 509 2019 parere
539 1980 629 2013 velit.
686 1979 755 2012 Sed
791 1980 877 2012 haec

246 2024 414 2056 sententia
461 2029 498 2057 ut
539 2035 558 2057 e
605 2025 719 2056 verbis
766 2028 878 2063 exeat,

246 2070 422 2110 complura
460 2070 622 2102 mutanda
660 2074 747 2102 sunt.
801 2070 877 2111 Ap-

246 2119 343 2156 paret
375 2124 456 2146 vero
496 2115 562 2146 ista
604 2115 731 2147 omnin:
771 2113 878 2146 ἐνίοτε

246 2159 296 2190 εἵς
331 2170 363 2190 τε
397 2161 577 2201 καπηλείας
602 2177 642 2184 -
666 2157 804 2201 σφόδρα
819 2157 877 2191 ἅν-

247 2202 420 2245 θρώπων,
456 2206 628 2246 pertinere
666 2206 707 2236 ad
741 2210 876 2246 postre-

249 2258 339 2280 mum
377 2250 585 2282 membrum:
616 2248 676 2281 τὸν
709 2249 744 2282 δὲ
779 2247 877 2282 ἀπαί-

248 2292 379 2325 δευτον.
443 2295 612 2328 Quocirca
651 2295 682 2326 in
720 2296 877 2336 genitivis

249 2337 523 2378 πεπαιδευμένων
551 2337 750 2380 ἀνθρώπων
773 2351 875 2374 accu-

247 2385 376 2416 sativus
403 2386 506 2416 lateat
540 2395 682 2417 necesse
713 2390 789 2424 est,
820 2386 877 2426 qni

248 2430 415 2470 superiori
441 2426 500 2460 τὸν
526 2428 562 2461 δὲ
585 2426 790 2462 ἀπαίδευτον
817 2431 876 2462 nd-

250 2474 342 2506 ditus
367 2475 412 2505 sit
433 2485 494 2516 per
519 2477 780 2516 appositionem.
810 2477 872 2507 At-

248 2529 315 2559 que
353 2517 617 2559 πεπαιδευμένον
660 2525 754 2554 certe
792 2520 879 2552 seri-

249 2567 345 2605 ptum
377 2569 472 2596 extat
501 2565 533 2596 in
564 2575 630 2596 nno
663 2565 783 2598 codice
810 2566 878 2597 Pa-

250 2610 307 2641 lat.
335 2609 449 2641 Vatic.
475 2610 499 2642 f.
524 2610 595 2641 sive
621 2619 652 2641 n.
679 2610 779 2650 173.‚
811 2620 877 2651 quo

249 2663 331 2686 usu!
369 2659 422 2687 est
457 2654 480 2686 1.
520 2654 762 2688 Bekkerus:
812 2664 876 2697 qua

942 853 1088 886 lectione
1111 853 1268 886 restituta
1285 857 1446 895 protenus
1472 853 1574 885 etiam

942 898 1025 930 illud
1058 900 1279 940 intelligitur,
1323 899 1411 931 unde
1448 898 1575 940 pende-

943 948 1001 975 nnt
1033 944 1135 975 verba
1168 945 1216 976 εἴς
1247 955 1279 976 τε
1312 944 1493 985 καπηλείας
1521 943 1574 974 καὶ

943 989 1156 1029 ναυκληρίας.
1215 989 1336 1031 Neque
1363 990 1448 1020 enim
1479 990 1572 1020 Ste-

945 1033 1110 1075 phanus
1158 1044 1274 1066 verum
1324 1034 1470 1075 pervidit
1516 1037 1576 1066 aut

946 1078 1097 1110 παιδείαν
1129 1079 1217 1111 adeo
1248 1080 1389 1120 intelligi
1414 1084 1576 1120 oportere

945 1130 1037 1156 ratus
1066 1128 1124 1155 aut
1157 1124 1374 1157 scribendum
1399 1135 1495 1163 esse,
1529 1122 1577 1155 εἰς

944 1167 981 1200 τὰ
1007 1170 1065 1211 τῆς
1095 1168 1261 1206 παιδείας,
1297 1169 1572 1210 qnandoquidem

943 1215 1121 1256 καπηλείας
1158 1216 1210 1246 καὶ
1256 1215 1458 1257 ναυκληρίας
1494 1215 1571 1246 ideo

943 1270 1004 1302 pro
1047 1261 1197 1301 genitivo
1242 1259 1476 1300 accipiendum
1518 1261 1574 1299 sit,

942 1306 1018 1346 quia
1058 1305 1111 1336 καὶ
1150 1303 1257 1337 ἄλλων
1297 1304 1463 1336 τοιούτων
1492 1305 1572 1336 sub-

942 1351 1111 1391 iungatur.
1161 1350 1263 1384 Quod
1294 1360 1353 1382 cur
1385 1350 1456 1382 fieri
1483 1351 1574 1381 nullo

944 1395 1046 1428 modo
1094 1396 1222 1436 possit,
1273 1399 1353 1437 post
1403 1395 1460 1427 Bo
1476 1395 1593 1438 eck-,

943 1441 1052 1473 bium
1092 1441 1204 1472 denuo
1244 1440 1427 1472 ostendere
1478 1441 1574 1471 nolu-

944 1495 1032 1518 mus.
1091 1486 1274 1518 Praeterea
1306 1489 1419 1517 autem
1455 1486 1574 1517 vitium
1604 1515 1609 1521 ,

944 1534 1061 1563 haeret
1090 1531 1121 1562 in
1146 1529 1230 1570 μάλα
1256 1535 1290 1563 et
1317 1529 1464 1572 σφόδρα,
1489 1541 1574 1571 quo-

944 1586 1018 1608 rum
1058 1577 1259 1607 alterutrum
1298 1576 1412 1615 inepte
1453 1575 1574 1608 redun-

945 1620 1013 1652 dat.
1062 1619 1175 1657 Quum
1201 1621 1288 1653 enim
1313 1619 1397 1659 μάλα
1412 1630 1477 1652 non
1493 1630 1575 1662 pos-

945 1666 988 1696 sit
1030 1665 1092 1696 nisi
1125 1665 1167 1697 ad
1202 1665 1476 1705 πεπαιδευμένων
1520 1675 1575 1697 re-

944 1709 1040 1750 ferri,
1082 1710 1271 1752 eodemque
1304 1712 1404 1743 etiam
1438 1708 1575 1752 σφόδρα

945 1756 1132 1796 pertineat,
1173 1765 1384 1797 consequens
1419 1760 1492 1796 est,
1537 1760 1576 1787 ut

944 1801 1145 1832 alterutrum
1185 1805 1243 1832 ant
1290 1805 1490 1842 corruptum
1530 1801 1576 1832 sit

944 1850 1004 1877 aut
1027 1849 1156 1877 temere
1187 1847 1403 1878 inculcatum.
1455 1845 1575 1878 Credi-

944 1889 1012 1922 bile
1037 1895 1091 1922 est
1114 1894 1227 1923 autem
1260 1888 1345 1930 μάλα
1371 1895 1571 1932 corruptum

944 1945 1022 1968 esse
1054 1939 1156 1976 atque
1189 1940 1300 1969 ortum
1333 1946 1375 1968 ex
1406 1936 1573 1969 vocabulo

944 1980 1076 2020 aliquo,
1104 1982 1193 2014 unde
1217 1981 1388 2023 genitivus
1413 1982 1479 2012 miv
1505 1992 1572 2013 τοι-

945 2022 1057 2057 ούτων
1087 2036 1272 2067 suspensus
1305 2026 1418 2059 fuerit.
1468 2026 1572 2060 Quod

943 2071 1044 2112 quale
1068 2071 1128 2110 sit,
1154 2081 1279 2112 anceps
1304 2081 1386 2103 sane
1413 2070 1571 2105 indicium

945 2120 1008 2148 est.
1057 2115 1287 2152 Quamobrem
1321 2117 1375 2147 alii
1401 2116 1465 2148 alia
1490 2127 1572 2149 con-

944 2161 1120 2192 iectarunt.
1174 2160 1260 2192 Nam
1295 2161 1447 2192 Astius
1489 2163 1572 2194 scri-

945 2205 1089 2237 bendum
1110 2206 1259 2237 censuit:
1285 2204 1450 2237 τοιούτων
1476 2204 1571 2247 πρὰ-

944 2261 1080 2292 γματα
1111 2249 1398 2290 πεπαιδευμένον
1433 2250 1570 2294 σφόδρα

944 2294 1156 2337 ἄνθρωπον.
1191 2296 1570 2329 Winckelmannus

942 2350 1024 2372 vero
1048 2341 1079 2372 in
1105 2341 1250 2373 Praesat.
1277 2341 1319 2373 ad
1345 2342 1464 2374 minor.
1490 2342 1587 2381 edit.v

947 2385 1077 2426 Legum
1102 2397 1132 2426 p.
1160 2385 1201 2418 X.
1234 2387 1364 2418 maluit:
1405 2385 1571 2418 τοιούτων

945 2429 1262 2472 ἐπιτηδεύματα
1288 2430 1571 2471 πεπαιδευμένον

946 2473 1082 2517 σφόδρα
1114 2474 1334 2518 ἄνθρωπον,
1371 2481 1570 2517 comparato

945 2522 1020 2553 loco
1053 2521 1115 2553 XI.
1148 2531 1180 2562 p.
1210 2522 1287 2556 918.
1318 2523 1362 2553 A.
1398 2521 1572 2563 κιβδηλιάς

945 2562 981 2596 δ’
1029 2564 1288 2607 ἐπιτηδεύμασιν
1336 2566 1447 2598 ἕπεται
1488 2565 1569 2598 κατὰ

944 2608 1033 2642 πόδα
1087 2612 1265 2653 καπηλείας
1317 2610 1568 2652 ἐπιτηδεύματα.

944 2655 1013 2687 Sed
1063 2656 1140 2689 huic
1187 2659 1405 2690 coniecturae
1462 2657 1569 2690 officit
