1612 2872
180 565 222 606 D

255 128 336 170 442
386 132 388 134 ’

733 127 1102 172 PLATONIS

250 245 351 297 χῆς,
385 234 658 285 ἀποτίνοντα
696 244 963 296 ὄανείσματα
998 247 1236 298 ἐπιμελείας
1271 259 1314 287 τε
1348 248 1420 287 και
1458 242 1584 298 ὑπερ-

255 308 509 350 πονούντων
548 307 708 356 ώὸῖνας
751 308 944 359 παλαιὰς
988 314 1055 352 ἐπὶ
1109 316 1218 360 νέοις
1269 313 1583 364 δανεισθείσας,

253 372 525 416 ἀποδιδόντα
571 375 616 414 δὲ
661 375 866 424 παλαιοῖς
907 380 953 417 ἐν
990 377 1049 429 τῷ
1085 375 1197 431 γήρᾳ
1231 374 1405 434 σφόδρα
1438 391 1583 430 κεχρη-

252 443 410 492 μένοις.
448 436 567 493 παρὰ
615 439 658 480 δὲ
706 436 854 481 πάντα
891 439 970 482 τὸν
1002 443 1101 495 βίον
1130 446 1239 496 ἔχειν
1273 457 1318 484 τε
1356 443 1427 483 καὶ
1463 446 1584 495 ἐσχη-

254 507 372 545 κέναι
401 501 486 559 χρὴ
522 501 632 558 πρὸς
667 501 805 546 αὑτοῦ
841 511 994 559 γονέας
1028 506 1248 564 εὐφημίαν
1272 504 1583 564 διαφερόντως,

253 568 367 612 διότι
410 568 587 627 κούφων
633 572 706 612 καὶ
750 573 926 622 πτηνῶν
968 570 1110 626 λόγων
1151 571 1380 627 βαρυτάτη
1428 574 1581 626 ζημία·

252 634 361 677 πᾶσι
396 634 482 689 γὰρ
525 640 757 684 ἐπίσκοπος
800 645 891 686 τοῖς
937 640 1033 691 περὶ
1080 637 1134 681 τοὶ
1181 640 1369 682 τοιαῦτα
1412 637 1582 692 ἐτάχθη

342 765 380 794 C.
431 762 598 805 σφόδρα
630 763 928 806 κεχρημένοις]
963 766 1060 797 Unus
1086 766 1297 797 deteriorum
1323 777 1407 806 κεχρ.
1434 767 1582 819 ignorat.

252 876 299 909 C:
341 871 532 906 ἀκολουθία
571 878 641 906 τοῖς
684 872 884 916 πράγμασιν.

252 921 322 953 Sed
356 922 447 951 conf.
471 921 517 951 ad
542 920 678 952 Phileb.
702 930 735 961 p.
763 921 819 953 16.
847 919 884 950 C.

251 966 494 1006 Euthyphron.
519 976 551 1006 p.
572 965 627 999 15.
649 965 750 996 A.al.
782 965 886 996 Plura

252 1021 292 1042 ex
318 1012 395 1042 aliis
422 1012 649 1051 scriptoribus
672 1011 886 1050 collegerunt

251 1057 516 1096 NVesseling.
559 1057 604 1088 ad
637 1056 780 1087 Diodor.
816 1055 884 1086 sic.

249 1101 274 1132 1.
307 1112 339 1143 p.
374 1101 405 1135 8.
439 1102 641 1133 Valcken.
672 1101 717 1132 ad
750 1101 882 1132 Phoen.

249 1157 281 1178 v.
315 1147 394 1180 941.
419 1147 638 1178 Matthiae
670 1145 730 1177 Gr.
762 1144 825 1176 Gr.
852 1147 882 1186 ξ.

247 1192 327 1225 396.
360 1192 591 1223 Hermann.
626 1192 670 1222 ad
706 1191 820 1231 Viger.
846 1200 880 1230 p.

249 1236 325 1270 714.
352 1255 390 1259 -
418 1233 660 1277 ἀρχόμενον
693 1233 772 1268 ἀπὸ
808 1236 884 1276 τῆς

249 1279 418 1320 οὐσίας,
455 1284 584 1314 initio
631 1282 678 1313 ab
726 1281 881 1322 opibus

248 1328 294 1358 fa
309 1339 326 1358 e
341 1333 353 1358 t
369 1338 388 1358 o
404 1353 412 1368 ‚
453 1329 474 1359 i.
519 1338 548 1359 e.
593 1328 739 1368 primum
785 1336 879 1366 opes.

247 1372 421 1410 Quocirca
435 1378 526 1404 reete
539 1373 664 1404 deinde
679 1372 880 1403 subiiciturae

246 1416 397 1458 δεύτερα,
424 1419 524 1458 τρίτα.
550 1436 591 1441 -
619 1413 639 1448 οἷ
651 1428 672 1447 π
682 1428 699 1447 ο
711 1419 770 1448 τίν
780 1428 797 1447 ο
809 1428 827 1446 ν
838 1428 852 1446 τ
861 1427 881 1447 α

246 1462 521 1502 δανείσματα,
555 1464 880 1504 persolventem

245 1518 350 1550 quae
407 1514 554 1540 mutuo
617 1515 722 1539 sunt
768 1508 880 1538 data.

245 1554 423 1594 Δανείζειν
447 1559 480 1585 et
504 1553 715 1592 δανείσματα,
738 1553 802 1583 etsi
829 1554 880 1583 in-

245 1600 382 1630 terdum
430 1600 591 1631 dicuntur
641 1599 682 1629 de
734 1598 882 1638 pecunia

244 1646 381 1676 foenori
398 1645 490 1684 data,
501 1649 613 1676 tamen
622 1644 764 1683 proprie
779 1652 878 1673 usur-

244 1690 320 1731 pari
352 1690 484 1727 solent,
515 1689 573 1719 ubi
604 1689 720 1728 agitur
748 1688 802 1718 de
821 1688 879 1726 iis,

245 1744 334 1775 quae
364 1739 484 1766 mutua
525 1734 652 1764 dantur
691 1733 800 1773 gratis
845 1737 879 1763 et

244 1780 319 1810 sine
349 1789 465 1810 usura.
492 1789 525 1809 v.
552 1777 797 1810 Salmasius
824 1777 877 1808 De

243 1825 368 1856 Usuris
398 1824 453 1855 ΙΙΙ.
478 1834 511 1864 p.
540 1824 582 1857 15
606 1833 682 1863 sqq.
708 1827 742 1854 et
765 1832 798 1863 p.
822 1823 877 1855 20.

244 1869 346 1900 Unde
377 1869 551 1910 expendes
589 1868 774 1899 verborum
810 1868 877 1898 ele-

242 1915 407 1955 gantiam.
469 1914 650 1954 qugenda
686 1917 813 1945 auteur
841 1913 877 1943 in

242 1970 348 1991 unum
367 1964 447 1991 sunt
465 1959 564 1991 haee:
592 1955 795 1989 ἀποτίνοντα
819 1955 876 1988 δα-

242 2007 400 2043 νείσματα
433 2005 474 2045 (i.
509 2013 538 2035 e.
578 2000 626 2034 ιῦε
662 2002 876 2043 δανείσματα)

242 2049 426 2090 ἐπιμελείας
459 2059 505 2085 τε,
527 2060 556 2080 κ.
595 2046 652 2080 ὑπ.
687 2045 810 2079 ὠδῖνας
842 2059 875 2079 π.

243 2094 293 2128 ἐπ.
337 2106 366 2126 ν.
408 2093 657 2127 δανεισθείσας.
727 2093 876 2125 Fallitur

242 2142 333 2172 enim
363 2141 544 2179 Aetius,
575 2141 633 2181 qui
666 2139 758 2170 facta
796 2142 876 2179 post

242 2184 442 2224 δαιείσματα
476 2185 754 2226 interpunctione
793 2184 873 2215 sub-

241 2232 382 2271 latoque
427 2235 596 2262 commate
639 2234 718 2261 ante
756 2225 874 2259 ἀποδι·

245 2274 348 2306 δόντα
372 2277 591 2308 accusativos
617 2273 801 2313 ἐπιμελείας
831 2291 874 2296 —-

242 2317 366 2351 ὠδῖνας
405 2331 447 2351 ex
486 2317 696 2352 ἀποδιδόντα
723 2319 874 2360 pendere

241 2366 428 2397 existimat.
490 2365 567 2404 Qua
613 2366 747 2396 ratione
787 2364 874 2395 inita

240 2412 316 2442 fieri
342 2420 427 2442 sane
450 2419 520 2442 non
552 2411 682 2452 potnit,
707 2409 789 2450 quin
819 2409 873 2439 vir

241 2456 462 2487 doctissimus
497 2456 532 2486 in
583 2465 656 2487 eam
696 2454 874 2485 deveniret

242 2501 454 2542 opinionem,
478 2505 516 2531 ut
540 2501 698 2531 voculam
729 2497 766 2529 δὲ
789 2502 869 2540 post

241 2543 450 2577 ἀποδιδόντα
487 2545 751 2585 expungendam
795 2554 869 2576 esse

243 2593 309 2624 sibi
336 2591 570 2631 persuaderet.
609 2591 656 2620 At
671 2590 760 2621 enim
787 2598 869 2620 vero

242 2637 395 2668 universi
424 2636 492 2667 loci
516 2635 601 2667 haee
615 2639 665 2666 est
681 2635 870 2665 sententiaz

243 2682 570 2721 persolventem
607 2679 777 2719 (vicissim
810 2681 868 2710 tri-

953 876 1132 914 buentem)
1181 881 1386 916 tanquam
1434 876 1583 908 debita

953 922 1160 961 quaedam
1198 931 1327 953 curas
1359 925 1490 961 atque
1526 922 1581 952 ln-

953 966 1102 998 borum
1162 971 1462 1008 susceptorum
1521 975 1581 997 ue—

951 1021 1121 1042 rumnas
1140 1016 1308 1043 veteres
1325 1012 1473 1052 pueris
1492 1015 1581 1042 tan-

952 1066 1072 1096 quam
1118 1057 1356 1097 impensas,
1378 1056 1580 1087 ·retribu-

951 1106 1176 1141 entemque
1223 1103 1395 1133 senibus
1441 1105 1583 1132 aetate

951 1147 1031 1177 iam
1056 1152 1288 1187 proveeta,
1313 1147 1384 1178 ubi
1417 1147 1475 1177 iis
1505 1155 1581 1177 ma.-

950 1192 1062 1222 xime
1095 1192 1316 1232 indigent:
1353 1191 1495 1231 gleieh
1526 1192 1580 1222 ei·

949 1247 1041 1267 nem
1097 1236 1291 1268 Darlehn
1352 1236 1580 1267 zuriicker-

949 1283 1151 1313 stattend
1186 1283 1256 1313 die
1289 1282 1461 1322 Sorgen
1498 1282 1581 1312 und

950 1327 1206 1358 Sclnmerzen
1261 1328 1333 1358 der
1383 1326 1453 1358 ffir
1509 1327 1580 1357 ihu

950 1371 1297 1413 Bekfimmerten‚
1348 1381 1422 1403 vor
1467 1372 1581 1402 alter

948 1418 1049 1448 Zeit
1080 1418 1154 1448 auf
1181 1418 1248 1448 die
1279 1417 1456 1457 Jugend
1489 1426 1580 1447 ver-

946 1463 1224 1499 weudet,und
1249 1463 1309 1493 sie
1333 1462 1580 1502 abtragend

947 1517 996 1538 an
1029 1509 1094 1538 sie
1126 1508 1191 1550 als·
1226 1508 1329 1538 Alte
1359 1508 1401 1538 in
1440 1507 1579 1537 ihrem

947 1551 1278 1591 Greisenalter,
1311 1553 1352 1582 in
1392 1553 1481 1583 dem
1518 1552 1580 1583 sie

947 1598 1106 1628 dessen
1154 1608 1221 1629 am
1270 1598 1450 1629 meisten
1508 1597 1577 1628 be-

947 1642 1116 1673 diirfen.
1182 1643 1295 1673 Verba
1339 1642 1457 1672 nescio
1494 1642 1578 1681 quid

946 1687 1073 1718 coloris
1115 1687 1240 1727 poetici
1279 1686 1449 1724 referant,
1486 1686 1576 1717 unde

945 1733 1048 1763 etiam
1076 1733 1214 1762 παλαιοί
1239 1736 1407 1762 vocantur
1438 1731 1576 1762 senes.

945 1776 1151 1817 Sophocl.
1185 1776 1271 1808 Oed.
1315 1775 1390 1806 Col.
1428 1787 1461 1807 v.
1499 1776 1575 1809 112.

946 1820 1149 1859 πορεύονται
1196 1820 1259 1863 γὰρ
1305 1821 1377 1851 οἵδε
1415 1819 1456 1860 δή
1493 1830 1577 1852 τινες

944 1865 1055 1909 χρόνῳ
1088 1867 1233 1898 παλαιοί.
1276 1867 1440 1898 Homer.
1473 1866 1575 1897 Iliad.

944 1912 1044 1943 XIX.
1072 1912 1150 1945 346.
1176 1912 1283 1953 γρηῦς
1312 1909 1444 1951 παλαιή.
1474 1911 1576 1942 Unde

943 1958 1171 1998 Aristoph.
1206 1958 1316 1988 Rann.
1351 1966 1380 1986 v.
1406 1956 1485 1989 344.
1512 1966 1573 1986 πα-

944 2000 1018 2033 λαιὰ
1042 2002 1097 2043 ἔτη
1125 2012 1235 2034 annos
1265 2002 1450 2033 senectutis
1474 2002 1572 2032 dixit.

942 2047 1075 2078 Eodem
1100 2052 1214 2079 tamen
1239 2047 1365 2078 modo·
1357 2056 1435 2087 ipse
1451 2046 1573 2078 Plato

942 2091 1033 2123 Tim.
1066 2103 1098 2133 p.
1132 2093 1186 2127 22.
1218 2093 1264 2124 B:
1292 2102 1344 2122 και
1375 2102 1446 2122 τινα
1471 2090 1574 2121 εἰπειν

943 2138 1009 2168 τῶν
1034 2136 1151 2179 ἱερέων
1175 2132 1214 2168 εὖ
1237 2135 1322 2176 μάλα
1343 2134 1496 2167 παλαιόν.
1514 2137 1570 2188 n'bi

940 2192 973 2223 p
993 2183 1048 2216 21.
1068 2184 1111 2214 A.
1128 2185 1209 2214 item
1230 2187 1282 2214 est
1306 2177 1350 2235 ⁰„v'
1374 2181 1451 2213 νέος
1477 2193 1517 2213 αι
1522 2192 1572 2222 re

941 2227 1059 2269 Symp.
1075 2238 1108 2268 p.
1130 2227 1206 2261 182
1225 2228 1270 2259 B:
1289 2223 1368 2257 οὔτε
1390 2226 1468 2257 νέος
1493 2224 1572 2257 οὔτε

942 2270 1093 2304 παλαιός.
1142 2273 1197 2304 De
1229 2273 1384 2313 perfeeto
1417 2270 1569 2313 nezemui-

941 2327 1015 2349 νοιςΙ
1047 2318 1138 2349 conf.
1172 2318 1326 2359 Sophist.
1357 2327 1391 2357 p.
1416 2318 1495 2350 223.
1520 2317 1570 2347 Ε.

940 2360 1038 2394 ὅσοις
1063 2361 1099 2393 τὸ
1125 2366 1219 2402 σῶμα
1252 2362 1405 2404 τρέφεται
1434 2362 1488 2393 καὶ
1514 2359 1564 2392 κε’.
1607 2397 1612 2400 ¹

939 2418 1064 2449 χρηται.
1101 2408 1251 2449 Euthyd.
1278 2418 1311 2448 p.
1337 2407 1415 2440 289.
1441 2407 1485 2438 Α.
1510 2407 1568 2437 ubi

940 2463 971 2484 v.
997 2463 1076 2484 ann.
1105 2454 1150 2484 Vi
1175 2453 1402 2493 indigendi
1427 2452 1568 2483 verbum
1603 2462 1605 2464 ·

939 2499 1059 2530 eodem
1084 2499 1187 2530 modo
1210 2500 1361 2539 positum
1374 2497 1567 2529 habesEu-
1611 2492 1612 2499 ¹

937 2543 1013 2596 rip.
1031 2544 1195 2598 Hippoi.
1232 2555 1263 2574 v.
1293 2542 1375 2576 349:
1412 2538 1503 2583 ἡμεῖς
1531 2537 1569 2572 ’δ’

938 2584 979 2619 ἂν
1009 2583 1099 2628 εἶμεν
1130 2587 1265 2631 &arbom
1304 2586 1565 2628 κεχρημένοι.

939 2633 1099 2666 Ceterum
1125 2644 1212 2674 quae
1239 2635 1294 2665 hie
1310 2632 1567 2674 praecipiuntur

940 2679 980 2710 de
1005 2680 1138 2711 honore
1162 2679 1363 2720 parentibus
1392 2677 1567 2717 habende,
