1612 2872
231 86 369 128 XXX
703 89 735 129 P
742 87 1069 131 RAEFATIO.

340 198 408 240 En
442 198 574 241 habes
612 200 693 239 iam
735 199 972 253 scripturae
1009 200 1253 241 varietatem
1293 213 1458 240 omnem
1498 213 1549 240 ex

230 251 398 296 duobus
437 254 607 309 optimis
647 253 771 296 codd.
810 268 937 308 quam
966 253 1291 309 diligentissime
1322 261 1550 296 enotatam.

230 308 372 362 Quam
409 309 579 364 quidem
617 309 931 352 considerantes
970 310 1094 352 facile
1141 316 1339 367 apparet,
1370 311 1414 352 in
1453 310 1550 351 Par.

230 367 285 407 A.
331 371 542 406 vetustam
595 364 811 407 scribendi
865 366 1070 407 rationem
1123 367 1281 422 ubique
1340 373 1550 409 servatam

231 435 338 473 esse,
369 421 414 461 in
443 420 542 461 Vat.
571 423 626 462 Ω.
656 427 797 462 autern
827 421 1000 463 eandem
1032 429 1074 463 et
1102 422 1302 464 rariorem
1327 437 1437 476 csse,
1469 422 1551 463 nisi

231 475 346 530 quod
383 476 426 516 in
456 475 575 517 libris
605 477 934 532 posterioribus,
973 477 1046 519 ubi
1075 477 1280 532 plurimae
1309 478 1427 534 leges
1456 493 1550 533 per-

229 532 412 586 scriptae
442 537 554 585 sunt,
586 532 757 589 saepius
785 541 849 574 est
876 533 1089 587 adhibita,
1120 540 1162 575 et
1190 534 1327 576 sicubi
1358 533 1550 588 primitus

229 587 455 628 observata
482 588 576 641 fuit,
607 588 659 629 ab
690 587 840 630 eodem
860 589 1034 631 librario
1052 596 1204 644 postea
1225 604 1318 631 esse
1337 589 1550 631 reiectam.

229 643 342 684 Nam
383 643 599 685 verissime
642 643 850 686 iudicavit
886 645 1112 687 Bastius
1150 645 1205 687 ad
1242 644 1423 701 Gregor.
1465 644 1549 688 Co-

229 698 357 739 rinth.
396 714 436 754 p.
475 701 570 742 855.
629 700 903 753 „Punctum,
934 701 1096 755 inquit,
1136 701 1231 742 voci
1259 700 1549 756 superinposi-

228 761 319 795 tum
390 754 518 797 ariter
553 755 681 796 index
720 762 786 797 est
823 756 1100 798 dubitationis
1139 763 1212 798 aut
1240 756 1548 812 corruptionis;

228 810 341 851 inter
374 825 441 851 um
486 826 587 853 vero
624 811 807 865 indicat,
838 812 1043 866 litteram,
1084 813 1154 854 cui
1182 813 1430 867 impositum
1468 817 1548 865 est,

229 871 303 907 aut
347 866 475 907 talem
523 882 671 908 vocem
724 867 947 909 delendam
984 869 1125 910 esse.“
1203 867 1326 911 Conf.
1369 867 1549 909 eundem

228 922 357 963 etiam
387 938 427 977 p.
459 924 526 964 68.
567 929 610 964 et
629 939 670 978 p.
702 925 796 966 937.
857 924 968 965 Vere
999 924 1099 965 item
1130 923 1343 980 Hugius
1373 923 1417 965 in
1445 923 1550 964 Pro·

228 993 402 1033 gramm.
480 978 555 1020 De
601 979 952 1034 antiquitate
1005 979 1232 1022 Codicis
1291 979 1549 1022 Vaticani

228 1033 346 1075 Vet.
377 1040 428 1076 et
457 1034 588 1076 Nov.
619 1035 762 1078 Test.
820 1034 1021 1091 Friburg.
1062 1037 1183 1078 1810.
1210 1052 1254 1092 p.
1287 1037 1350 1079 10.
1410 1035 1551 1089 „Alia

225 1089 321 1131 loca
350 1089 509 1132 habent
536 1090 704 1146 signum
743 1091 1055 1147 reprobationis
1093 1106 1118 1133 a
1156 1092 1292 1147 prima
1319 1106 1447 1133 manu
1477 1090 1551 1131 ad-

226 1145 404 1196 iectum3
435 1145 517 1188 hoc
545 1145 689 1199 quoad
717 1146 906 1200 litteras,
946 1153 1021 1188 aut
1049 1162 1198 1189 vocem
1226 1162 1312 1190 non
1344 1147 1428 1189 nisi
1456 1147 1550 1188 uni-

229 1216 347 1254 cam,
394 1202 594 1244 consistit
631 1203 683 1243 in
721 1203 949 1258 punctis
987 1202 1189 1244 vertici
1235 1203 1550 1244 litterarum

227 1257 504 1312 impositis
522 1289 534 1312 ,
574 1273 682 1312 quae
711 1259 755 1301 in
794 1259 1187 1301 Herculanensibus
1217 1259 1375 1300 chartis
1403 1257 1551 1300 eadem

227 1313 540 1369 significatione
586 1313 844 1357 adhibentur
882 1321 928 1356 ut
971 1314 1016 1356 in
1055 1314 1304 1356 Philodemo
1341 1314 1551 1356 Hercula-

228 1370 398 1410 nensi.“
454 1369 523 1412 Ex
552 1371 706 1425 quibus
733 1371 928 1412 omnibus
957 1370 1074 1412 nullo
1099 1371 1271 1427 negotio
1299 1370 1551 1425 intelligitur

226 1425 408 1467 Parisini
436 1426 533 1468 libri
562 1435 777 1468 auctorem
798 1426 955 1468 veteris
978 1426 1155 1468 alicuius
1186 1425 1347 1468 codicis
1367 1427 1550 1480 scriptu-

227 1496 315 1522 ram
344 1480 530 1523 fideliter
557 1483 775 1533 retulisse3
807 1483 1007 1524 Vaticani
1037 1489 1179 1524 autem
1207 1482 1303 1524 libri
1333 1488 1550 1523 auctorem

227 1536 342 1579 idem
373 1537 545 1592 quidem
574 1539 746 1593 fecisse,
777 1537 934 1580 sedita
961 1538 1128 1592 fecisse,
1166 1545 1213 1580 ut
1239 1540 1274 1581 ἶ
1301 1538 1429 1579 finale
1445 1537 1548 1589 lubi-

227 1608 310 1647 que
350 1593 586 1636 tollendum
632 1609 726 1636 esse
771 1594 1080 1650 significaverit
1124 1600 1273 1650 utpote
1322 1609 1375 1635 ex
1416 1592 1548 1635 veteri

227 1649 442 1690 scribendi
471 1665 587 1691 more
618 1665 668 1692 ac
697 1650 861 1691 ratione
892 1649 1117 1692 oriundum
1146 1658 1190 1692 et
1221 1650 1442 1692 arbitrarie
1472 1665 1548 1704 po-

227 1705 366 1747 situm.
425 1705 655 1747 Enimvero
677 1706 800 1747 duxit
827 1705 946 1748 istud
972 1712 1112 1748 ortum
1140 1720 1264 1747 suum
1286 1704 1401 1746 haud
1421 1704 1549 1746 dubie

228 1776 280 1802 ex
312 1776 378 1814 eo,
411 1761 527 1815 quod
558 1777 688 1817 quum
715 1767 888 1803 vetusta
914 1762 1085 1818 lingua,
1117 1768 1165 1804 ut
1192 1777 1322 1817 supra
1348 1760 1546 1813 diximus,

226 1817 385 1872 passim
415 1817 586 1859 finalem
614 1818 797 1859 litteram
831 1817 957 1859 etiam
980 1823 1078 1859 ante
1108 1832 1317 1860 consonas
1345 1817 1389 1858 in
1409 1816 1548 1857 medio

226 1888 420 1915 sermone
450 1874 643 1927 tulisset,
673 1875 710 1916 si
739 1872 910 1928 quando
949 1874 1214 1916 sonantiores
1241 1872 1547 1915 vocabulorum

224 1929 383 1971 formae
424 1929 494 1971 vel
532 1931 768 1972 sententiae
804 1929 872 1971 vel
911 1929 1035 1970 metri
1064 1944 1218 1971 caussa
1245 1929 1404 1984 requiri
1430 1927 1547 1969 vide-

225 1991 386 2037 rentur,
419 1992 508 2027 tum
538 1992 690 2040 postea
719 1985 846 2027 etiam
875 1984 944 2027 hic
973 2000 1076 2027 usus
1103 2000 1282 2042 regnare
1315 1984 1469 2039 coepit,
1500 1989 1548 2024 ut

225 2041 411 2094 librarii,
451 2041 488 2083 si
525 2041 698 2095 quando
744 2040 935 2083 codicem
963 2041 1145 2095 aliquem
1200 2039 1466 2096 splendidius
1505 2046 1548 2081 et

225 2097 415 2138 ornatius
453 2097 669 2152 scriptum.
697 2103 926 2153 cuperent,
975 2111 1072 2138 eum
1126 2095 1181 2137 ad
1229 2095 1547 2138 similitudinem

222 2153 380 2194 veteris
418 2152 476 2193 lin
512 2167 590 2194 uae
619 2160 842 2195 exararent
867 2151 1051 2207 ideoque
1089 2152 1215 2194 etiam
1273 2151 1547 2208 aragogicum

223 2207 331 2249 illud
359 2211 394 2251 ἶ
423 2207 475 2249 ad
510 2209 696 2263 ibex-ent,
738 2225 821 2264 quo
853 2208 1089 2264 scripturae
1148 2223 1227 2249 uae
1262 2223 1327 2249 am
1359 2207 1547 2263 dignita-

223 2263 279 2305 tis
318 2279 338 2306 s
372 2263 484 2306 ecies
526 2264 839 2308 conciliaretur.
914 2263 1086 2320 Quippe
1163 2279 1243 2307 anc
1295 2263 1546 2319 scripturam

224 2318 324 2361 dein
357 2335 379 2362 e
419 2319 544 2361 etiam
582 2320 758 2362 aliorum
795 2319 990 2362 codicum
1026 2319 1256 2375 scriptores
1295 2319 1546 2362 servandam

223 2374 541 2430 iudicaverunt,
572 2376 662 2417 sive
693 2376 809 2430 quod
846 2377 907 2418 ita
933 2375 1065 2418 libros
1096 2390 1196 2418 suos
1225 2391 1278 2418 ex
1306 2375 1546 2418 istiusmodi

222 2431 507 2473 monumentis
545 2431 698 2473 ductos
730 2446 822 2473 esse
852 2431 1091 2488 significare
1121 2446 1257 2487 eoque
1285 2431 1412 2473 modo
1440 2431 1545 2488 ipsis

224 2486 321 2542 plus
353 2487 616 2530 auctoritatis
649 2488 876 2529 conciliare
905 2487 1076 2539 vellent,
1108 2487 1197 2529 sive
1228 2486 1344 2542 quod
1376 2487 1545 2529 omnino

223 2543 356 2585 veteri
395 2543 502 2586 mori
538 2549 582 2585 et
619 2543 919 2585 consuetudini
955 2542 1115 2597 aliquid
1151 2543 1424 2585 tribuendum
1453 2557 1545 2585 esse

222 2605 471 2642 statuerent.
529 2600 675 2653 Atque
704 2599 809 2640 haec
847 2599 883 2641 si
912 2598 1189 2653 probabiliter
1215 2600 1275 2641 ita
1305 2599 1544 2650 statuimus,
