1612 2872
483 89 573 132 DE
605 88 882 134 LEGIBUS
914 95 996 131 etc.
1257 92 1433 135 CLXI'

47 215 174 243 neam
214 200 553 256 explicationem
597 214 780 256 eamque
811 201 1045 246 admodum
1075 202 1247 247 facilem
1279 211 1411 260 atque

47 256 351 313 perspicuam,
393 273 482 314 qua
521 272 621 299 cum
660 256 862 300 doctrina
908 259 992 301 viri
1038 260 1142 304 alibi
1187 260 1412 317 explicata.

47 314 167 356 nullo
208 315 388 370 negotio
426 314 729 357 concilientur.
797 317 867 357 Ac
904 316 1091 372 primum
1127 317 1303 372 quidem
1344 317 1410 360 di-

44 369 336 427 ligentissima
374 371 556 429 dignum
597 377 664 413 est
701 371 1101 428 animadversione,
1140 373 1261 429 quod
1290 375 1409 418 viros

16 426 199 470 ‘doctos
238 428 346 471 mire
384 427 634 484 praeteriit,
685 428 896 482 animam,
945 445 1075 485 quam
1119 431 1408 488 philosophus

45 490 282 537 memorat,
324 500 413 528 non
454 484 642 540 intelligi
671 499 851 528 numero
883 485 1119 543 duplicem,
1151 487 1229 530 sed
1260 488 1408 544 potius

13 557 15 562 ¹
42 556 176 583 unam
194 541 482 596 eandemque,
517 541 718 595 quamvis
746 541 924 585 virtutis
959 543 1089 585 laude
1121 545 1223 587 ideo
1255 545 1398 587 diver-

43 612 163 652 sam,
204 598 309 653 quia
345 598 415 640 vel
452 597 566 639 mala
605 597 675 639 vel
716 597 832 639 bona
864 613 959 641 esse
989 601 1143 656 possit.
1203 601 1258 643 Id
1288 602 1407 657 quod

42 654 112 696 vel
153 670 210 696 ex
249 670 301 698 eo
330 661 540 711 apparet,
573 652 725 709 quod,
750 653 853 697 licet
881 656 1168 700 Atheniensis
1199 657 1310 701 duas
1341 660 1407 701 iu-

41 711 255 754 dicaverit
294 713 461 754 animas
502 725 624 765 esse,
665 716 810 753 tamen
847 712 942 769 ipse
973 713 1183 769 deinceps
1213 715 1276 757 sic
1306 731 1406 771 per-

40 768 106 825 git
134 769 456 825 argumentari:
515 770 613 822 ἄγει
651 771 733 822 μὲν
771 771 826 821 δὴ
865 769 990 826 ψυχή
1029 770 1177 813 πάντα
1217 788 1256 813 κ.
1296 789 1336 815 τ.
1365 775 1404 817 λ.

38 831 166 867 utens
205 841 386 868 numero
424 825 607 868 unitatis
645 839 790 880 neque
817 825 903 868 iam
934 842 1066 883 porro
1096 826 1281 870 duarum
1313 829 1406 872 ani-

38 896 204 924 marum
234 883 437 925 iniiciens
467 882 743 924 mentionem.
813 881 904 926 Sed
934 884 1094 926 clarius
1123 885 1240 927 idem
1272 886 1405 928 etiam

41 954 98 981 ex
122 953 174 982 eo
203 940 480 997 intelligitur,
513 937 633 994 quod
661 938 790 981 Plato
819 955 973 982 revera
997 940 1219 996 duplicem
1248 943 1406 986 statuit

39 995 210 1038 animae
239 1012 318 1053 per
347 1012 394 1040 se
426 1002 651 1053 spectatae
670 1003 885 1041 naturam.
940 996 1129 1040 Censuit
1158 1001 1274 1041 enim
1291 1015 1402 1055 eam,

38 1058 191 1151 utpote
221 1054 509 1111 compositam
537 1069 594 1096 ex
623 1053 756 1097 variis
786 1053 1028 1109 elementis,
1058 1055 1251 1110 itemque
1269 1057 1404 1100 variis

0 1155 1 1162 χ
70 1109 277 1152 olentem
317 1111 487 1153 viribus
506 1110 744 1165 liberoque
774 1117 920 1165 motu,
951 1110 998 1153 id
1028 1117 1118 1166 est,
1151 1113 1320 1155 arbitrii
1349 1114 1402 1156 li-

0 1179 1 1197 1
67 1172 205 1209 ertate
236 1167 502 1223 praeditam,
534 1166 665 1209 modo
696 1173 818 1209 recta
846 1168 1026 1222 sentire,
1057 1168 1170 1211 velle
1202 1176 1246 1215 et
1273 1170 1402 1213 intel-

36 1223 198 1281 ligere,
238 1224 371 1267 modo
414 1224 528 1266 falsa
574 1224 823 1280 percipere,
879 1231 1086 1281 appetere
1137 1231 1182 1267 et
1230 1227 1402 1283 opinari

0 1295 180 1382 ‘33⁸⁸ss
225 1281 965 1387 41Ξθὲ“ἷῖθό”ἒέῗωορ’8ἶ4“ἕ“
997 1284 1269 1382 Ἓὲῑῗὲῖῃῒί
1300 1284 1399 1383 03)·

0 1342 80 1451 'Q‘-
109 1397 209 1439 436.
238 1397 295 1436 A.
326 1388 499 1451 91439.
540 1392 594 1436 C.
625 1394 684 1437 D.
725 1395 810 1436 IX.
840 1410 884 1451 p.
915 1397 1013 1438 589.
1046 1396 1099 1438 E.
1134 1355 1323 1440 Piiaedr.
1353 1414 1398 1455 p.
1452 1449 1455 1451 ,

38 1452 134 1494 ⁴237.
174 1452 234 1494 D.
271 1452 325 1494 E.
367 1451 511 1508 Legg.
550 1451 611 1493 X.
641 1452 738 1495 899.
769 1451 827 1494 D.
860 1458 905 1494 et
933 1468 1045 1508 quae
1077 1452 1398 1510 disputavimus

36 1507 327 1566 Prolegomm.
369 1507 426 1550 ad
466 1508 640 1563 Politic.
679 1523 721 1563 p.
758 1512 854 1552 115.
883 1524 982 1565 sqq.
1040 1508 1189 1562 Quam
1221 1511 1399 1566 quidem

35 1566 295 1609 tententiam
334 1580 458 1608 suam
496 1564 787 1621 philosophus
826 1566 891 1608 ita
919 1566 1141 1621 defendit,
1185 1573 1236 1610 ut
1265 1569 1399 1614 etiam

36 1622 137 1665 mli
165 1628 298 1677 atque
327 1622 556 1679 pravitatis
588 1622 803 1679 originem
831 1621 935 1665 inde
963 1623 1205 1680 repetierit.
1264 1625 1398 1669 Hanc

33 1678 169 1736 igitur
198 1678 415 1736 duplicem
445 1679 615 1722 animae
647 1678 839 1721 indolem
875 1694 929 1722 ac
960 1688 1162 1723 naturam
1190 1680 1285 1724 sine
1312 1682 1398 1725 du-

34 1735 108 1778 bio
148 1736 276 1778 etiam
314 1737 362 1778 in
402 1737 573 1794 Legum
602 1736 700 1778 loco
732 1736 1011 1793 significavit.
1071 1736 1206 1791 Quod
1236 1753 1316 1781 cur
1344 1754 1396 1782 eo

33 1791 174 1835 modo‘
193 1793 368 1846 fecerit,
411 1799 463 1836 ut
502 1793 643 1849 ipsam
683 1793 868 1835 animam
899 1793 1103 1836 videatur
1132 1793 1397 1839 iudicavisse

34 1863 215 1891 numero
247 1848 482 1905 duplicem,
507 1850 606 1892 eius
635 1849 699 1891 rei
729 1864 930 1892 caussam
960 1865 1237 1906 nequaquam
1269 1859 1396 1908 puta-

34 1919 131 1947 mus
171 1906 403 1947 obscuram
440 1911 518 1947 aut
563 1906 774 1948 incertam
821 1921 930 1949 esse.
998 1908 1230 1949 Tractavit
1279 1909 1396 1953 enim

34 1976 124 2004 rem
154 1961 226 2004 hic
257 1977 434 2017 quoque
464 1962 759 2018 populariter,
800 1962 935 2017 idque
974 1978 1026 2005 eo
1056 1963 1163 2006 fecit
1191 1965 1394 2020 consilio,

35 2025 86 2060 nt
124 2033 179 2061 ne
219 2019 303 2062 sibi
332 2018 390 2061 ad
421 2018 692 2064 subtiliorem
723 2018 778 2060 de
808 2019 980 2062 animae
1009 2025 1166 2062 natura
1196 2020 1396 2078 disputa-

36 2075 199 2118 tionem
230 2075 586 2119 descendendum
617 2081 746 2118 esset.
805 2076 874 2119 Ac
892 2075 976 2118 fuit
1004 2075 1112 2118 haec
1134 2077 1247 2120 ratio
1274 2085 1394 2122 certe

81 2131 120 2175 si
160 2132 335 2189 dialogo
386 2132 518 2190 longe
554 2131 988 2187 convenientissima,
1037 2133 1394 2191 quandoquidem

74 2187 200 2243 linias
229 2189 319 2244 ille,
353 2204 481 2244 quem
511 2203 611 2231 cum
628 2188 893 2231 Atheniensi
925 2188 1179 2244 loquentem
1202 2191 1390 2248 induxit,

14 2244 156 2299 ,iuxta
192 2261 290 2288 cum
328 2245 538 2302 Megillo,
580 2246 702 2289 socio
731 2261 839 2299 suo,
879 2245 925 2287 in
953 2245 1210 2291 disserendo
1239 2264 1392 2306 parum

0 2297 8 2306 ⁸
35 2302 301 2345 exercitatus
329 2302 525 2360 fingitur.
584 2302 741 2358 Itaque
770 2302 865 2357 ille,
904 2308 1188 2359 utpote-cum
1214 2305 1391 2358 homine

36 2357 280 2402 disserendi
321 2359 552 2402 subtilitati
594 2360 739 2404 minus
777 2365 962 2403 assueto
993 2360 1275 2418 colloquens,
1302 2364 1391 2407 sci-

35 2415 237 2458 scitatur:
266 2431 370 2458 num
386 2420 496 2470 μίαν
523 2413 552 2468 ἢ
573 2419 748 2466 πλείους
777 2416 928 2472 ψυχὰς
953 2414 1034 2460 τὸν
1060 2417 1255 2474 οἱρανὸν
1285 2424 1392 2463 διοι-

39 2480 130 2514 κεῖν
161 2471 414 2515 arbitretur.
484 2472 613 2527 Quae
649 2473 801 2516 eadem
836 2472 967 2528 plane
996 2474 1108 2517 ratio
1137 2475 1282 2519 locum
1313 2477 1392 2520 ha-

34 2527 111 2571 bet
150 2526 280 2571 etiam
318 2528 437 2586 apud
479 2530 678 2586 Xenop
693 2530 736 2572 h.
775 2528 937 2587 Cyrop.
982 2530 1064 2576 VI.
1108 2536 1145 2575 1.
1179 2535 1255 2577 41.
1319 2534 1392 2578 Ibi

37 2584 151 2627 enim
191 2584 411 2630 Pantheas
459 2586 606 2644 lepide
656 2588 807 2630 iocans
846 2601 947 2629 cum
985 2586 1127 2645 Cyro:
1168 2588 1249 2632 δύο
1288 2589 1391 2646 γάρ,

35 2640 206 2696 inquit,
267 2644 421 2700 σαφῶς
469 2645 548 2698 ἔχω
595 2642 746 2699 ψυχάς
794 2668 847 2674 —-
897 2645 977 2686 νῦν
1028 2646 1161 2688 τοῦτο
1209 2649 1392 2703 πἐφιλο-

1056 2723 1092 2763 L
