1612 2872
246 124 281 166 C
672 123 1095 167 PROLEGOMEN
1105 127 1139 167 A

249 251 343 278 nem
383 235 594 290 quandam
633 249 682 274 ac
721 250 852 290 prope
891 234 1100 291 effigiem,
1152 237 1288 291 qualis
1337 237 1381 278 in
1454 237 1563 278 atria

248 292 406 347 ipsius,
438 291 519 332 hoc
549 297 616 330 est
643 290 815 332 omnino
843 290 955 332 inter
984 289 1203 344 Graecos,
1245 292 1414 346 aliquan
1448 307 1472 333 o
1501 292 1564 334 vi-

247 347 417 389 deretur
455 346 634 387 existere
673 360 813 399 posse.
890 345 1030 399 Quam
1068 346 1240 401 quidem
1286 348 1340 389 ob
1370 362 1564 390 caussam

247 418 325 444 nec
354 401 566 457 peregrini
597 400 830 455 quidquam
859 400 1086 444 admiscuit
1128 409 1202 444 aut
1263 402 1378 458 quod
1411 403 1564 445 barba-

247 473 388 500 rorum
430 463 544 499 esset
601 457 819 512 proprium
879 458 1088 512 suscepit3
1138 459 1222 500 imo
1268 457 1479 513 siquando
1517 458 1562 500 id

247 513 443 565 admisit,
483 511 709 568 diligenter
735 512 842 554 illud
873 515 1063 567 notavit,
1106 515 1236 556 veluti
1265 514 1339 556 ubi
1369 514 1564 569 disputat

249 569 301 610 de
334 568 542 610 institutis
585 568 924 624 Aegyptiorum,
972 584 1151 624 quorum
1198 571 1387 612 locorum
1435 585 1566 626 supra

247 624 403 666 iniecta
439 623 598 665 mentio
637 635 714 666 est.
790 624 904 666 Illud
952 641 1083 667 unum
1131 627 1218 668 fere
1266 626 1347 668 sibi
1395 627 1560 679 sumsit,

249 679 364 735 quod
402 679 648 734 postulabat
685 680 851 723 consilii
890 682 958 729 sui
996 682 1129 734 ratio,
1168 690 1217 725 ut
1253 697 1340 723 non
1378 692 1562 723 veterem

247 736 431 791 aliquam
461 735 677 777 civitatem
706 736 749 777 in
780 735 963 779 Graecia
991 737 1190 780 laudibus
1220 738 1473 780 celebratam
1502 738 1562 779 le-

248 792 374 848 gibus
403 797 597 844 ornaret,
639 791 714 833 sed
743 807 897 834 novam
925 793 1050 849 plane
1084 794 1313 847 conderet,
1355 808 1440 847 quo
1468 793 1564 834 uni-

248 863 416 890 versum
445 863 584 889 rerum
614 848 881 902 publicarum
913 849 1154 891 aedificium
1186 865 1313 903 quam
1341 849 1563 904 perfectis-

249 905 401 946 simum
432 903 687 945 efficeretur.
747 903 1016 959 Quamquam
1043 920 1096 947 ne
1126 906 1170 946 in
1199 906 1278 947 hac
1309 905 1483 959 quidem
1501 920 1561 958 re,

249 960 377 1002 sicuti
422 966 547 1000 antea
588 959 987 1016 animadvertimus,
1034 962 1094 1003 ita
1143 967 1335 1004 versatus
1376 967 1465 1015 est,
1514 966 1564 1002 ut

248 1016 407 1057 nullam
434 1030 598 1057 morum
627 1021 670 1057 et
697 1015 986 1058 institutorum
1009 1015 1271 1059 Graecorum
1303 1017 1469 1059 duxerit
1496 1031 1563 1058 ra-

248 1073 422 1125 tionem,
453 1070 666 1125 siquidem
696 1071 875 1114 fundum
906 1072 1092 1114 aedificii
1125 1074 1192 1116 sui
1221 1073 1358 1115 voluit
1385 1087 1562 1129 prorsus

248 1142 342 1170 esse
372 1127 592 1169 Doricum.

359 1182 482 1236 Quae
513 1182 654 1224 omnia
683 1183 720 1224 si
738 1197 837 1224 vere
859 1189 959 1224 sunt
975 1183 1206 1239 disputata,
1229 1183 1562 1226 luculentissime

250 1239 440 1296 profecto
469 1253 672 1294 apparere
699 1239 972 1293 arbitramur,
1003 1239 1223 1281 Platonem
1253 1240 1426 1281 alteram
1454 1240 1564 1280 hanc

249 1295 466 1338 civitatem
506 1294 821 1350 sapientissimo
859 1295 1036 1336 consilio
1076 1295 1136 1336 ita
1173 1296 1468 1349 constituisse,
1515 1300 1566 1336 ut

248 1353 292 1392 in
324 1366 373 1392 ea
401 1349 673 1392 informanda
702 1356 829 1405 atque
859 1350 1049 1392 ornanda
1075 1365 1160 1392 non
1191 1351 1318 1394 modo
1347 1352 1461 1393 vitae
1491 1365 1563 1392 ve-

248 1409 417 1450 ritatem
449 1406 711 1462 respexerit,
743 1422 890 1448 verum
920 1408 1046 1448 etiam
1076 1408 1220 1463 leges,
1259 1422 1397 1450 mores
1427 1413 1470 1449 et
1497 1407 1563 1448 in-

249 1464 402 1506 stituta
439 1461 700 1505 Graecarum
743 1462 934 1518 gentium
972 1478 1022 1504 ae
1061 1463 1314 1519 populorum
1351 1469 1563 1518 perpetuo

249 1519 305 1562 ob
337 1518 486 1561 oculos
514 1518 722 1563 habuerit.
796 1518 848 1560 In
878 1533 963 1573 quo
994 1519 1090 1573 quis
1133 1529 1198 1561 est
1227 1519 1331 1573 quin
1358 1525 1563 1575 protenus

250 1581 458 1631 agnoscat
489 1575 724 1628 Platonem,
756 1575 829 1629 qui
857 1589 911 1616 ne
940 1575 984 1616 in
1013 1575 1176 1630 optima
1204 1574 1375 1630 quidem
1405 1582 1447 1617 et
1475 1590 1564 1616 om-

248 1632 374 1673 nibus
404 1631 590 1672 numeris
619 1630 816 1673 absoluta
845 1631 1018 1672 civitate
1044 1631 1206 1686 patriae
1228 1646 1330 1673 suae
1347 1631 1564 1672 immemor

248 1687 382 1729 fuisse
411 1685 652 1742 reperitur?
719 1687 881 1728 Verum
921 1687 965 1728 in
1003 1686 1084 1728 hac
1123 1687 1218 1742 ipsa
1253 1702 1299 1728 re
1336 1687 1406 1728 ille
1436 1687 1563 1728 etiam

249 1742 366 1784 aliud
425 1741 499 1783 uid
528 1747 734 1797 sequutus
765 1749 855 1795 est,
897 1741 1011 1797 quod
1049 1742 1121 1784 ubi
1159 1742 1406 1797 diligentius
1434 1743 1563 1784 fuerit

249 1799 390 1840 anima
422 1813 617 1851 versum,
660 1797 754 1839 fieri
783 1813 868 1839 non
894 1798 1054 1853 p'oterit
1085 1799 1188 1853 quin
1218 1814 1295 1854 pro
1325 1798 1563 1840 certissimo

249 1861 499 1910 argumento
539 1853 708 1896 divinae
748 1853 967 1895 cuiusdam
1014 1855 1252 1909 sapientiae
1301 1860 1344 1896 et
1401 1854 1561 1910 ingenii

248 1911 465 1953 sollertiae
494 1910 620 1966 plane
650 1909 937 1962 admirabilis,
981 1911 1149 1964 qualem
1169 1911 1213 1952 in
1231 1910 1410 1952 Platone
1433 1915 1561 1975 saepe

249 1966 531 2020 admiramur,
571 1965 792 2008 habeatur.
859 1965 1030 2008 Etenim
1061 1966 1177 2020 quod
1206 1966 1487 2022 philosophus
1516 1981 1562 2007 in

251 2023 434 2065 Politico
460 2038 502 2077 p.
533 2023 628 2064 305.
658 2021 700 2062 D
731 2036 824 2076 sqq.
860 2021 913 2064 de
943 2023 1120 2078 perfecti
1149 2022 1228 2064 viri
1258 2022 1395 2064 civilis
1425 2027 1467 2063 et
1495 2037 1560 2064 re-

245 2094 338 2120 rum
358 2078 634 2133 vpublicarum
662 2078 960 2133 gubernatoris
987 2092 1158 2120 munere
1194 2084 1237 2119 et
1274 2077 1416 2119 officio
1455 2079 1561 2120 scri-

245 2135 355 2189 psit,
396 2135 582 2190 positum
611 2133 716 2174 illud
744 2148 837 2176 esse
866 2135 910 2175 in
943 2149 1016 2187 eo,
1054 2140 1123 2186 ut,
1160 2133 1286 2175 sicuti
1314 2134 1358 2174 in
1388 2139 1560 2176 textura

246 2190 318 2231 fila
346 2189 518 2231 duriora
546 2195 590 2231 et
617 2189 811 2231 molliora
840 2195 1144 2243 contexantur,
1182 2190 1244 2231 ita
1281 2190 1325 2230 in
1355 2190 1559 2232 societate

246 2245 362 2288 civili
391 2245 598 2288 fortitudo
629 2250 673 2286 et
701 2246 1002 2301 temperantia,
1045 2252 1248 2299 tanquam
1298 2246 1466 2288 nativae
1492 2247 1558 2288 in-

247 2301 469 2358 geniorum
497 2302 699 2355 virtutes,
745 2317 904 2356 eaeque
940 2301 1051 2343 inter
1093 2316 1138 2344 se
1168 2302 1427 2355 contrariae,
1457 2317 1559 2344 con-

246 2358 478 2412 iungantur
514 2358 853 2413 coniunctaeque
897 2358 1112 2413 sapienter
1149 2363 1461 2412 temperentur-3
1512 2357 1559 2399 id

246 2414 438 2469 profecto
477 2412 570 2468 ipse
618 2414 661 2453 in
710 2414 901 2469 Legibus
948 2413 1117 2470 egregie
1163 2413 1390 2468 perfecisse
1429 2420 1559 2468 atque

246 2469 511 2524 praestitisse
558 2468 862 2512 existimandus
909 2475 987 2511 est.
1065 2468 1299 2511 Coniunxit
1347 2470 1457 2511 enim
1498 2469 1558 2511 ibi

246 2525 545 2589 sapienterque
575 2524 780 2566 conflavit
808 2523 1058 2582 gravitatem
1087 2524 1440 2566 et·fortitudinem
1466 2525 1555 2566 Do·
1609 2557 1611 2573 2

243 2587 373 2623 neam
404 2595 499 2622 cum
529 2580 673 2621 nativa
710 2582 989 2637 temperantia
1027 2587 1069 2622 et
1109 2581 1377 2623 humanitate
1406 2581 1558 2623 Ionum
1603 2612 1605 2639 3

245 2643 287 2679 et
315 2637 555 2679 Atticorum
585 2636 770 2690 propria,
803 2636 1012 2692 siquidem
1045 2637 1273 2690 civitatem,
1307 2651 1431 2691 quam
1458 2651 1558 2678 con·
1603 2649 1605 2655 ¹
