1612 2872
212 83 256 124 X
684 81 1049 124 PRAEFATIO.

211 193 358 245 dius,
419 195 551 246 Aug.
609 192 951 245 Boeckhius,
1014 193 1064 236 C.
1126 193 1432 250 Dithey-us‚
1481 195 1532 237 E.

212 249 490 301 Zellerus‚
525 248 653 289 ltob.
685 247 1061 290 Schrammius
1100 254 1143 290 et
1181 247 1230 290 C.
1273 249 1354 292 Fr.
1393 251 1534 291 Her-

211 319 448 346 mannus.
529 303 642 343 Nam
698 303 983 345 Heusdius
1032 304 1202 359 quidem
1254 305 1298 346 in
1346 306 1531 361 Specim.

211 359 316 403 Crit.
357 360 401 400 in
452 359 621 399 Platon.
673 357 876 414 Lugdun.
925 359 1022 402 Bat.
1076 362 1193 403 1803.
1243 362 1279 402 8.
1328 361 1443 403 edito
1493 378 1534 416 p.

214 417 290 456 144
314 417 464 455 -167.
504 428 591 454 non
629 429 789 469 paucos
826 415 943 457 locos
985 416 1152 472 Legum
1194 415 1358 457 erudite
1386 416 1535 458 diluci-

211 470 341 511 davit.
411 469 542 521 Quod
582 468 695 511 idem
736 471 863 512 etiam
895 471 1266 513 Schrammius
1297 473 1436 513 facere
1465 488 1536 514 co-

209 532 335 568 natus
367 531 432 567 est
475 525 664 579 quinque
710 528 1034 582 programmatis
1073 528 1339 569 scholasticis
1394 527 1536 581 Quae-

209 582 370 623 stiones
410 580 463 622 de
502 581 605 623 locis
635 583 850 624 nonnullis
882 583 1046 638 Legum
1088 583 1401 625 Platonicarum
1434 600 1535 625 con-

209 637 446 678 tinentibus
515 643 559 678 et
630 636 792 679 Glatzii
861 639 1026 681 emissis
1096 640 1201 681 1844
1225 663 1266 669 ——
1297 640 1414 681 1858.
1470 643 1533 692 4.‚

208 694 252 733 in
291 692 446 746 quibus
485 693 605 734 locos
643 693 853 747 quosdam
901 695 1174 750 grammatice
1214 701 1341 748 atque
1389 696 1536 736 critice

208 749 422 790 tractavit.
482 749 710 790 Praeterea
755 750 1072 792 Boeckhius
1113 751 1156 791 in
1189 750 1320 804 libro,
1361 752 1436 805 qui
1471 751 1536 792 in—

209 804 392 860 scriptus
423 811 513 846 est:
573 804 632 845 In
674 805 955 859 Platonis,
999 807 1092 861 qui
1128 806 1291 862 vulgo
1334 807 1535 860 fertur,

209 860 446 902 Minoem
484 859 835 915 eiusdemque
872 862 1054 904 libros
1094 862 1312 917 priores
1345 861 1404 903 de
1435 863 1536 905 Le-

208 916 382 971 gibus.
441 916 566 957 Halis
615 915 773 959 Saxon.
830 919 944 960 1806.
984 920 1021 960 8.
1062 934 1101 973 p.
1143 919 1367 960 64-198.
1405 932 1536 971 quum

208 973 404 1013 universe
444 971 653 1025 quaedam
695 972 747 1013 de
775 973 968 1029 Legibus
998 973 1255 1029 disputavit,
1299 980 1389 1014 tum
1417 973 1536 1015 locos

209 1027 475 1069 difficiliores
506 1028 633 1069 trium
662 1028 848 1083 priorum
879 1029 1082 1071 librorum
1121 1029 1366 1071 doctissime
1395 1045 1536 1070 emen-

210 1083 327 1125 davit
367 1094 496 1137 atque
538 1084 781 1126 illustravit.
862 1085 997 1128 Porro
1039 1085 1337 1140 Diltheyus
1385 1085 1535 1126 adver-

208 1155 280 1182 sus
310 1140 548 1191 Anium,
591 1140 664 1193 qui
703 1140 871 1196 Legum
910 1141 1207 1183 auctoritatem
1234 1141 1278 1182 in
1307 1141 1415 1182 libro
1456 1142 1534 1182 De

208 1195 347 1236 Vita
376 1202 431 1237 et
459 1195 715 1251 Scriptis
748 1196 881 1239 Plat.
912 1213 953 1252 p.
986 1199 1080 1238 379.
1111 1212 1202 1251 sqq.
1231 1197 1275 1237 in
1305 1195 1536 1239 dubitatio-

207 1266 304 1292 nem
337 1257 557 1305 vocasset,
588 1252 986 1294 commentationem
1029 1253 1202 1307 scripsit
1231 1253 1368 1294 bonae
1397 1253 1534 1308 frugis

207 1307 397 1362 plenam:
458 1307 718 1350 Platonis
748 1307 1016 1350 librorum
1053 1307 1114 1350 de
1151 1308 1370 1364 legibus
1411 1324 1535 1349 exa-

207 1378 346 1416 men,
387 1378 514 1417 quo,
558 1379 792 1418 quonam
838 1364 953 1405 iure
985 1364 1216 1405 Platoni
1253 1363 1535 1405 vindicari

206 1419 445 1474 possint,
479 1425 756 1474 appareat.
815 1418 1012 1476 Gotting.
1048 1421 1164 1462 1820.
1194 1421 1232 1463 4.
1263 1418 1535 1474 Quamquam

207 1475 287 1516 hac
332 1474 624 1529 disputatione
672 1490 750 1516 sua
788 1491 875 1517 non
920 1475 965 1517 id
1010 1481 1300 1530 consequutus
1348 1482 1436 1528 est⁷
1485 1482 1536 1517 ut

207 1530 529 1572 Eduardum
576 1531 848 1573 Zellerum
888 1531 1141 1585 deterreret,
1190 1546 1243 1572 ne
1281 1532 1317 1572 is
1365 1531 1532 1586 Legum

206 1586 336 1628 fidem
365 1597 423 1635 *et
461 1587 759 1628 auctoritatem
789 1587 929 1629 denuo
958 1588 1120 1642 impetu
1151 1588 1277 1628 etiam
1307 1587 1533 1628 vehemen-

205 1643 315 1684 tiore
350 1643 643 1698 impugnaret,
684 1642 730 1684 id
760 1643 876 1696 quod
905 1644 1007 1685 fecit
1036 1644 1081 1685 in
1109 1643 1237 1684 libro:
1278 1643 1533 1684 Platoni-

207 1698 334 1740 sche
366 1697 613 1746 Studien.
674 1699 859 1755 Tubing.
898 1701 1014 1742 1839.
1045 1701 1091 1742 ,8.
1122 1700 1292 1751 emisso⁷
1325 1699 1398 1752 qui
1428 1699 1536 1740 liber

207 1760 251 1795 et
283 1755 374 1809 ipse
413 1754 546 1795 multa
594 1755 786 1796 continet
831 1755 1027 1811 diligenti
1075 1755 1371 1797 observatione
1418 1754 1535 1796 haud

206 1825 308 1852 sane
346 1810 546 1865 indigna3
589 1811 862 1864 quamobrem
902 1811 956 1852 ad
993 1826 1088 1853 eum
1125 1811 1171 1852 in
1200 1811 1531 1852 Commentariis

205 1865 365 1908 nostris
403 1865 635 1907 identidem
678 1868 1027 1920 respectavimus.
1088 1867 1284 1921 Denique
1323 1867 1530 1920 imprimis

207 1921 506 1963 memorandus
535 1921 604 1963 hic
631 1930 697 1964 est
726 1923 789 1964 vir
819 1924 1031 1979 egregius,
1071 1921 1120 1963 C.
1151 1922 1232 1964 Fr.
1262 1922 1532 1964 Herman-

206 1991 326 2031 nu8,
369 1978 442 2031 qui
480 1977 599 2020 locos
636 1979 805 2034 Legum
846 1979 900 2020 ad
939 1980 1004 2021 ius
1045 1978 1238 2019 Atticum
1278 1984 1321 2019 et
1358 1977 1533 2031 antiqua

207 2032 471 2075 Graecorum
526 2034 724 2076 instituta
772 2041 1017 2088 spectantes
1064 2033 1315 2075 dilucidavit
1364 2033 1530 2075 duabus

208 2088 572 2144 disputationibus
612 2090 857 2132 doctissime
895 2090 1088 2146 scriptis:
1157 2089 1232 2130 De
1262 2089 1530 2145 vestigiis

206 2144 607 2186 institutorum
626 2146 1174 2200 veterum‚imprimis
1193 2146 1529 2197 Atticorum,

207 2215 306 2255 per
337 2200 590 2243 Platonis
622 2201 690 2242 dev
714 2202 931 2258 legibus
961 2201 1137 2242 libros
1174 2199 1530 2257 indagandis3

209 2264 250 2297 et
296 2256 449 2297 Iuris
481 2255 781 2299 domestici
813 2263 864 2299 et
900 2256 1199 2299 fam-iliaris
1230 2256 1370 2311 apud
1410 2257 1530 2297 Pla-

208 2317 388 2354 tonem
428 2312 479 2353 in
519 2313 738 2367 legibus
768 2329 879 2355 cum
907 2313 1117 2354 veteris
1149 2310 1420 2354 Graeciae
1450 2313 1530 2353 in-

210 2382 311 2421 que
359 2367 557 2422 primis
603 2368 938 2411 Athenarum
970 2368 1262 2410 institutis
1314 2383 1530 2422 compa—

207 2423 362 2464 ratio.
421 2424 644 2479 Marburg.
693 2426 811 2467 1836.
841 2428 881 2467 4.
947 2425 1008 2466 Hi
1050 2424 1182 2480 igitur
1211 2429 1311 2465 sunt
1338 2425 1425 2465 fere
1455 2424 1530 2477 qui

205 2485 394 2520 nostram
442 2478 751 2534 interpretandi
801 2496 967 2536 operam
1015 2479 1182 2522 studiis·
1213 2480 1300 2521 suis
1348 2480 1529 2521 maxime

207 2534 462 2576 adiuverunt
501 2541 629 2588 atque
673 2543 889 2579 ornarunt.
956 2535 1242 2590 Quamquam,
1272 2536 1399 2577 sicuti
1428 2550 1528 2576 con-

205 2597 453 2632 sentaneum
494 2597 573 2643 est,
605 2591 728 2633 nobis
759 2606 925 2647 semper
953 2597 996 2633 et
1024 2591 1182 2645 ubique
1211 2597 1355 2633 nostro
1385 2590 1528 2646 impri-
