1612 2872
477 105 563 149 DE
595 104 871 150 LEGIBUS
902 110 984 148 etc.
1233 104 1397 150 CXIII

41 219 187 263 titisse
215 218 435 263 dicuntur.
466 235 508 262 v,
537 217 784 276 Legg.111.
814 233 856 275 p.
886 219 984 262 680.
1013 217 1221 264 B.-681.
1261 218 1399 273 Quod

44 292 174 332 quam
203 275 442 333 prudenter
469 275 515 317 in
545 290 598 318 eo
627 290 760 331 opere
787 275 960 330 fecerit,
1001 275 1047 317 in
1078 289 1164 331 quo
1194 274 1251 318 de
1280 277 1397 319 veris

45 333 281 389 explicavit
321 332 598 387 civitatibus,
649 347 739 374 non
786 331 959 390 indiget
1005 331 1395 376 demonstratione.

44 390 142 433 Nec
170 389 375 433 dissentit
406 388 460 432 de
491 388 713 432 societatis
741 387 952 446 gradibus
982 389 1154 434 Arist.
1195 390 1326 432 Polit.
1358 390 1394 432 I.

47 449 87 490 2.
118 447 194 503 qui
223 459 268 489 et
296 447 390 504 ipse
425 445 625 500 domum,
667 445 836 500 vicum,
882 446 1035 489 urbem
1083 452 1128 488 et
1173 446 1397 489 civitatem

45 510 267 547 memorat.
353 502 464 557 Quis
502 508 570 546 est
608 507 778 556 autem,
827 502 936 557 quin
985 509 1142 559 sponte
1189 504 1395 558 fateatur,

44 561 129 603 isto
160 559 290 603 modo
320 559 417 602 fieri
446 574 535 602 non
563 559 776 615 potuisse,
808 559 915 613 quin
946 575 1109 615 genera
1130 560 1396 616 reipublicae

45 618 131 660 alia
175 617 545 660 constituerentur
581 630 712 670 quam
742 615 846 658 alibi
879 616 1043 658 factum
1075 617 1171 659 est?
1228 618 1398 675 Nempe

47 674 175 716 Plato
203 672 379 729 quidem
410 679 527 715 certe
558 687 647 714 non
673 671 796 714 :adeo
827 671 1031 716 addictus
1062 679 1104 714 et
1135 674 1262 728 quasi
1292 690 1399 717 con-

45 736 244 773 secratus
274 730 356 772 fuit
385 730 517 772 certis
548 729 854 786 opinionibus,
885 735 934 772 ut
963 744 1037 772 eas
1067 745 1291 785 nunquam
1319 747 1401 788 pu-

45 787 204 830 taverit
232 787 390 829 mutari
419 792 551 842 atque
593 786 752 828 variari
791 800 936 843 posse.
995 786 1091 829 Imo
1121 787 1196 829 ille
1223 787 1401 830 decreta

47 859 126 887 sua
155 859 242 886 non
271 843 490 886 dubitavit
525 858 605 899 pro
636 843 768 886 variis
797 843 1018 886 scribendi
1049 843 1242 888 consiliis
1279 845 1399 887 varie

49 907 231 955 mutare,
261 906 524 966 temperare,
555 898 788 943 illustrare.
850 899 1135 957 Quapropter
1164 900 1218 943 de
1248 901 1401 944 eadem

48 973 95 1000 re
133 958 262 1000 etiam
306 957 432 1000 ahter
469 971 620 999 rursus
661 957 868 1000 disseruit
893 957 939 999 in
972 957 1182 1011 Politico,
1225 957 1401 1014 de*qua

47 1015 215 1057 ratione
258 1014 574 1071 explicavimus
618 1014 908 1071 Prolegomm.
949 1014 1005 1056 ad
1048 1014 1224 1058 Politic.
1269 1031 1311 1071 p.
1344 1017 1400 1057 96

49 1087 146 1128 sqq·
324 1127 331 1136 .
401 1128 408 1136 .
531 1127 539 1135 .
700 1126 708 1135 .
997 1127 1004 1136 .
1164 1128 1172 1136 .
1341 1127 1349 1136 .

161 1127 252 1172 Sed
290 1127 359 1170 his
397 1134 461 1170 ita
498 1126 735 1184 disputans
772 1132 911 1169 restat
950 1134 1079 1169 etiam
1117 1127 1239 1169 ahud
1277 1131 1399 1182 quid,

49 1184 103 1228 de
144 1187 251 1240 quo'
273 1193 394 1227 mota
437 1199 577 1241 nuper
620 1190 688 1226 est
728 1185 1038 1227 controversia.
1112 1183 1245 1238 Quod
1286 1185 1400 1227 enim

47 1242 171 1285 Libr.
202 1241 284 1285 IV.
314 1257 357 1298 p.
389 1242 485 1284 709.
514 1246 571 1283 A.
611 1255 708 1296 sqq.
748 1240 940 1296 sapienti
977 1242 1126 1298 legum
1165 1241 1400 1295 conditori,

51 1298 225 1355 quaudo
255 1299 374 1355 leges
405 1313 432 1342 a
461 1312 508 1341 se
540 1299 728 1353 scriptas
757 1305 876 1340 ratas
914 1298 1058 1340 facere
1089 1304 1133 1340 et
1170 1299 1215 1340 in
1246 1299 1401 1341 civita-

48 1362 134 1398 tem
163 1355 442 1398 introducere
480 1354 610 1408 velit,
653 1355 763 1396 nihil
801 1356 1052 1410 exoptatius
1089 1356 1183 1398 fore
1224 1354 1400 1409 dicitur,

51 1427 182 1468 quam
212 1418 262 1455 ut
291 1412 375 1455 sibi
403 1412 574 1454 iuvenis
604 1411 763 1466 aliquis
793 1418 1005 1469 tyrannus
1049 1427 1101 1454 ea
1129 1413 1176 1454 in
1203 1428 1251 1455 re
1279 1412 1401 1454 auxi-

50 1468 109 1512 lio
139 1484 219 1512 suo
249 1469 388 1523 adsit,
429 1468 504 1524 qui
534 1474 703 1511 tantum
730 1468 891 1511 habeat
919 1470 1144 1526 potentiae
1175 1475 1219 1512 et
1248 1475 1402 1512 aucto-

52 1526 217 1580 ritatis,
260 1532 310 1568 ut
351 1526 469 1568 cives
500 1541 651 1568 omnes
681 1525 896 1568 voluntati
927 1541 1031 1569 suae
1062 1526 1178 1569 ultro
1217 1531 1404 1583 pareant

53 1589 98 1626 et
139 1582 374 1634 obediant3
418 1582 463 1624 id
494 1583 657 1625 Astio
699 1582 770 1624 De
803 1582 965 1639 Script.
1008 1583 1122 1625 Plat.
1161 1599 1204 1639 p.
1235 1584 1319 1626 386
1359 1588 1404 1624 et

52 1639 277 1683 Zellero
307 1638 435 1683 Stud.
466 1638 636 1682 Platon.
668 1656 710 1696 p.
747 1641 841 1682 103.
875 1646 920 1682 et
953 1641 1046 1683 138.
1066 1655 1250 1697 magnae
1279 1640 1402 1683 vide-

51 1711 146 1740 mus
176 1697 309 1739 fuisse
330 1695 576 1740 offensioni.
636 1696 752 1739 Nam
777 1696 1032 1740 Zellerus
1065 1697 1241 1752 quidem
1260 1703 1404 1740 totum

51 1753 171 1796 illum
200 1753 344 1796 locum
373 1752 475 1795 inde
514 1768 540 1795 a
567 1770 611 1810 p.
643 1754 740 1796 709.
770 1754 828 1795 A.
859 1769 1000 1809 usque
1039 1753 1095 1795 ad
1128 1769 1170 1810 p.
1202 1755 1299 1796 712.
1345 1756 1403 1797 A.

52 1825 169 1852 mera
198 1809 441 1852 imitatione
471 1824 525 1851 ex
552 1809 661 1852 locis
690 1810 760 1852 De
791 1810 900 1866 Rep.
932 1811 988 1853 V.
1019 1826 1063 1866 p.
1093 1812 1176 1853 473
1209 1811 1247 1852 B
1270 1837 1327 1843 —
1348 1811 1402 1853 E.

52 1866 136 1909 VI.
166 1881 210 1921 p.
240 1867 338 1920 487.
368 1867 426 1907 A.
458 1864 509 1909 C.
539 1881 583 1921 p.
615 1868 715 1909 499.
753 1865 791 1909 C
822 1881 887 1922 sq.
917 1883 959 1923 p.
980 1868 1078 1910 502.
1107 1865 1263 1910 A—C.
1293 1867 1403 1912 VII.

53 1937 97 1978 p.
128 1923 224 1964 540.
263 1921 321 1965 D.
359 1936 405 1963 re
439 1922 592 1964 etitum
629 1928 878 1977 temereque
920 1924 1273 1966 consarcinatum
1306 1938 1403 1967 esse

53 1979 302 2022 arbitratur.
387 1938 520 2031 §guod
559 1979 687 2033 quale
726 1979 808 2033 sit,
858 1980 903 2021 in
947 1981 1168 2035 praesenti
1206 1995 1297 2022 non
1337 1991 1404 2023 est

54 2034 175 2090 quod
205 2034 447 2078 studiosius
479 2035 763 2078 excutiamus.
813 2034 932 2078 Satis
973 2036 1056 2078 erit
1085 2037 1308 2079 monuisse
1337 2037 1403 2079 ni-

54 2091 114 2134 hil
155 2091 394 2147 quidquam
432 2091 494 2134 ibi
533 2090 709 2133 aliunde
748 2092 1016 2148 exscriptum
1056 2092 1219 2148 videri,
1274 2109 1326 2136 ac
1365 2095 1404 2137 si

56 2163 168 2204 quae
211 2148 443 2191 verborum
481 2147 721 2191 similitudo
763 2149 998 2204 utrobique
1047 2148 1402 2206 deprehenditur,

56 2220 167 2260 quae
195 2211 341 2248 tamen
368 2203 603 2247 admodum
633 2211 700 2247 est
729 2205 877 2259 exilis,
918 2221 1011 2248 eam
1056 2213 1172 2249 certe
1211 2222 1265 2249 ex
1303 2222 1405 2250 sen-

55 2262 284 2304 tentiarum
322 2261 604 2304 similitudine
642 2261 848 2316 fluxisse,
896 2277 984 2305 nou
1034 2277 1088 2305 ex
1131 2263 1286 2320 putida
1328 2270 1404 2306 aut

56 2318 202 2360 servili
243 2317 498 2360 imitatione.
571 2319 804 2360 Praeterea
842 2334 944 2361 vero
986 2320 1117 2362 etiam
1148 2320 1267 2363 aliud
1297 2320 1405 2376 quid

56 2374 102 2416 in
139 2375 237 2417 loco
274 2373 348 2416 illo
387 2389 432 2416 re
466 2375 670 2418 rehendit
707 2375 932 2430 Astius,
974 2377 1274 2419 consentiente
1313 2378 1403 2420 fere

58 2430 305 2484 Zellero,
338 2390 463 2485 quod)
486 2432 667 2488 propius
698 2431 753 2473 ad
782 2448 873 2474 rem
902 2444 1173 2489 praesentem
1202 2434 1404 2490 pertinet.

58 2486 174 2531 Nam
205 2487 330 2542 Reip.
364 2487 493 2529 VIII.
524 2504 566 2544 p.
601 2489 699 2530 562.
732 2490 787 2531 A.
826 2504 967 2544 usque
1007 2489 1063 2532 ad
1093 2491 1169 2533 fin.
1211 2491 1304 2533 libr.
1336 2497 1404 2547 ty-

54 2543 215 2598 rannis,
247 2549 400 2598 utpote
431 2551 526 2587 orta
573 2545 745 2587 demum
784 2560 837 2588 ex
875 2553 1081 2602 corrupta
1119 2547 1405 2601 democratia,
1461 2567 1467 2572 ¹

59 2600 248 2641 omnium
267 2599 454 2655 pessima
481 2600 702 2644 iudicatur
721 2616 815 2645 esse
842 2603 1107 2660 reipublicae
1128 2604 1404 2661 gubernatio,

61 2655 263 2709 quoniam
292 2671 370 2711 per
397 2657 536 2713 ipsam
568 2659 740 2701 sublata
770 2654 934 2703 iustitia
963 2661 1094 2703 etiam
1113 2666 1254 2703 totum
1284 2676 1405 2703 ever—

1101 2729 1142 2768 11
