1612 2872
0 105 5 208 Ι
484 106 570 148 DE
603 103 882 148 LEGIBUS
917 112 999 147 etc.
1198 103 1407 146 CXXm

0 214 3 271 ξ
52 234 106 262 ex
151 219 218 261 liis
250 224 447 274 apertum
489 217 581 259 fore
613 224 832 273 putamus,
865 232 953 274 qua
982 217 1150 260 ratione
1178 216 1409 259 ista-acci-

0 274 2 330 Ῠ
50 275 210 332 pienda.
245 282 290 317 et
328 273 566 316 iudicanda
595 274 694 316 sint.
755 274 1012 317 Transimus
1039 274 1188 330 potius
1218 273 1274 314 ad
1304 287 1409 315 con-

49 331 332 375 siderandum
378 330 446 385 id,
501 330 623 384 quod
661 331 706 372 in
750 331 950 388 Legibus
1004 331 1188 374 docetur
1240 330 1409 372 civitati

51 396 273 444 tamquam
332 402 555 437 summum?
605 394 650 429 et
698 395 938 430 extremum
988 388 1261 444 propositum
1311 400 1409 428 ease

52 453 265 502 oportere.
335 444 387 486 In
427 459 515 499 quo
556 443 593 486 si
637 444 819 486 similem
861 460 960 486 cum
993 444 1236 501 Republica
1267 457 1410 485 rerum

50 500 415 544 necessitudinem
471 506 516 541 et
572 501 927 542 coniunctionem
978 500 1418 557 deprehenderimus,-

49 565 182 613 atque
213 559 424 600 hactenns
454 557 712 609 invenimus,
745 557 864 599 istud
891 572 1066 612 quoque
1096 558 1190 599 iure
1219 556 1409 612 quodam

49 621 199 657 nostro
229 613 428 655 videmur
456 625 535 668 pro
565 613 806 656 certissimo
835 613 996 656 habere
1020 621 1280 669 argumento
1314 628 1411 656 sen-

49 671 213 713 tentiae
252 676 452 721 nostrae,
496 684 582 724 qua
624 671 796 726 Legum
825 685 936 726 opus
966 671 1222 724 neutiquam
1255 685 1281 711 a
1309 670 1409 711 Pla-

51 728 167 770 tonis
194 726 396 770 doctrina
426 732 471 767 et
500 727 670 768 ratione
701 726 937 769 abhorrere
969 727 1280 769 existimamus.

165 784 227 826 Et
255 782 365 826 illud
411 782 587 838 quidem
617 784 702 824 iam
736 783 851 825 inter
876 799 1028 826 omnes
1059 791 1262 826 constare
1295 783 1409 824 arbi-

50 848 240 895 tramur,
287 840 516 881 Platonem
556 841 601 882 in
649 840 773 882 libris
826 840 898 882 De
946 840 1193 897 Republica
1241 839 1410 882 civitati

49 905 270 952 tamqnam
307 910 522 938 summum
551 903 596 939 et
635 903 889 951 extremum,
929 896 985 938 ad
1017 896 1136 952 quod
1168 897 1313 938 omnia
1341 911 1410 938 re-

50 955 152 996 ferri
192 953 406 1007 debeant,
446 954 718 1009 propositam
757 960 914 1008 putare
953 954 1185 1005 virtutem,
1227 968 1411 1007 eamque

8 1022 16 1028 “
51 1025 138 1053 non
180 1010 352 1053 civilem
389 1009 506 1051 illam
546 1010 615 1052 vel
656 1010 930 1066 politicam,
957 1011 1129 1066 qualem
1171 1010 1409 1066 Sophistae

50 1067 236 1113 maxime
266 1066 604 1123 praedicabant,
636 1066 716 1109 sed
746 1067 977 1121 moralem,
1009 1083 1140 1122 quam
1171 1067 1302 1109 hodie
1331 1082 1409 1108 vo-

51 1130 168 1178 cant,
200 1139 313 1179 quae
352 1123 590 1166 efflorescit
634 1139 688 1165 ex
716 1123 883 1166 viribus
916 1125 1047 1166 animi
1078 1124 1194 1166 insta
1223 1138 1410 1179 propor-

51 1181 170 1223 tione
214 1181 468 1236 temperatis
507 1187 552 1222 et
596 1196 676 1236 pro
712 1180 924 1235 cuiusque
956 1180 1172 1238 dignitate
1204 1180 1408 1234 excultis,

50 1243 183 1292 atque
211 1237 454 1279 absolvitur
484 1244 695 1291 quattuor
722 1238 922 1293 partibus
943 1238 1275 1294 principalibus,
1297 1252 1410 1293 -pru-

52 1293 222 1348 dentia,
279 1294 470 1345 iustitia,
511 1293 795 1347 fortitudine,
848 1295 1153 1349 temperantia.
1231 1293 1410 1336 Etenim

51 1365 182 1406 quam
221 1350 405 1406 singulis
450 1349 698 1393 hominibus
748 1351 1041 1406 expetendam
1091 1366 1186 1393 esse
1235 1350 1412 1392 censuit

51 1407 283 1460 virtutem,
333 1406 417 1449 hoc
460 1413 527 1449 est
571 1407 729 1449 virium
769 1407 1054 1450 humanarum
1107 1408 1410 1463 imprimisque

52 1463 208 1506 mentis
238 1469 282 1505 et
307 1464 437 1505 animi
467 1464 798 1518 perfectionem,
820 1464 1002 1506 eandem
1035 1465 1163 1506 etiam
1186 1465 1271 1506 toti
1301 1463 1408 1506 civi—

51 1521 131 1562 tati
173 1526 394 1575 tamquam
437 1520 636 1562 ultimum
670 1521 800 1562 finem
831 1522 1061 1577 proponit3
1101 1521 1158 1563 ad
1204 1536 1332 1575 quem
1362 1527 1413 1562 ut

53 1576 197 1620 omnia
228 1576 495 1633 dirigantur,
543 1577 848 1633 gravissimum
880 1593 975 1620 esse
1008 1579 1114 1620 artis
1146 1577 1286 1620 civilis
1316 1593 1410 1619 mu·-

54 1648 134 1676 nus
172 1634 422 1676 arbitratur.
506 1633 730 1687 Quocirca
760 1635 1121 1690 'sapientiam
1171 1634 1412 1676 vindicavit

87 1690 288 1747 raecipue
320 1690 462 1732 ordini
493 1691 854 1747 magistratuum3
897 1691 1301 1733 fortitudinem
1333 1690 1410 1733 tri-

83 1747 150 1789 uit
178 1746 388 1789 militibus
419 1753 464 1788 et
492 1747 774 1799 custodibus3
806 1748 1247 1804 temperantiam
1278 1762 1412 1803 porro

54 1804 208 1846 statuit
243 1818 322 1859 per
360 1803 506 1845 omnia
544 1804 704 1846 civium
744 1819 904 1862 genera
943 1805 1230 1860 aequabiliter
1270 1806 1412 1846 fusam

57 1873 154 1902 esse
193 1865 418 1915 oportere3
457 1860 738 1902 iustitiam
769 1861 959 1916 denique
1001 1862 1096 1903 vult
1135 1862 1180 1903 in
1212 1877 1263 1903 eo
1295 1860 1413 1916 posi-

55 1924 145 1957 tam
185 1930 306 1969 esee,
351 1922 401 1957 ut
442 1930 570 1958 suum
609 1917 794 1972 quisque
832 1933 990 1960 munus
1023 1918 1167 1971 obeat,
1198 1932 1285 1972 quo
1316 1917 1414 1958 uni-

8 1978 14 1984 ”
55 1986 207 2014 versae
247 1972 437 2014 civitatis
467 1972 604 2015 virtus
634 1974 837 2016 omnibus
867 1977 1058 2016 numeris
1089 1975 1180 2017 suis
1213 1973 1415 2016 absolva-

57 2035 129 2070 tur
165 2035 210 2070 et
250 2029 374 2083 quasi
416 2035 752 2071 consummetur.
813 2031 964 2085 Atque
995 2045 1094 2072 cum
1124 2030 1209 2072 hac
1238 2030 1415 2072 virtutis

58 2083 186 2127 laude
247 2085 378 2127 etiam
434 2085 705 2141 reipublicae
764 2086 1111 2128 felicitatem
1173 2087 1414 2130 arctissime

58 2141 333 2183 coniunctam
374 2157 470 2184 esse
517 2142 776 2196 arbitratur,
830 2158 958 2198 quam
1006 2143 1180 2198 quidem
1230 2159 1319 2186 non
1371 2144 1415 2184 in

59 2212 188 2254 opum
228 2207 274 2240 et
303 2198 549 2244 divitiarum
589 2198 890 2256 magnitudine
931 2200 1074 2242 inesse
1113 2201 1291 2254 statuit,
1336 2199 1415 2242 sed

57 2253 205 2310 potius
243 2254 288 2295 in
319 2270 394 2309 eo,
434 2262 484 2297 ut
522 2256 641 2298 cives
685 2256 765 2297 rite
806 2255 860 2296 ad
892 2257 1098 2298 virtutem
1130 2258 1417 2300 instituantur

59 2315 190 2365 atque
230 2311 570 2354 conformentur.
645 2311 757 2354 Inde
799 2313 910 2354 enim
942 2314 1071 2355 etiam
1114 2314 1277 2357 bonum
1307 2313 1418 2356 illud

60 2368 180 2408 nasci
225 2373 270 2408 et
307 2368 466 2410 exoriri
506 2375 658 2425 putat,
709 2368 827 2424 quod
865 2369 1094 2415 universae
1144 2371 1311 2413 civitati
1359 2370 1419 2412 sit

60 2423 244 2464 maxime
285 2424 474 2478 optabile
514 2441 565 2468 ac
589 2426 700 2468 ..sine
734 2441 819 2480 quo
851 2425 971 2471 salus
1000 2427 1136 2484 ipsius
1172 2428 1418 2470 consistere

62 2485 276 2533 nequeat,
314 2487 364 2522 ut
400 2487 495 2524 tota.
531 2482 782 2538 respublica.
818 2487 1159 2538 tamquam*una
1186 2484 1264 2526 fiat
1293 2484 1418 2526 item-

93 2550 148 2577 ue
187 2550 371 2579 concors
412 2539 471 2581 sit
510 2545 556 2581 et
593 2539 638 2580 in
679 2554 726 2582 se
768 2540 1058 2585 consentiens.
1126 2541 1252 2584 Haec
1283 2541 1419 2599 igitur

98 2590 188 2634 lato
218 2591 265 2633 in
294 2592 537 2649 Republica
564 2594 706 2650 (Libr.
738 2595 819 2639 IV.
849 2611 893 2653 p.
921 2599 1020 2640 427.
1053 2596 1105 2643 C.
1134 2622 1190 2630 -
1211 2599 1311 2641 434.
1343 2596 1416 2650 C.)

65 2646 116 2689 de
146 2661 348 2704 supremo
377 2650 463 2694 fine
494 2652 700 2706 civit-atis,
734 2667 860 2707 quem
891 2654 1031 2697 voluit
1062 2655 1106 2697 in
1126 2669 1214 2696 una
1231 2652 1418 2696 maxime
