1612 2872
260 107 345 151 DE
378 105 660 151 LEGIBUS
684 105 805 149 LIB.
838 106 872 149 Ι.
902 106 951 150 P.
985 106 1079 149 638.
1111 105 1176 150 St.
1352 109 1407 152 83

49 224 108 277 ὠς
144 222 193 269 τὸ
229 227 311 281 μὲν
347 224 520 269 τοιόνδε
552 226 643 268 ἐστὶ
675 223 831 280 καλόν,
857 222 910 268 τὸ
946 226 991 268 δὲ
1026 221 1201 268 τοιόνδε
1236 221 1292 269 οὐ
1329 241 1408 268 κα-

50 292 144 338 λόν.
179 293 360 349 πρῶτον
395 295 440 336 δὲ
476 291 697 336 ἀκούσατέ
735 296 778 334 τί
809 307 897 347 μου
930 293 1027 346 περὶ
1048 289 1199 334 αὐτῶν
1218 290 1405 343 τούτων,

49 358 109 410 ὡς
141 361 205 402 δεῖ
241 358 291 402 τό
331 376 375 402 τε
407 359 603 415 χρηστόν
636 361 710 403 καὶ
747 357 797 402 τὸ
833 357 894 414 μὴ
931 367 1126 403 σκοπεῖν.

154 428 255 470 ΜΕ.
330 429 437 477 [Ιιῦς
474 419 556 471 οὖν
592 424 645 478 δὴ
684 429 847 480 λέγειςς

150 493 262 553 Cap.
292 491 354 536 X.
422 496 523 538 ΛΘ.
593 495 784 538 Δοκοῦσί
825 510 901 547 μοι
937 491 1098 543 πάντες
1135 495 1178 536 οἱ
1211 490 1330 547 λόγῳ
1366 508 1406 534 τι

49 559 263 616 λαβόντες
304 560 574 616 ἐπιτήδευμα
621 563 708 604 καὶ
730 563 1007 615 προθέμενοι
1041 565 1195 619 ψέγειν
1230 556 1343 602 αὐτὸ
1380 556 1408 611 ἢ

49 633 244 670 ἐπαινεῖν
289 626 434 678 εὐθὺς
480 626 628 686 ῥηθὲν
676 626 883 682 οὐδαμῶς
927 628 1041 680 δρᾶν
1076 624 1191 669 κατὰ
1226 625 1411 683 τρόπον,

49 692 164 738 ἀλλὰ
201 693 370 737 ταύτὸν
405 703 560 744 ποιεῖν,
585 693 683 738 οἷον
706 700 742 737 εὶ
767 693 819 747 δή
838 710 905 744 τις
940 693 1256 744 ἐπαινέσαντός
1291 708 1411 744 τινος

43 760 231 817 (πυρούς,
265 763 422 818 βρῶμα
458 760 516 812 ὡς
550 761 753 817 ἀγαθόν,
789 759 934 811 εὐθὺς
968 765 1113 821 ψέγοι,
1150 760 1211 816 μὴ
1251 763 1410 804 διαπυ-

50 827 248 884 θόμενος
293 830 435 873 αὐτοῦ
480 829 590 885 μήτε
634 827 718 880 τὴν
764 832 975 885 ἐργασίαν
1008 827 1119 885 μήτε
1150 826 1240 883 ,τὴν
1277 845 1411 886 προς-

50 973 218 1007 unitetnm.
244 973 461 1014 Quamquam
489 971 663 1005 fatendum
690 976 765 1009 est.
790 972 931 1005 codices
957 971 1211 1013 manuscriptos
1235 971 1310 1005 fere
1334 972 1409 1005 ubi-

49 1029 116 1062 que
139 1018 228 1052 adeo
253 1019 434 1059 fluctuare,
459 1022 498 1051 ut
523 1028 640 1051 eorum
660 1018 856 1051 auctoritati
873 1028 993 1060 parum
1011 1023 1070 1051 eut
1085 1017 1163 1049 nihil
1190 1017 1408 1051 tribuendum

50 1065 214 1099 videntur.
243 1075 274 1096 v.
303 1065 428 1107 Poppo
455 1064 499 1097 ad
526 1063 682 1109 Thucyd.
706 1065 755 1096 lll.
781 1064 837 1099 86.
864 1065 1056 1103 Goettling.
1088 1063 1131 1096 ad
1162 1064 1307 1096 Aristot.
1339 1065 1408 1097 Ρο-

51 1111 100 1166 lit.
123 1122 156 1154 p.
183 1110 263 1146 293.
289 1111 332 1143 el.
360 1110 443 1143 Mox
469 1120 533 1153 pro
557 1111 688 1147 Κείοιις
712 1111 819 1143 Voss.
847 1111 994 1151 Χείοιιε,
1029 1110 1202 1152 frequenti
1233 1116 1409 1152 permuta-

50 1160 183 1257 ῃοῃῗῇ.
232 1200 410 1234 τοιόνδε
433 1201 523 1234 ἐστὶ
548 1200 724 1243 καλόν,]
753 1201 801 1234 ἔτι
815 1200 1093 1243 Steph.praeter
1107 1202 1212 1234 fidem
1236 1202 1409 1234 librorum

51 1259 336 1336 ommam-mh&
358 1293 432 1336 τὴν
469 1293 694 1337 ἐργασίαν]
729 1293 850 1336 Steph.
882 1292 965 1335 μήτε
993 1292 1055 1333 μὲν
1086 1293 1157 1337 ἑργ.
1190 1305 1322 1327 errore.
1370 1295 1408 1327 ln

52 1351 162 1383 marg.
188 1346 306 1374 tamen
331 1351 452 1373 verum
477 1341 642 1383 pervidit.

53 1465 236 1508 λαμβάνειν
283 1479 311 1499 τι
360 1465 450 1510 λόγῳ
500 1467 695 1507 explicant=

52 1519 193 1547 mente
228 1513 403 1556 aliquid
439 1512 694 1554 complecti,

54 1560 272 1601 cogitare,
308 1559 696 1599 animadvertere,

53 1607 300 1649 percipere.
374 1604 472 1644 Quae
521 1605 695 1637 formulae

53 1652 265 1694 significatio
290 1652 357 1685 etsi
382 1652 467 1684 alibi
491 1651 696 1684 ferelocum

52 1698 169 1738 habet,
186 1703 303 1731 tamen
319 1699 375 1730 hic
391 1699 531 1739 quidem
549 1698 593 1730 ab
618 1698 698 1739 ipsa

764 1465 994 1497 Hermann.
1020 1465 1228 1506 palmariam
1256 1468 1409 1499 vocavit.

763 1510 846 1543 Non
869 1513 975 1549 enim,
990 1512 1106 1553 inquit
1118 1513 1192 1553 ille,
1210 1513 1254 1544 de
1277 1514 1410 1554 tritico,

764 1559 826 1590 sed
860 1559 903 1590 de
936 1568 1042 1590 caseo
1073 1559 1174 1599 loqui
1210 1559 1410 1600 Platonem,
1436 1595 1443 1601 ,

764 1614 807 1636 ex
848 1605 1068 1646 Hippocrate
1114 1605 1311 1647 colligitur,
1350 1607 1411 1648 qui

763 1652 800 1682 in
824 1651 915 1683 libro
942 1651 985 1682 de
1002 1651 1110 1682 veteri
1126 1653 1301 1684 medicina
1317 1652 1410 1684 idem

765 1698 808 1729 de
832 1707 935 1730 caseo
952 1697 1079 1734 tradit,·
1093 1698 1187 1729 unde
1203 1700 1309 1730 etiam
1326 1698 1411 1731 Pla-

53 1746 230 1777 sententia
253 1746 369 1777 aliena
394 1749 457 1776 est.
489 1744 579 1786 *Imo
605 1741 696 1786 λόγῳ

53 1791 97 1823 de
141 1792 350 1823 oratione
404 1791 461 1822 vel
502 1791 698 1831 disputa-

54 1838 177 1869 tione
193 1836 499 1877 accipieudum,ut
514 1834 699 1876 λαμβάνειν

55 1894 84 1914 ιι
114 1880 206 1925 λόγῳ
247 1884 311 1914 sit:
352 1882 513 1923 aliquid
552 1883 698 1922 dispu-

55 1929 226 1960 tatione
287 1928 565 1960 tractandum
632 1938 698 1959 su-

55 1984 180 2007 mere.
218 1973 280 2005 Sic
304 1974 381 2005 Ion.
406 1984 442 2015 p.
459 1973 542 2008 532.
567 1973 616 2004 E:
642 1971 699 2004 λα’-

55 2021 172 2062 βωμεν
197 2017 263 2061 γὰρ
289 2020 336 2063 τῷ
367 2017 470 2062 λόγῳ.
517 2019 700 2051 Atticulae

57 2067 104 2110 τῷ
127 2076 189 2099 cur
214 2076 286 2098 non
311 2066 470 2098 adiectus
495 2065 552 2105 sit,
576 2075 701 2097 caussa

55 2114 94 2145 in
122 2117 264 2154 promtu
297 2117 360 2144 est.
414 2111 586 2144 Similiter
619 2112 701 2143 sim-

55 2159 138 2201 plex
170 2156 354 2199 λαμβάνειν
389 2162 580 2199 usurpatur
607 2157 700 2190 Phil.

56 2215 90 2246 p.
128 2203 184 2238 23.
223 2204 267 2236 B.
305 2205 418 2246 Soph.
461 2215 496 2246 p.
534 2203 614 2238 261.
657 2203 699 2236 C.

59 2249 280 2282 Confirmant
306 2251 398 2282 hanc
429 2251 702 2292 explicationem

52 2297 237 2338 -proximat
255 2295 467 2338 προθέμενοι
484 2296 602 2339 ψέγειν
616 2292 703 2328 αὐτὸ

60 2339 83 2383 ἢ
107 2340 270 2374 ἐπαινεῖν.
301 2359 344 2366 -
375 2339 515 2375 εὐθὺς
549 2339 704 2385 ῥηθέν,

62 2389 209 2420 statim
239 2391 298 2420 —ut
337 2388 499 2421 dictum
545 2394 626 2430 est,
669 2400 702 2420 v.

60 2433 279 2466 Matthiae
319 2432 380 2466 Gr.
415 2437 447 2476 ξ.
484 2435 563 2469 565.
598 2435 631 2469 2.
669 2440 705 2467 et

62 2489 146 2511 ann.
171 2480 216 2511 ad
242 2479 423 2512 Phaedon.
448 2491 482 2522 p.
507 2481 562 2516 70.
589 2482 636 2514 A.

108 2523 430 2559 ἐπαινέσαντός
470 2536 588 2559 τινος
631 2537 701 2557 πυ-

61 2567 195 2612 ρούε]
222 2570 464 2605 Cornarius
494 2574 531 2606 in
556 2573 703 2614 Eclogis

60 2627 95 2658 p.
125 2617 206 2652 117.
238 2617 293 2650 ed.
326 2617 482 2651 Fischer.
515 2620 702 2661 legendum

62 2667 182 2696 censet
221 2674 260 2694 τι
264 2660 367 2704 ρούς,
398 2665 432 2697 h.
464 2675 494 2697 e.
531 2675 701 2706 caseos,

64 2718 168 2750 quam
191 2710 426 2743 coniecturam
449 2720 562 2753 nuper
586 2710 628 2744 C.
659 2710 702 2742 F.

764 1748 882 1775 tonem
907 1744 1191 1784 transscripsisse
1218 1745 1411 1777 verisimile

765 1795 829 1822 est.
893 1789 1012 1821 Verba
1051 1790 1279 1844 Hippocratis
1324 1792 1413 1823 haec

766 1840 864 1867 sunt.
891 1836 946 1866 καὶ
978 1832 1023 1877 μὴ
1055 1832 1171 1867 ἁπλῶς
1202 1835 1317 1869 οὕτως
1351 1835 1411 1869 δο-

768 1880 866 1917 κὲειν,
882 1878 933 1913 ὅτι
959 1879 1117 1922 πονηρὸν
1138 1881 1261 1923 βρῶμα
1287 1881 1409 1924 τυρός·

768 1924 880 1958 πόνον
905 1923 971 1981 γὰρ
998 1927 1095 1968 φέρει
1119 1928 1166 1970 τῷ
1195 1928 1414 1970 πληρωθέντι

768 1969 915 2004 αὖτέου·
941 1969 1022 2004 ἀλλὰ
1052 1984 1126 2004 τινα
1158 1984 1192 2005 τε
1217 1973 1331 2006 πόνον
1356 1975 1412 2006 καὶ

769 2016 824 2050 διὰ
857 2020 891 2050 τί
923 2029 978 2050 και
1017 2019 1081 2050 τίνι
1125 2021 1192 2051 τῶν
1230 2017 1411 2065 ἀνθρώπῳ

768 2062 953 2102 ἑνεόντων,·
977 2060 1249 2106 ἀνεπιτήδειον.α
1291 2067 1413 2109 Speci-

769 2121 833 2143 osa
855 2111 1014 2153 profecto
1040 2112 1245 2146 coniectura
1271 2123 1313 2146 ac
1338 2113 1413 2147 for-

768 2163 862 2190 tasse
902 2167 997 2190 vera.
1052 2157 1157 2190 Certe
1195 2156 1239 2192 de
1280 2160 1411 2200 tritico,

767 2204 835 2236 hoc
865 2208 936 2244 est,
967 2204 1045 2235 cibo
1075 2214 1220 2245 prorsus
1251 2206 1412 2247 innoxio,

771 2250 900 2291 quique
933 2259 1005 2282 non
1033 2250 1178 2283 dubium
1211 2251 1340 2285 habeat
1363 2253 1413 2284 ef-

772 2297 920 2336 fectum,
945 2297 1006 2327 vix
1037 2306 1152 2329 sermo
1183 2307 1259 2330 esse
1283 2303 1412 2340 potest.

772 2341 887 2374 Codd.
905 2348 1020 2374 tamen
1036 2347 1188 2375 veterem
1202 2345 1414 2386 scripturam

772 2392 976 2420 constanter
988 2393 1141 2422 tuentur.
1156 2388 1319 2423 Ceterum
1333 2392 1414 2423 Pla-

772 2439 889 2467 tonem
917 2434 1166 2476 Hippocrateis
1190 2447 1292 2469 usum
1321 2447 1412 2477 esse,

772 2481 1062 2514 Thierschius
1075 2481 1227 2524 Specim.
1244 2482 1413 2525 inSymp.

771 2537 805 2568 p.
820 2526 865 2561 13
877 2537 927 2569 sq
942 2537 985 2559 ex
997 2527 1226 2569 Eryximachi
1251 2531 1414 2562 oratione

771 2573 899 2606 docere
921 2577 1066 2606 conatus
1090 2579 1156 2607 est.

799 2617 919 2674 μήτε
942 2618 1019 2661 τὴν
1043 2618 1272 2663 ἐργασίαν]
1306 2621 1352 2653 Η.
1380 2630 1411 2652 e.

773 2662 834 2707 τὴν
868 2665 1087 2709 ἐξεργασίαν,
1126 2677 1155 2700 s.
1193 2667 1414 2699 effectum.

770 2710 916 2753 Protag.
939 2722 974 2753 p.
995 2712 1077 2748 354.
1102 2713 1155 2745 D.
1183 2710 1234 2745 ὅτι
1261 2709 1305 2744 οὐ
1331 2710 1414 2744 κατὰ

1062 2768 1140 2810 6.
