1612 2872
253 99 403 148 XCIV
667 103 1146 148 PROLEGOMENA

254 219 410 261 manda
447 220 543 260 sint.
618 216 736 269 Quid
773 216 934 273 igitur?
975 223 1095 259 tanta
1135 233 1266 272 quum
1302 220 1346 261 in
1386 226 1568 274 utroque

256 283 383 332 opere
414 290 543 329 quum
574 288 715 314 rerum
754 279 844 314 tum
884 274 1188 315 sententiarum
1216 277 1454 330 reperiatur
1483 276 1569 318 dis-

255 333 487 388 crepantia,
518 343 658 371 nonnc
687 329 905 371 verissime
935 329 1151 372 iudicasse
1183 331 1318 373 videri
1338 332 1568 386 debebunt,

255 389 330 442 qui
365 387 509 441 Leges
548 385 615 426 vel
663 384 774 426 hanc
820 385 874 427 ob
913 400 1104 428 caussam
1152 395 1406 433 censuerunt
1452 389 1570 430 nullo
1605 419 1610 425 ·

255 450 380 499 pacto
421 443 473 482 ab
510 441 584 481 illo
618 441 795 482 Platone
834 442 964 483 scribi
1001 443 1216 497 potuisse,
1262 459 1387 498 quem
1423 459 1569 486 omnes

255 498 467 541 communi
498 498 777 539 consensione
807 512 886 551 pro
909 497 1185 554 Reipublicae
1217 506 1390 541 auctore
1411 500 1571 542 haben-

255 555 356 596 dum
393 552 683 595 arbitrantur?
759 554 990 596 Enimvero
1037 555 1174 610 primo
1213 570 1314 597 sane
1363 556 1571 611 adspectu

256 611 327 651 vix
367 609 569 651 credibile
607 608 733 650 alicui
782 609 1002 662 videatur,
1051 610 1232 652 eundem
1273 611 1571 667 philosophum

256 667 337 708 ista
365 666 506 707 omnia
533 666 594 706 ita
623 665 808 707 scribere
836 666 1052 721 potuisse,
1082 668 1165 709 nisi
1195 682 1290 708 eum
1321 674 1468 723 putare
1499 683 1570 709 ve-

254 723 379 764 limus
411 721 581 763 deserta
615 721 789 777 propria
818 736 971 763 caussa
997 723 1041 763 in
1073 723 1212 764 aliena
1251 730 1394 765 castra
1431 731 1571 765 trans-

254 779 354 836 iisse
405 785 447 819 et
494 778 642 819 relicta
690 792 768 819 sua
806 778 942 833 ipsius
988 778 1183 820 doctrina
1221 794 1355 834 prope
1386 794 1411 820 a
1440 786 1573 821 semet

254 835 348 890 ipso
390 833 637 876 descivisse.
711 835 774 874 At
812 835 1026 875 enimvero
1076 849 1205 888 quum
1252 837 1390 890 prima
1427 835 1571 890 specie

253 890 481 944 unicuique
510 889 572 931 ita
599 889 735 931 videri
764 890 929 945 possit,
958 896 1101 931 tamen
1139 890 1469 946 haudquaquam
1507 906 1572 932 er-

254 951 348 988 rare
377 946 570 987 videmur
607 960 651 987 re
690 946 929 988 accuratius
959 947 1229 988 considerata
1263 948 1572 1001 existimantes,

254 1003 348 1044 fieri
377 1018 462 1044 non
492 1016 618 1056 posse
649 1001 751 1055 quin
782 1001 1037 1043 contrariam
1066 1003 1319 1044 sententiam
1343 1004 1572 1059 amplecta-

255 1074 361 1100 mur.
438 1059 625 1099 Tantum
664 1057 774 1099 enim
817 1058 958 1111 abest,
1002 1064 1050 1099 ut
1086 1059 1262 1100 alterum
1301 1074 1409 1114 opus
1453 1058 1573 1111 alteri

254 1114 504 1156 adversetur
543 1123 616 1154 aut
643 1114 902 1155 contrarium
933 1113 1010 1166 sit,
1053 1121 1102 1155 ut
1138 1115 1262 1156 ambo
1299 1115 1426 1156 unius
1464 1121 1572 1156 tam-

255 1186 382 1225 quam
413 1170 603 1226 corporis
634 1169 821 1211 membra
861 1170 1054 1225 putanda
1091 1170 1201 1224 sint,
1249 1171 1404 1225 quibus
1435 1170 1573 1212 disso-

255 1227 378 1268 ciatis
410 1233 486 1267 aut
514 1226 724 1267 violenter
754 1225 935 1267 divulsis
973 1226 1220 1267 Platonicae
1265 1225 1482 1268 doctrinae
1513 1227 1572 1268 ci-

255 1283 350 1325 vilis
380 1283 603 1339 integritas
635 1288 676 1323 et
704 1282 915 1323 absolutio
946 1288 1152 1338 protenus
1183 1282 1412 1325 auferatur,
1470 1283 1573 1325 Ete-

255 1339 341 1380 nim
371 1339 519 1395 Leges
555 1338 635 1379 etsi
673 1353 698 1378 a
737 1338 978 1393 Republica
1017 1338 1169 1379 mirum
1208 1344 1412 1392 quantum
1445 1353 1572 1380 ‘rece-

256 1395 378 1449 dunt,
410 1401 552 1436 tamen
586 1393 722 1435 eidem
753 1394 814 1435 ita
843 1400 943 1435 sunt
975 1395 1246 1449 coniunctae,
1277 1400 1326 1435 ut
1354 1395 1436 1449 ipsi
1466 1409 1570 1448 quo-

257 1449 482 1493 dammodo
524 1451 742 1506 suppetias
780 1451 892 1491 ferre
921 1449 1157 1498 videantur.
1230 1450 1402 1506 Quippe
1440 1449 1571 1491 inter-

256 1507 372 1550 cedit
401 1508 512 1548 inter
539 1514 768 1560 utrumque
798 1521 907 1561 opus
938 1521 1025 1548 non
1056 1506 1138 1547 alia
1168 1507 1277 1547 ratio
1322 1513 1365 1547 et
1395 1506 1572 1547 coniun-

256 1564 342 1606 ctio
370 1564 455 1605 nisi
481 1563 600 1604 haec.
659 1562 780 1604 Libri
814 1562 867 1603 de
896 1562 1136 1617 Republica
1166 1562 1368 1604 exhibent
1387 1562 1572 1604 civitatis

256 1620 450 1662 omnibus
480 1619 666 1661 numeris
697 1618 918 1660 absolutae
949 1618 1133 1673 speciem
1163 1625 1206 1659 et
1233 1618 1483 1674 imaginem,¹
1524 1623 1574 1658 ut

255 1675 411 1718 clarius
448 1681 680 1730 appareat,
723 1689 848 1728 quam
886 1674 969 1715 alte
1008 1673 1253 1715 enitendum
1293 1676 1348 1716 sit
1385 1674 1572 1715 mortali-

254 1732 349 1784 bus,
381 1732 418 1773 si
450 1730 626 1786 quando·
651 1729 704 1772 ad
734 1737 894 1771 tantam
925 1730 1065 1771 civilis
1097 1730 1314 1772 societatis
1345 1730 1571 1785 perfectio-

254 1802 350 1829 nem
389 1793 433 1829 et
481 1786 776 1828 excellentiam
823 1787 1046 1841 pervenire
1088 1786 1322 1840 voluerint,
1371 1791 1572 1840 quantam

254 1844 479 1885 maximam
517 1850 656 1884 mente
695 1849 738 1883 et
779 1857 829 1884 co
863 1842 1039 1883 itatione
1079 1841 1240 1897 fingere
1279 1842 1417 1883 liceat.
1484 1840 1573 1883 Sed

255 1900 375 1953 libri,
417 1899 489 1953 qui
519 1912 620 1940 sunt
648 1898 701 1939 de
733 1899 840 1954 Legi
874 1913 947 1950 us,
989 1904 1236 1953 proponunt
1274 1898 1396 1952 quasi
1434 1897 1572 1953 pictu-

255 1971 345 1998 ram
376 1954 589 2010 quandam
620 1955 806 2009 optimae
836 1954 1047 2007 civitatis,
1086 1954 1222 2008 qualis
1261 1969 1430 2006 revera,
1472 1952 1572 1993 data

257 2012 443 2066 optimae
474 2010 730 2052 conditionis
763 2011 961 2065 optione,
992 2010 1173 2052 existere
1204 2024 1330 2065 posse
1361 2008 1570 2050 videatur.

252 2067 474 2120 Quocirca
509 2067 571 2109 illi
607 2073 824 2120 tamquam
862 2081 1069 2109 summum
1106 2066 1210 2107 illud
1240 2070 1487 2120 proponunt
1523 2078 1572 2104 ac

256 2123 440 2179 desuper
468 2129 701 2176 ostentant,
733 2138 935 2177 quorsum
963 2122 1007 2163 in
1024 2122 1113 2163 vita
1133 2121 1247 2163 civili
1271 2119 1573 2162 constituenda

256 2185 300 2220 et
328 2179 514 2236 regenda
544 2179 727 2234 denique
757 2179 898 2221 omnia
927 2177 1068 2221 studia
1086 2182 1130 2218 et
1149 2177 1327 2219 consilia
1348 2175 1572 2231 dirigenda

257 2235 354 2277 sint.
413 2235 473 2276 Hi
502 2241 642 2277 autem
672 2234 828 2276 docent
854 2249 903 2276 ac
922 2233 1196 2290 patefaciunt,
1229 2232 1331 2287 quid
1351 2248 1429 2287 pro
1450 2247 1569 2287 prae-

208 2295 218 2307 *
257 2291 369 2332 senti
408 2306 547 2332 rerum
588 2290 836 2333 conditione
875 2289 1085 2346 agendum
1125 2290 1204 2342 sit,
1252 2295 1298 2329 ut
1339 2288 1488 2330 saltem
1526 2288 1568 2328 in

254 2352 436 2399 tantum,
465 2354 668 2400 quantum
695 2346 788 2388 fieri
817 2347 978 2402 possit,
1017 2344 1071 2386 ad
1100 2360 1304 2387 summam
1331 2345 1446 2385 illam
1475 2358 1571 2398 per-

257 2402 454 2445 fectionis
485 2403 672 2458 speciem
700 2402 966 2446 escendatur.
1023 2401 1193 2455 Equuo
1224 2407 1416 2456 apparet,
1444 2414 1570 2454 quam

259 2470 377 2501 arcta
406 2459 463 2501 sit
490 2459 714 2512 utriusque
744 2459 885 2514 operis
923 2456 1194 2500 necessitudo
1235 2464 1275 2497 et
1306 2455 1567 2508 coniunctio,

259 2514 470 2570 siquidem
498 2515 542 2555 in
573 2514 708 2555 altero
727 2514 824 2556 finis
845 2514 1112 2572 proponitur,
1143 2511 1198 2553 ad
1218 2527 1341 2567 quem
1369 2510 1570 2553 contendi

259 2576 476 2627 oporteat3
524 2570 569 2612 in
605 2570 738 2612 altero
777 2571 1110 2619 demonstratur,
1162 2582 1384 2622 quousque
1422 2567 1490 2608 vel
1526 2566 1570 2607 in

258 2627 473 2682 praesenti
499 2641 638 2668 rerum
668 2626 945 2669 humanarum
984 2631 1098 2668 statu
1135 2623 1189 2666 ad
1219 2624 1369 2665 melius
1397 2621 1569 2678 procedi
1610 2644 1612 2649 π
