1612 2872
552 74 923 120 PRAEFATIO.
1271 72 1407 117 XVII

56 191 197 235 missis
227 197 396 234 tantum
425 191 669 235 manifestis
687 191 926 234 scribarum
953 190 1174 233 erroribus
1204 201 1248 231 et
1276 188 1407 231 rebus

54 249 306 303 levioribus,
337 248 391 291 de
422 248 580 305 quibus
609 248 679 290 hic
709 255 754 291 et
784 249 871 291 illic
900 247 1067 303 aliquid
1095 261 1268 289 monere
1293 245 1406 288 ⁴satis

54 306 194 348 visum
224 312 304 349 est.

167 363 238 405 De
278 377 366 405 una
404 369 548 405 autem
589 377 634 404 re
676 362 759 404 hoc
791 362 891 405 loco
920 362 1121 404 universe
1149 360 1406 418 exposuisse

51 420 233 474 iuvabit,
268 435 379 476 quae
407 419 596 476 pertinet
624 418 681 461 ad
711 419 1020 462 vocabulorum
1052 417 1406 476 orthographiam

52 493 131 534 per
162 492 310 520 omnes
340 477 474 519 hosce
503 490 724 518 sermones
743 477 981 531 aequaliter
1022 478 1112 519 fere
1137 482 1404 534 regnantem.

56 535 194 577 Usum
225 534 408 576 dicimus
439 535 517 575 τοῦ
545 536 580 573 ῖῑ
613 533 731 589 quod
755 533 889 590 vulgo
914 541 1070 576 vocant
1088 539 1137 591 ὲᾳ
1149 530 1406 577 ελκυστικόν

52 592 97 633 in
128 592 266 634 Paris.
298 593 354 633 A.
385 605 521 647 prope
553 596 804 633 constanter
824 591 1114 633 observatum.
1176 591 1260 633 Est
1287 590 1404 632 enim

51 648 121 690 hic
139 648 249 690 liber
276 648 321 689 in
342 662 519 690 numero
539 663 688 690 eorum
707 647 907 691 codicum
926 648 970 690 in
990 649 1150 703 quibus
1167 648 1313 690 littera
1329 646 1406 689 illa

50 705 194 747 finalis
215 705 345 747 etiam
375 711 473 747 ante
495 719 711 748 consonas
741 712 989 762 usurpatur.
1023 706 1092 747 De
1113 721 1202 760 quo
1224 704 1403 759 quidem

49 777 134 804 usu
150 770 446 818 exposuerunt
464 770 635 819 praeter
651 763 761 804 alios
775 763 813 805 F
825 763 838 804 i
851 779 871 804 s
885 778 908 805 e
918 763 944 804 h
957 778 979 804 e
990 779 1048 805 ru
1061 777 1082 804 s
1102 762 1158 804 ad
1169 761 1351 805 Weller.
1366 761 1402 804 Ι.

48 835 92 876 p.
136 821 228 863 188.
273 818 538 862 Sturzius
568 819 638 862 De
669 819 856 862 dialecto
896 819 1194 863 Alexandrina
1231 834 1273 875 p.
1309 819 1401 862 128.

51 876 210 920 Rink.
241 877 498 919 Lucubratt.
530 894 572 934 p.
604 879 670 920 32.
702 877 984 920 Porsonus
1023 884 1067 919 et
1095 876 1402 920 Elmsleius

52 933 107 976 ad
137 934 290 990 Eurip.
322 934 444 976 Med.
476 951 516 977 v.
551 936 616 977 76.
650 934 865 977 Iacobs
907 936 1095 977 Praefat.
1136 933 1192 976 ad
1230 933 1402 976 Aelian.

49 990 178 1035 anim.
229 991 266 1034 I.
316 1008 358 1048 p.
408 992 480 1035 23.
535 993 727 1048 Poppo
778 991 832 1034 ad
884 992 1085 1050 Thucyd.
1137 992 1172 1035 1.
1221 1007 1264 1048 p.
1302 992 1400 1034 445.

48 1047 432 1092 Bachmannus
464 1048 518 1091 ad
542 1049 822 1106 Lycophron.
840 1065 882 1106 p.
915 1051 993 1092 156
1013 1065 1078 1105 sq.
1107 1050 1400 1092 Hermann.

49 1104 118 1147 De
161 1105 328 1148 emend.
379 1122 558 1162 gramm.
597 1105 675 1150 Gr.
707 1106 743 1149 I.
782 1123 827 1164 p.
869 1107 937 1149 23.
1005 1106 1294 1149 Benseler.
1346 1104 1402 1148 ad

46 1160 229 1204 Isocrat.
262 1165 481 1220 Areopag.
511 1179 553 1220 p.
589 1165 683 1206 185.
713 1179 808 1219 sqq.
839 1163 1056 1207 WVeber.
1089 1163 1144 1206 ad
1165 1162 1400 1206 Demosth.

47 1219 261 1262 Aristoer.
291 1236 335 1276 p.
371 1222 462 1263 146.
521 1221 710 1262 Bremi
740 1220 795 1262 ad
826 1221 1032 1264 Aeschin.
1062 1221 1107 1263 in
1131 1219 1330 1278 Ctesiph.
1362 1221 1402 1263 3.

49 1275 365 1319 Schneider
405 1276 459 1319 ad
508 1277 663 1335 Remp.
703 1277 740 1320 Ι.
779 1294 821 1335 Ρ.
876 1281 932 1320 46
962 1295 1026 1335 sq.
1085 1278 1400 1320 Buttmann.

49 1332 127 1376 Gr.
157 1331 234 1378 Gr.
264 1333 300 1376 I.
331 1334 368 1389 ξ.
401 1335 467 1376 25.
499 1350 540 1391 Ρ.
571 1336 639 1377 93.
700 1335 973 1379 Matthiae
1012 1335 1207 1378 Gramm.
1253 1335 1399 1391 Ampl.

48 1390 100 1433 Τ.
142 1389 179 1431 Ι.
218 1407 260 1447 Ρ.
305 1393 396 1434 125.
428 1407 524 1447 sqq.
563 1392 601 1448 ξ.
641 1395 710 1434 41.
749 1392 816 1435 ed.
849 1395 887 1436 3.
949 1394 1095 1436 Etiam
1126 1393 1171 1435 in
1196 1399 1304 1435 vett.
1333 1393 1400 1434 in-

47 1447 358 1503 scriptionibus
375 1463 427 1491 ac
442 1449 579 1492 titulis
601 1449 786 1492 eundem
805 1451 986 1506 reperiri
1005 1457 1192 1505 constat,
1211 1457 1260 1493 ut
1282 1448 1401 1507 apud

47 1503 488 1563 Gruter.lnscript.
510 1523 553 1563 p.
586 1509 652 1548 71.
679 1513 716 1551 1.
745 1509 1024 1566 άνὲβΛεψεν,
1057 1512 1128 1551 καὶ
1157 1507 1400 1560 ἐλήλυθεν,

47 1564 118 1603 καὶ
151 1561 488 1618 εὐναρίστησεν
519 1568 714 1618 ὄηιιοσίᾳ
754 1567 817 1617 τῷ
867 1568 988 1620 θεῷ,
1036 1581 1105 1624 ap.
1155 1564 1398 1608 Boeckh.

47 1618 148 1661 Vol.
188 1618 251 1662 II.
291 1636 334 1677 p.
378 1621 502 1664 1085.
547 1621 605 1665 N.
647 1623 773 1666 2465.
814 1622 857 1666 b.
906 1623 1200 1679 μνημόσυνον
1250 1621 1402 1679 Θήρας

46 1674 214 1727 πόλεως
254 1680 491 1734 παριοῦσιν
527 1679 694 1732 ἔτευξεν
742 1679 904 1735 βάθρα
959 1679 1067 1726 τάδ’.
1116 1682 1314 1728 ἔστησεν
1354 1696 1398 1722 τε

44 1735 184 1787 μέλαν
211 1735 351 1778 λίθον
378 1734 707 1790 Ἀρτεμίὸωριις.
737 1737 851 1781 Ibid.
882 1754 925 1794 p.
965 1741 1083 1780 1114.
1105 1738 1323 1782 Ν.-2811.
1355 1737 1398 1779 b.

46 1792 175 1832 ἔστιν
214 1793 262 1833 δὲ
294 1797 364 1834 ναὶ
398 1796 601 1848 πολίτης,
637 1794 830 1850 itemque
881 1796 927 1837 in
970 1795 1262 1852 Inscriptione
1308 1794 1398 1837 Ro-

46 1848 244 1889 settiana.
301 1849 458 1905 Neque
488 1866 586 1892 eum
616 1851 820 1906 ignorant
849 1853 933 1894 alia
963 1853 1193 1896 vetustatis
1230 1852 1399 1894 littera-

47 1918 142 1944 rum
171 1913 472 1958 monumenta,
505 1914 554 1950 ut
583 1908 722 1950 codex
751 1909 932 1951 duarum
963 1909 1203 1966 vaeridis
1239 1909 1399 1951 oratio-

46 1974 150 2001 num
179 1976 318 2017 nuper
348 1963 401 2005 ab
443 1963 548 2006 Ios.
592 1965 795 2009 Arden.
835 1967 879 2008 in
919 1959 1129 2024 Aeg’ypto
1176 1967 1397 2020 inventus,

46 2022 96 2082 ut
124 2017 344 2060 volumina
371 2020 731 2076 Herculanensia,
763 2023 983 2065 volumina
1003 2039 1250 2081 papyracea
1281 2023 1398 2064 Tau-

46 2075 260 2130 mnemia,
301 2076 399 2118 alia.
465 2077 621 2134 Itaque
669 2080 906 2122 extiterunt
952 2082 1033 2123 iam
1075 2081 1188 2123 inter
1228 2087 1398 2123 veteres

47 2131 223 2174 criticos
266 2134 339 2188 qui
390 2134 565 2178 Atticos
606 2136 887 2179 contenderet
915 2140 950 2181 ἶῖ
985 2138 1104 2180 istud
1153 2138 1398 2195 promiscue

45 2195 142 2253 tam·
171 2195 271 2231 ante
311 2206 524 2235 consonas
565 2208 694 2248 quam
734 2203 834 2236 ante
872 2196 1044 2238 vocales
1073 2196 1242 2238 litteras
1272 2210 1398 2238 usur-

44 2260 233 2343 gwmse,
265 2262 447 2302 quorum
479 2249 640 2292 iudicia
673 2252 804 2294 refert
829 2250 1150 2296 Grammaticus
1177 2254 1220 2294 in
1251 2254 1397 2294 Auec-

76 2308 134 2344 οὲ.
172 2302 415 2368 ῌΕΙςΙωΓί
463 2306 564 2349 Vol.
596 2307 682 2349 ΙΙΙ.
732 2324 775 2364 p.
833 2311 965 2353 1400..
986 2326 1051 2366 sq.
1120 2310 1398 2365 Quamquam

45 2367 150 2402 usus
187 2368 271 2403 1ste
313 2363 565 2418 neutiquam
597 2365 702 2408 solis
743 2366 905 2409 Atticis
935 2367 1138 2425 proprius
1171 2368 1275 2420 fuit,
1321 2367 1396 2422 qui

45 2423 163 2458 certe
193 2418 321 2460 etiam
352 2419 469 2476 apud
526 2422 766 2464 Homerum
809 2429 852 2465 et
893 2425 938 2466 in
987 2424 1213 2468 codicibus
1254 2424 1312 2467 N.
1343 2425 1394 2466 T.

45 2474 320 2538 maximeque
358 2477 404 2518 in
440 2478 738 2521 Alexandrino
768 2480 842 2523 illo
871 2481 984 2524 libro
1017 2482 1276 2524 dominatur.
1336 2485 1397 2523 At

46 2545 158 2595 enlm
196 2547 314 2598 vero·
339 2549 471 2589 quum
502 2536 626 2578 multi
653 2537 812 2593 passim
850 2542 950 2581 rem*
979 2540 1208 2597 attigerint
1248 2538 1395 2581 certis-

45 2601 240 2643 simaque
278 2605 371 2633 eius
402 2598 564 2634 ¹extent
604 2593 650 2635 in
687 2595 870 2638 vetustis
910 2596 1031 2639 libris
1071 2603 1115 2639 et
1152 2597 1395 2639 litterarum

45 2646 335 2690 monumentis
374 2647 661 2701 documenta,
702 2659 844 2694 tamen
885 2669 1014 2707 quam
1044 2654 1131 2696 late
1164 2654 1236 2696 ille
1268 2659 1395 2707 patu-

1095 2722 1132 2762 B
