1612 2872
542 71 721 115 LIBRI
735 76 740 94 ³
756 70 951 114 PRIMI.
1402 70 1426 110 9

66 193 340 244 comparatas
370 201 477 230 esse
515 188 598 243 (ρ.
631 187 730 229 632.
761 186 942 229 Ε.·633.
976 184 1081 238 Α.).
1152 183 1308 237 ltaque
1343 180 1428 223 ini-

64 245 175 287 tium
204 243 514 300 disputationis
542 259 693 286 rursus
724 243 900 286 ducitur
933 256 958 284 a
1000 239 1256 283 fortitudine
1285 244 1427 294 satque

67 302 121 345 ab
151 302 360 344 institutis
402 300 950 352 civitatum2Doriensium‚
984 301 1095 353 quae
1124 296 1301 340 adeam
1320 298 1430 352 per·-

66 359 248 401 tineant..
307 359 369 401 Et
405 359 451 401 in
490 358 558 401 his
598 357 777 414 quidem
812 354 1305 408 numeranturzpsieutiv
1324 367 1429 396 con‘·

67 422 322 459 sentaneum
353 423 441 469 est,
477 415 679 458 convivia
715 414 892 471 publica
919 428 955 456 s.
988 413 1191 470 syssitia,
1233 411 1431 453 venatio-

67 489 160 527 nes,
193 473 690 529 atquerexereitationes
721 471 850 524 illae,
890 485 1000 526 quae
1043 469 1100 512 ad
1126 469 1323 517 laborum
1351 483 1432 525 pa-

67 531 264 574 tientia-m
293 538 338 573 et
369 531 642 583 tolerantiam
677 528 1097 571 dolorum-valeant.
1167 526 1294 580 Quae
1334 525 1430 581 qui-

69 588 165 630 dem
193 588 350 630 omnia.-
377 587 528 629 referri
566 586 820 629 iudicantur
847 584 903 627 ad
935 583 1276 641 comparandam
1307 583 1431 626 belli·

68 660 147 688 cae
185 644 455 687 fortitudinis
492 643 679 686 laudem.
740 644 841 686 Hoc
882 642 1029 699 ipsum
1068 648 1214 683 tamen
1243 640 1432 683 Atheni-

69 702 163 746 ensi
200 703 390 759 praebet,
426 714 575 744 ansam
628 700 971 756 reprehensioni.
1050 699 1099 741 Is
1139 699 1255 740 enim
1294 713 1432 752 quum

68 759 196 802 facile
233 759 445 816 largiatur
486 759 569 802 isto
609 758 785 814 quidem
823 757 954 800 modo
997 756 1053 799 ad
1093 755 1261 798 doloris
1292 755 1431 797 acti·

68 817 200 861 moris
239 817 583 860 moderationem
624 817 762 858 multa
803 815 1029 871 praeclare
1082 813 1286 855 instituta
1317 827 1430 867 esse,

68 883 214 917 tamen
256 874 378 929 quod
415 875 549 916 iaciat
597 872 653 915 ad
716 874 914 915 alterum>
949 887 1087 930 genus
1136 869 1430 925 fortitudinis,

69 931 189 987 quod
217 932 354 974 multo
385 932 443 974 sit
469 930 757 985 laudabilius,
801 929 1008 985 quodque
1047 930 1092 971 in
1123 926 1431 986 oppugnandis

71 1005 122 1032 ac
158 989 385 1032 vincendis
423 989 725 1045 voluptatibus
765 995 902 1043 atque
929 986 1248 1042 cupiditatibus
1280 1000 1432 1027 cerna·

70 1054 157 1101 tur,
187 1046 235 1091 id
263 1046 647 1102 quidemprorsus
678 1045 912 1088 desiderat.
975 1044 1198 1098 Quocirca
1227 1043 1313 1085 hoc
1336 1043 1432 1098 qui-

72 1103 170 1147 dem
201 1104 374 1147 nomine
407 1104 603 1161 Lycurgi
635 1110 678 1145 et
706 1103 871 1145 Minois
911 1103 1133 1144 civitatem
1163 1106 1312 1143 censet
1342 1116 1433 1142 om-

72 1162 176 1204 nino
215 1177 410 1204 maneam
450 1176 546 1203 esse
588 1166 737 1216 atque
766 1160 976 1202 debilem:
1020 1157 1140 1214 quod
1186 1164 1332 1200 tamen
1371 1157 1434 1199 ita

75 1218 206 1270 facit,
239 1226 302 1260 *ut
340 1218 489 1260 huius'
514 1217 664 1260 iudicii
702 1218 771 1260 sui
806 1218 1052 1259 libertatem
1093 1215 1240 1258 multis
1287 1215 1433 1257 verbis

77 1282 254 1317 excuset
291 1277 363 1332 (p.
404 1277 502 1319 633.
533 1277 588 1318 A.
616 1296 674 1307 ——-
705 1276 800 1317 635.
832 1275 929 1330 E.)
962 1299 1019 1306 --
1058 1274 1236 1329 vItaque
1277 1272 1343 1314 his
1372 1272 1435 1314 ita

77 1331 327 1387 disputatis,
356 1334 443 1375 iam
475 1332 595 1388 (inde
625 1348 651 1375 a
680 1348 722 1388 p.
753 1333 847 1375 635.
878 1333 954 1387 E.)
995 1331 1208 1374 transitur
1237 1329 1293 1372 ad
1323 1336 1434 1372 tem-

76 1389 338 1446 perantiam,
396 1390 450 1432 ad
499 1391 622 1432 cuius
670 1390 1082 1445 contemplationem
1131 1387 1433 1443 superioribus

75 1453 284 1501 tanquam
323 1447 439 1490 ultro
476 1447 649 1490 videtur
686 1447 758 1489 via
787 1447 955 1490 munita
985 1461 1096 1489 esse.
1157 1445 1327 1488 Dicunt
1357 1460 1433 1487 au-

74 1510 162 1547 tem
207 1504 417 1562 Megillus
457 1510 500 1547 et
529 1504 719 1559 Clinias,
761 1504 890 1548 huius
934 1504 1110 1547 virtutis
1150 1502 1359 1547 colendae
1389 1509 1435 1545 et

74 1561 343 1604 exercendae
382 1562 523 1619 gratia
566 1561 683 1619 apud
735 1577 837 1605 suos
886 1562 1064 1619 syssitia
1114 1567 1159 1602 et
1205 1559 1434 1617 gymnasia

73 1632 169 1663 esse
198 1618 411 1661 instituta.
472 1619 599 1673 Quae
628 1626 771 1662 tamen
813 1626 947 1675 negat
974 1618 1262 1662 Atheniensis
1301 1616 1358 1659 ad
1386 1616 1434 1659 id

73 1675 243 1718 consilii
294 1677 403 1720 satis
450 1676 723 1730 conducere,
781 1676 1139 1732 quandoquidem
1185 1675 1434 1718 communia

72 1733 276 1776 convivia
311 1740 518 1789 tanquam
562 1734 791 1777 seminaria
831 1733 1167 1790 quaedamsint
1195 1732 1334 1776 omnis
1365 1747 1434 1775 se-

75 1789 280 1842 ditionis,
323 1791 552 1847 gymnasia
582 1798 748 1844 autem,
790 1791 836 1833 in
866 1792 1026 1847 quibus
1057 1798 1101 1833 et
1129 1789 1432 1832 adolescentes

76 1853 121 1888 et
148 1846 318 1902 puellae
358 1847 534 1889 nudatis
563 1848 820 1904 corporibus
844 1856 1144 1900 exerceantur,
1177 1863 1310 1903 quum
1341 1862 1433 1889 om-

77 1906 180 1946 nino
199 1902 436 1959 pudicitiae
455 1904 670 1959 officiant,
699 1911 790 1947 tum
821 1906 948 1947 etiam
966 1906 1264 1962 turpissimum
1296 1903 1434 1959 quod-

78 1959 176 2001 dam
217 1962 972 2018 amorum*genus'procreaverint,
1023 1961 1142 2018 quod
1182 1961 1431 2015 Cretenses,

77 2017 194 2060 fictis
225 2016 279 2059 de
310 2016 572 2074 Ganymede
606 2024 660 2060 et»
687 2019 792 2061 Iove
822 2019 1008 2072 fabulis,
1054 2018 1282 2061 temerario
1323 2034 1433 2061 ausu

79 2073 228 2116 divina
268 2077 526 2118 auctoritate
568 2074 799 2118 defendere
844 2076 915 2118 vel
954 2091 1163 2119 excusare
1205 2081 1432 2119 conentur.

78 2129 290 2174 Defendit
338 2131 411 2174 hic
458 2132 634 2187 quidem
682 2133 890 2190 Megillus
937 2133 1192 2191 Lycurgum
1243 2134 1331 2188 sic,
1381 2139 1432 2176 ut

80 2186 262 2253 Spartae
304 2188 423 2232 dicat
451 2190 621 2247 legibus
651 2190 836 2246 publicis
867 2197 1043 2233 cautum
1073 2206 1169 2234 esse
1198 2191 1430 2248 sapientis-

79 2259 208 2300 sime,
249 2252 299 2288 ut
339 2262 393 2289 ne
441 2262 528 2302 qua
571 2248 847 2305 voluptatum
877 2264 928 2290 ac
958 2248 1186 2291 libidinum
1214 2248 1429 2305 intempe-

81 2303 220 2344 rantia
249 2304 406 2346 exoriri
434 2311 580 2359 queat,
613 2304 830 2361 siquidem
862 2306 1059 2361 inprimis
1087 2306 1430 2350 commissationi

81 2367 124 2401 et
153 2360 352 2404 ebrietati
381 2363 654 2405 severissime
684 2363 742 2406 sit
771 2363 1063 2418 interdictum,
1094 2364 1158 2406 ita
1184 2370 1235 2406 ut
1264 2379 1318 2406 ne
1351 2363 1433 2406 Di-

81 2418 245 2482 onysiis
285 2417 483 2473 quidem,
530 2435 618 2475 quo
649 2426 843 2477 tempore
874 2420 1061 2463 Athenis
1093 2421 1279 2463 maxima
1308 2436 1433 2477 repe-

80 2481 217 2516 riatur
252 2491 419 2518 morum
446 2477 644 2530 licentia,
686 2479 919 2534 quisquam
961 2479 1139 2534 impune
1180 2479 1326 2522 ebrius
1359 2478 1433 2520 de-

80 2531 372 2588 prehendatur
409 2538 473 2590 (p.
488 2536 602 2597 ν635.
636 2536 688 2577 E.
719 2553 773 2567 -·-
806 2537 900 2578 637.
931 2536 1021 2591 R).
1080 2537 1249 2579 Verum
1279 2535 1333 2578 de
1362 2536 1432 2578 his

82 2604 258 2655 quoque
314 2590 598 2635 Atheniensis
657 2599 819 2636 movet
856 2594 1206 2636 controversiam.
1287 2593 1433 2636 Docet

81 2661 218 2701 emm,
260 2662 312 2690 ne
352 2648 478 2692 istam
510 2648 684 2705 quidem
715 2651 990 2695 severitatem
1021 2650 1289 2707 probandam
1321 2665 1430 2702 esse,
