1612 2872
281 133 362 173 4¹6
774 129 1149 171 PLATONIS

382 242 482 290 ΚΛ.
560 245 638 295 Τίς
672 244 712 286 δ’
757 243 779 287 ὁ
818 245 947 295 aveas,-

383 316 477 355 ΑΘ.
533 304 635 364 Ἆρ’
687 304 767 352 οὖν
810 310 948 368 μύθῳ
990 310 1147 364 σμικροὶ
1193 308 1235 363 γ’
1293 314 1353 353 ἔτι
1397 325 1606 364 προς-χρη-

280 387 390 428 ςὲυν,
426 383 460 420 εὶ
497 378 706 430 μέλλομεν
741 378 928 430 ἐμμελῶς
964 392 1052 425 πως
1081 378 1269 427 δηλῶσαι
1308 375 1355 417 τὸ
1392 376 1471 416 νῦν
1506 380 1608 430 &pm-

281 446 494 498 τώμενονς
532 440 695 483 οὐκοῦν
728 440 811 498 χρὴ
847 443 983 501 ταύτῃ
1022 443 1158 494 δρᾶν,

381 512 477 551 ΚΛ.
551 508 680 549 Πάνυ
717 511 796 562 μὲν
833 501 927 550 οὖν.

378 572 487 633 Cap.
541 570 617 615 VI.
687 574 781 615 ΑΘ.
858 575 956 614 Τῶν
999 572 1083 627 γὰρ
1118 573 1170 626 δὴ
1208 573 1392 623 πόλεων,
1443 566 1503 614 ὧν
1540 579 1607 626 ἐμ·

279 643 483 695 προσθεν
517 637 597 687 τὰς
630 637 892 690 ξυνοικήσεις
919 638 1174 698 διήλθομεν,
1209 643 1271 682 ἔτι
1293 650 1482 699 προτέρα
1509 641 1606 684 τού·-

281 723 364 749 των
399 704 606 759 πάμπολυ
640 708 806 757 λέγεταί
854 721 918 754 τις
950 704 1063 760 ἀρχή
1099 722 1144 747 τε
1178 709 1248 747 καὶ
1287 706 1450 760 οἴκησις
1485 725 1605 761 γεγο-

281 778 398 814 νέναι
433 774 500 814 ἐπὶ
542 770 719 824 Κρόνου
755 770 856 824 μάλ’
899 769 1125 825 εὐδαίμων,
1162 766 1210 823 ἦς
1240 776 1411 829 μίμημα
1447 773 1605 829 ἔχουσά

278 844 380 886 ἐςιν,
417 835 510 890 ἣτις
547 838 632 877 τῶν
670 838 748 878 νῦν
784 834 918 890 dignm
948 841 1139 879 οἰκεῖται.

369 987 454 1028 Cap
482 986 541 1017 V1
593 986 632 1017 Β.

276 1043 309 1064 x.
335 1037 370 1065 et
395 1034 424 1063 in
453 1041 557 1086 marg.
590 1028 627 1063 Ω.
654 1042 684 1063 a.
712 1030 741 1064 δ.

685 987 763 1017 τῶν
794 987 871 1017 νῦν
900 985 1056 1030 ἄριστα
1088 986 1305 1027 οικεῐται.]
1340 989 1397 1020 Sic
1429 992 1471 1021 A.
1511 991 1547 1023 B.
1575 991 1604 1022 h.

790 1032 1011 1064 Scribebatur
1039 1029 1331 1074 ἀριστοκρατεῖται.

369 1073 536 1117 Σφόδρ’
568 1074 634 1114 ἄν,
661 1073 713 1108 ὗς
746 1077 909 1119 ἔοικεν]
950 1077 1046 1110 Haec
1077 1078 1271 1119 Stephanus
1303 1078 1419 1111 tribuit
1453 1078 1602 1121 Megiuo.

277 1122 348 1155 Nos
373 1133 412 1155 ea
440 1132 513 1153 cum
542 1121 621 1153 Alci.
652 1122 748 1153 Basa.
776 1123 807 1157 1.
833 1123 864 1155 2.
892 1123 1022 1155 Cliniae
1054 1122 1258 1165 assignanda
1287 1123 1490 1164 putavimus.
1527 1125 1604 1157 Par.

276 1169 321 1200 A.
346 1177 396 1223 pf.
424 1163 521 1198 ἔοικ’.

366 1209 479 1251 Ἐμοὶ
511 1212 619 1253 γοῦν
652 1212 712 1253 φ,]
744 1212 801 1245 Sic
835 1211 1009 1244 Bekkerus
1048 1213 1159 1244 tacite.

1220 1212 1326 1254 Vuigo
1354 1211 1488 1254 ''Epocy'
1530 1223 1603 1244 ουτ.

277 1269 305 1291 v
340 1259 381 1289 aci
416 1258 553 1290 Politic.
588 1268 620 1299 p.
652 1258 730 1291 270.
765 1258 803 1290 Β.
846 1257 975 1289 Phileb.
1010 1267 1042 1299 p.
1077 1258 1131 1291 12.
1167 1259 1211 1290 A.
1234 1258 1440 1290 Posterius
1470 1262 1606 1290 tuentur

275 1303 378 1336 etiam
407 1303 484 1335 Par.
513 1305 552 1334 Α.
579 1306 614 1335 et
639 1304 739 1335 Voss.

274 1413 406 1455 perium
436 1413 662 1446 commisisse.
711 1413 908 1455 Respicitur

275 1460 362 1491 enim
391 1459 455 1490 iam
484 1457 546 1490 hoc
571 1460 647 1490 ioco
673 1459 715 1489 ad
740 1468 792 1498 ea,
818 1469 907 1499 quae

274 1503 399 1537 deinde
425 1507 510 1535 sect.
539 1503 580 1534 B.
606 1503 644 1535 C.
665 1503 703 1534 D.
731 1503 775 1535 de
801 1514 906 1545 regno

273 1548 433 1581 Saturnio
460 1553 685 1590 exponuntur.

319 1594 360 1625 εἰ
378 1592 583 1633 μέλλομεν
607 1592 793 1632 ἐμμελῶς
818 1602 906 1624 πως

273 1637 490 1680 ὃηλωσαι]
525 1638 569 1670 H.
597 1649 625 1670 e.
654 1634 783 1678 ἅρθιῦε.
809 1639 903 1669 Libr.

275 1684 332 1716 v1.
384 1684 495 1717 ..757
523 1684 575 1715 Ax
606 1681 691 1722 μάλα
717 1679 836 1723 ὀρθῶς
858 1683 904 1713 εἵ-

273 1739 369 1769 omae
406 1729 460 1759 καὶ
502 1725 655 1766 ἐμμελῶς
698 1727 833 1759 Pontio.
870 1738 902 1768 p.

272 1773 348 1808 260.
380 1773 424 1807 B·
451 1771 595 1812 ἕμμελως
618 1769 661 1803 ἄν
688 1776 809 1811 φαῖμεν
834 1770 904 1812 3¹3?-

274 1818 415 1873 ρῆσθαι.
448 1818 504 1849 De
530 1818 616 1858 Rep.
647 1818 740 1850 VIII.
768 1829 801 1870 ρ.
825 1818 902 1851 569.

273 1864 317 1896 Ca
356 1874 420 1894 ουκ
452 1861 597 1902 ἐμμελῶς
629 1859 704 1904 ημῖν
728 1860 904 1904 εἰρήσεται,

271 1907 331 1941 ἐὰν
360 1909 487 1948 φῶμεν.

320 1951 486 1985 ουκοῦν
510 1950 585 1994 χρὴ
611 1950 740 1992 ταύτῃ
765 1950 902 1994 fleam]

270 2000 433 2041 Repetite
476 1999 700 2039 interrogatio
748 1998 904 2038 superior

270 2049 343 2085 est,
369 2043 432 2076 hoc
456 2052 576 2075 sensu.
615 2052 750 2075 nonne
774 2043 826 2083 (ut
851 2042 903 2074 di-

268 2091 332 2130 xi)
346 2089 408 2122 ita
433 2098 566 2141 agere
592 2097 667 2120 nos
692 2086 899 2129 oportet?

269 2134 432 2167 Nimirum
443 2115 511 2174 'Ap'
522 2127 596 2170 οὖν,
608 2132 698 2187 quod
710 2132 900 2188 praecedit,

268 2180 357 2212 idem
371 2180 522 2220 estquod
528 2173 596 2219 Ap'
605 2173 669 2209 οὖν
679 2176 724 2209 οὔ
732 2187 900 2218 ·quosen-

269 2224 763 2266 suusurpaturcentenisiocis.
782 2221 901 2254 Dehac

269 2269 547 2311 interrogationis
585 2269 789 2309 repetitione
821 2267 900 2299 Pia-

272 2315 342 2346 toni
367 2324 530 2355 perquam
555 2313 711 2346 familiari
738 2323 768 2344 v.
783 2315 898 2344 annot.

271 2358 314 2391 ad
340 2359 447 2399 Gorg.
472 2369 504 2400 p.
530 2358 609 2393 500
634 2359 678 2390 A.
708 2358 802 2390 Prot.
818 2356 896 2391 334.

271 2405 311 2436 Α.
345 2403 481 2436 Menon.
517 2414 550 2458 p.
585 2403 636 2438 71.
672 2402 717 2433 Β·
753 2415 773 2443 η
807 2401 905 2433 δοκεῖ

270 2458 326 2480 σοι
356 2445 432 2479 οιόν
460 2458 493 2478 τε
516 2444 611 2486 εἶναι,
640 2445 728 2479 ὅετιε
751 2446 899 2479 Μένωνα

266 2491 310 2535 μὴ
343 2489 521 2535 γιγνώσκει
548 2512 587 2517 -
613 2493 736 2524 τοῦτον
765 2492 898 2528 ειδέναι,

266 2540 331 2572 εἴτε
342 2537 444 2571 καλὸς
456 2540 521 2571 εἴτε
539 2538 703 2571 πλούσιος
712 2557 754 2563 -—
759 2538 829 2570 ἐἴτε
844 2538 897 2568 καὶ

269 2581 424 2617 τᾶνανιιά
448 2582 594 2622 tonitam,-
625 2583 720 2615 δοκεῖ
741 2594 796 2616 σοι
821 2579 897 2615 οἶόν

269 2627 299 2662 τ’
323 2626 427 2669 eluat,-
467 2629 629 2670 Corrupit
655 2630 766 2661 iocum
794 2628 893 2660 Her-

268 2685 460 2715 mannus‚
484 2676 540 2716 qui
565 2673 794 2706 audacissima
820 2682 893 2704 ver-

975 1414 1092 1446 borum
1128 1413 1395 1454 transpositione
1420 1411 1509 1444 facta
1534 1411 1603 1444 for

973 1460 1053 1491 titer
1077 1468 1139 1490 suo
1165 1458 1273 1490 Marte
1299 1458 1430 1489 refinxit
1454 1458 1602 1490 scilic-:et

973 1523 1016 1528 —
1042 1502 1186 1543 ἐμμελῶς
1211 1512 1282 1534 πως
1307 1501 1452 1544 δηλῶσαι
1477 1500 1513 1533 τὸ
1541 1503 1604 1533 νῦν

973 1546 1206 1603 ἐρωτώμενοι;
1238 1547 1318 1580 ΚΛ.
1341 1546 1438 1579 Πάνυ
1451 1546 1511 1586 μὲν
1527 1543 1602 1582 οὖν

974 1592 1055 1625 ΑΘ.
1101 1590 1241 1626 Οι’κοῦν
1275 1590 1337 1634 χρὴ
1370 1591 1471 1632 ταύτῃ
1506 1592 1600 1634 δρᾶι.

975 1639 1039 1669 τῶν
1064 1636 1128 1680 γὰρ
1154 1636 1194 1679 δὴ
1222 1636 1351 1668 πόλεων
1377 1650 1405 1669 κ.
1434 1649 1459 1668 τ.
1486 1638 1511 1669 λ.
1542 1638 1601 1670 Ni-

971 1685 1092 1715 mirum
1121 1683 1209 1717 .diva
1242 1683 1368 1715 Critice
1405 1683 1530 1714 ferrum
1569 1687 1604 1715 et

972 1729 1083 1768 ignem
1104 1727 1189 1759 odit.
1204 1727 1228 1759 S
1242 1726 1500 1759 chneiderus
1526 1737 1601 1759 ver-

973 1773 1031 1804 ba:
1068 1769 1209 1805 Οιῖκοῦν
1241 1770 1302 1814 χρὴ
1327 1783 1354 1804 τ.
1379 1771 1481 1813 δρᾶν,·
1529 1772 1599 1804 Gii-

972 1818 1067 1857 niae‚
1093 1819 1155 1849 ista
1181 1828 1278 1850 νει-οε
1319 1816 1415 1849 Πάνυ
1439 1817 1498 1856 μὲν
1524 1814 1598 1849 οὖν.

971 1862 1170 1897 Atheniensi
1196 1862 1313 1895 tribuit
1331 1871 1437 1904 usque
1460 1863 1503 1894 ad
1527 1860 1600 1905 ἄρι-

973 1917 1032 1939 στα
1059 1906 1205 1940 οἰκεῖται.

1017 1953 1101 1994 Cap.
1130 1954 1188 1985 vl.
1241 1952 1278 1984 B.
1326 1952 1385 1983 ἔτι
1417 1951 1601 1993 προτέρα

971 1996 1134 2030 τούτων
1160 1997 1217 2039 —-]
1247 1998 1440 2029 Pronomen
1471 1994 1600 2028 τούτων

969 2048 1048 2086 post
1064 2044 1251 2075 subiectum
1267 2043 1330 2073 τῶν
1342 2039 1473 2072 πόλεων
1490 2042 1598 2073 abun-

971 2089 1092 2121 danter
1125 2089 1270 2125 illatum,
1302 2087 1345 2119 ita
1371 2087 1526 2127 quidem,
1562 2091 1599 2119 ut

969 2135 1058 2167 illius
1089 2134 1254 2166 memoria
1292 2137 1454 2173 tanquam
1486 2130 1598 2163 denuo

968 2180 1182 2211 instauretur.
1217 2187 1247 2208 v.
1279 2186 1354 2209 ann.
1387 2176 1429 2207 ad
1467 2176 1597 2208 Pontio.

968 2235 1001 2265 Ρ.
1026 2223 1105 2257 306.
1135 2223 1173 2257 C.
1200 2221 1374 2255 Phaedon.
1402 2231 1434 2262 p.
1453 2221 1531 2255 111.
1558 2220 1597 2252 C.

968 2269 1085 2310 Symp.
1118 2278 1150 2309 p.
1182 2267 1258 2301 195.
1292 2268 1336 2298 A.
1370 2266 1459 2298 conf.
1496 2266 1595 2298 Mat-

967 2312 1081 2345 thiae
1107 2312 1167 2344 Gr.
1195 2312 1225 2353 §.
1250 2312 1328 2346 467.
1355 2312 1446 2345 2.-
1478 2310 1595 2351 ἔχου-

968 2356 1016 2390 σά
1047 2357 1135 2390 ἐστι
1169 2358 1257 2390 idem
1293 2356 1488 2397 sere-quod
1521 2356 1594 2396 ἔχει,

966 2403 1060 2435 cuius
1096 2412 1177 2434 usus
1220 2402 1375 2442 exempla
1422 2401 1597 2432 attulimus

965 2447 1007 2481 ad
1038 2447 1212 2480 Phaedon.
1246 2458 1277 2488 p.
1308 2446 1384 2481 100.
1416 2446 1454 2478 D.
1496 2445 1594 2486 Sym-

967 2502 1041 2535 ΡΟΙ.
1081 2503 1113 2534 p
1140 2493 1216 2526 216.
1246 2492 1283 2524 Ε.
1311 2510 1354 2515 --
1400 2494 1477 2522 νῦν
1510 2488 1592 2532 ἄρι-

966 2547 1040 2569 στα
1084 2537 1278 2574 οἰκεῖται,
1314 2537 1482 2577 optime
1523 2544 1590 2576 gn-

965 2583 1178 2615 bernatur
1233 2587 1273 2614 et
1319 2580 1589 2635 administra-

965 2632 1044 2659 tur.
1094 2628 1186 2660 Maie
1218 2629 1318 2667 vulgo
1346 2621 1589 2666 ἀριστοκρατεῖ-

966 2683 1031 2709 ται,
1064 2672 1153 2713 quod
1187 2671 1357 2713 expressit
1393 2670 1493 2702 etiam
1529 2668 1588 2700 1⁴1·-
