1612 2872
359 953 1028 1029 ARGUMENTU
1062 953 1118 1028 Μ

498 1091 676 1126 LIBRI
713 1090 999 1127 SECUNDU-

62 1260 367 1350 Posteaquam
411 1296 550 1351 primo
590 1296 702 1338 libro
745 1296 1040 1353 significatum
1078 1301 1175 1348 est,
1225 1292 1423 1351 disputa-

60 1353 178 1394 tione
210 1352 264 1393 de
296 1353 670 1407 compotationum
702 1369 784 1395 usu
823 1360 1047 1408 tamquam
1087 1352 1202 1394 ultro
1241 1351 1297 1394 ad
1328 1366 1423 1394 eam

62 1424 151 1451 rem
189 1408 427 1463 invitante,
472 1424 658 1464 quanam
698 1409 952 1466 disciplinae
994 1410 1164 1452 ratione
1211 1423 1322 1464 opus
1365 1409 1424 1451 sit

61 1465 125 1507 ad.
154 1466 483 1522 temperantiam
522 1466 690 1509 civibus
717 1467 1073 1522 impertiendam,
1106 1465 1300 1508 secundo
1338 1465 1424 1507 hoc

62 1538 259 1565 sermone
298 1522 344 1563 id
386 1523 551 1580 agitur,
594 1528 664 1578 ut,
705 1524 959 1565 continuata
999 1522 1052 1564 de
1085 1522 1423 1577 compotationi-

61 1580 144 1622 bus
183 1589 227 1622 et
258 1580 347 1621 vini
384 1595 468 1622 usu
505 1579 827 1636 disputatione,
867 1580 1043 1622 omnino
1081 1578 1135 1621 de
1166 1578 1423 1635 disciplinae

62 1636 261 1692 publicae
287 1637 453 1678 ratione
485 1637 747 1691 disseratur,
771 1637 823 1679 *et
853 1651 1062 1691 quorsum
1092 1637 1261 1678 musica
1290 1640 1422 1690 atque

63 1693 236 1734 saltatio
275 1704 474 1749 spectare
518 1693 698 1747 debeat,
740 1694 986 1736 accuratius
1027 1692 1272 1737 definiatur.
1340 1693 1425 1734 Est

62 1765 165 1791 vero
195 1755 499 1805 argumentum
528 1750 628 1793 libri
658 1752 748 1793 fere
778 1750 875 1793 hoc.

175 1806 354 1848 Habent
391 1808 740 1862 compotationes
783 1813 902 1849 recte
940 1807 1169 1849 institutae
1207 1812 1423 1861 nontan-

63 1869 155 1903 tum
186 1862 298 1903 hanc
326 1862 575 1916 utilitatem,
606 1870 656 1905 ut
686 1878 836 1905 earum
865 1871 949 1919 ope
978 1863 1253 1919 ingeniorum
1282 1862 1422 1904 varie-

64 1925 223 1972 tatem,
275 1933 362 1972 qua
400 1919 518 1961 cives
555 1919 751 1976 insignes
793 1918 908 1971 sint,
960 1934 1228 1975 cognoscere
1267 1918 1452 1968 liceat3‘

64 1975 143 2017 sed
173 1974 350 2017 eaedem
380 1975 508 2017 etiam
541 1976 625 2016 alia
655 1990 791 2031 eaque
809 1975 946 2025 multo
969 1975 1133 2016 maiora
1153 1975 1278 2016 nobis
1309 1974 1425 2016 bona

65 2038 197 2087 atque
237 2030 466 2073 commoda
505 2031 693 2074 afferunt
733 2032 796 2087 (p.
828 2033 925 2079 652.
959 2034 1015 2072 A.
1047 2031 1136 2085 B.)
1214 2029 1349 2083 Quod
1376 2036 1426 2072 ut

65 2089 311 2131 accuratius
351 2088 644 2145 intelligatur,
689 2087 995 2143 explicandum
1025 2094 1092 2129 est
1121 2086 1174 2129 de
1208 2087 1326 2128 omni
1358 2087 1424 2128 in-

66 2145 305 2187 stitutionis
347 2153 393 2186 et
435 2145 692 2202 disciplinae
723 2144 904 2186 ratione.
936 2169 989 2175 -
1051 2143 1258 2185 Cernitur
1289 2143 1424 2200 igitur

67 2212 186 2243 recta
225 2201 427 2243 educatio
467 2217 519 2244 ac
558 2202 790 2258 disciplina
828 2202 872 2242 in
915 2216 989 2254 eo,
1041 2207 1091 2242 ut
1138 2201 1328 2242 infantes
1371 2215 1423 2242 ac

69 2258 215 2314 pueri,
257 2258 458 2312 quoniam
498 2274 652 2301 sensns
689 2257 929 2313 voluptatis
969 2271 1020 2299 ac
1061 2257 1222 2299 doloris
1271 2257 1324 2299 ab
1369 2257 1422 2299 iis

69 2314 254 2369 primum
290 2315 532 2370 percipitur
571 2315 796 2369 seriusque
849 2313 1020 2356 accedit
1067 2314 1248 2356 rationis
1299 2328 1421 2367 usus,

68 2370 214 2412 statim
238 2386 263 2411 a
283 2371 498 2426 principio
528 2372 800 2414 consucfiant
826 2376 942 2412 recte
966 2370 1157 2427 gaudere
1177 2386 1228 2413 ac
1259 2369 1422 2422 dolere,

69 2428 258 2480 itemque
289 2442 432 2469 amare
463 2434 507 2470 et
534 2428 701 2480 odisse,
742 2434 785 2469 et
815 2426 1103 2482 posteaquam
1133 2442 1261 2472 usum
1289 2427 1423 2468 ratio-

74 2483 141 2524 nis
179 2481 325 2538 adepti
346 2484 459 2538 sint,
490 2485 618 2527 huius
646 2484 894 2541 praeceptis
913 2489 958 2525 et
975 2483 1146 2539 legibus
1167 2499 1246 2526 sua
1265 2488 1422 2539 sponte

72 2539 386 2594 obtemperare.
454 2541 507 2583 In
549 2556 635 2597 qua
676 2540 851 2596 quidem
890 2540 1072 2582 rationis
1116 2546 1159 2581 et
1188 2539 1423 2581 affectuum

71 2594 307 2637 concordia
345 2596 474 2639 sicuti
511 2598 740 2640 universae
782 2596 979 2650 virtutis,
1022 2597 1085 2638 ita
1125 2596 1259 2647 etiamr
1291 2609 1422 2637 verae

71 2657 301 2706 rectaeque
342 2652 611 2698 educationis
651 2655 747 2696 laus
783 2653 992 2710 contineri
1026 2653 1199 2696 videtur
1229 2653 1290 2708 (p.
1324 2652 1422 2692 653.
