1612 2872
255 95 341 136 266.
728 93 1102 137 PLATONIS

355 206 465 267 Cap.
509 205 592 251 ΙΙΙ.
668 208 766 249 ΑΘ.
846 207 1017 252 Οὐκοῦν
1063 210 1269 265 εἴπωμεν,
1320 209 1389 253 ὅτι
1437 213 1578 265 γενεαὶ

255 277 504 330 διαβιοῦσαι
548 274 705 315 πολλαὶ
749 274 908 317 τοῦτον
950 273 1028 318 τὸν
1063 275 1229 330 τρόπον
1264 277 1350 318 τῶν
1384 275 1470 333 πρὸ
1501 294 1578 319 κα-

249 342 501 393 τακλυσμοῦ
546 337 790 392 γεγονότων
834 343 905 383 καὶ
950 343 1036 383 τῶν
1078 343 1159 384 νῦν
1189 340 1467 398 ἀτεχνότεροι
1500 346 1579 398 μὲν

257 410 329 451 καὶ
361 405 636 460 αμαθὲςεροι
680 405 790 459 πρός
831 422 876 448 τε
921 406 1001 457 τὰς
1039 406 1177 457 ἄλλας
1216 411 1440 462 μέλλουσιν
1470 409 1579 452 εἶναι

258 479 407 527 τέχνας
441 474 512 513 καὶ
548 468 658 524 πρὸς
691 469 773 520 τὰς
806 471 1065 529 πολεμικάς,
1108 472 1209 516 ὅσαι
1254 490 1298 516 τε
1343 476 1465 526 πεζαὶ
1507 479 1580 517 καὶ

257 538 360 582 ὅσαι
395 535 508 580 κατὰ
548 537 789 580 θάλατταν
824 542 1048 591 γίγνονται
1079 539 1133 582 τὰ
1161 541 1252 591 νῦν,
1289 542 1361 583 καὶ
1395 539 1497 583 ὅσαι
1526 542 1578 592 δὴ

258 602 369 647 κατὰ
409 602 534 646 πόλιν
566 601 727 658 μόνον,
773 604 912 648 αὐτοῦ
956 608 1069 648 δίκαι
1118 609 1188 648 καὶ
1232 604 1375 655 ςοίσεις
1409 605 1580 661 λεγόμε-

194 680 230 721 Ε
261 688 358 723 ναι,
393 668 540 722 λόγοις
572 672 721 723 ἔργοις
749 686 792 713 τε
827 677 1176 727 μεμηχανημέναι
1210 672 1353 720 πιέσας
1383 672 1582 727 μηχανὰς

259 743 322 795 εἰς.
361 735 409 780 τὸ
459 744 712 790 κακουργεῖν
747 752 791 779 τε
826 737 1040 790 ἀλλήλους
1076 741 1147 781 καὶ
1193 737 1380 789 ἀδικεῖν,
1424 738 1581 790 εὐηθέ-

259 816 375 859 ςεροι
410 805 453 845 δὲ
491 804 564 845 καὶ
597 800 894 859 ἀνδρειότεροι
929 809 1000 847 καὶ
1033 802 1127 859 ἅμα
1160 808 1477 861 σωφρονέςεροι
1509 807 1582 847 καὶ

259 869 489 923 ξύμπαντα
522 866 805 923 δικαιότεροι;
837 870 885 913 το
923 873 967 913 δὲ
1003 869 1172 914 τούτων
1205 870 1349 913 αἴτιον
1384 867 1466 922 ἤδη
1501 874 1582 914 διε-

258 934 532 990 ληλύθαμεν.

363 1003 460 1044 ΚΛ.
519 999 697 1055 Ὀρθῶς
730 1003 873 1055 λέγεις.

361 1068 457 1111 ΑΘ.
524 1069 743 1122 Λελέχθω,
778 1067 843 1128 δὴ.
876 1063 1016 1110 ταῦτα
1061 1066 1165 1121 ἡμῖν
1206 1071 1277 1109 καὶ
1312 1067 1366 1108 τά
1411 1065 1582 1117 τούτοις

261 1133 527 1188 ξυνεπόμενα
561 1134 623 1175 ἔτι
658 1132 1026 1190 πάνταζεὶρήσθω
1049 1134 1158 1175 τοῦδ
1215 1137 1349 1183 ἕνεκα,
1386 1137 1458 1175 ἵνα
1482 1133 1581 1184 νοή-

295 1267 300 1273 ”
358 1264 441 1305 Cnp.
469 1264 524 1296 ΙΙΙ.
576 1265 615 1296 D.
662 1263 832 1296 Ου’κοῦν
856 1262 1055 1304 εἴπωμεν]
1081 1263 1217 1302 εἴπομεν
1241 1262 1319 1294 Vnt.
1341 1271 1380 1301 r.‚
1405 1266 1441 1292 ut
1467 1262 1584 1293 Antius

263 1309 349 1340 coni.
387 1309 577 1341 Ficinus:
620 1310 812 1342 Diximus
848 1318 988 1350 porro.
1050 1307 1139 1339 Dein
1169 1307 1316 1339 Bekker.
1350 1305 1583 1349 ἅτεχνώτεροι,

264 1354 355 1394 quod
382 1359 497 1387 narrat
520 1355 551 1386 in
581 1355 655 1387 Par.
682 1356 727 1387 A.
753 1365 771 1386 s
797 1363 845 1395 pr.
870 1363 913 1385 m.
940 1353 985 1385 ita
1012 1353 1172 1393 scriptum
1200 1362 1290 1392 esse,
1313 1355 1448 1384 tacente
1471 1355 1584 1384 tamen

268 1399 397 1432 Bastio.
432 1410 464 1432 v·
486 1399 683 1433 Schneider.
709 1399 751 1433 ad
775 1399 900 1441 Remp.
926 1399 974 1431 11.
1000 1408 1033 1440 p.
1057 1397 1112 1431 33.
1137 1397 1334 1430 Buttmann.
1360 1396 1513 1429 Gramm.
1542 1395 1582 1429 11.

311 1509 478 1552 Cap.1!i.
528 1511 568 1544 P.
598 1512 676 1547 679.
724 1513 766 1546 D.
816 1508 894 1542 Ου’-

265 1557 367 1587 κοῦν
401 1557 601 1597 εῑπωμεν,
633 1557 703 1589 ὅτι
739 1555 894 1599 γενεαὶ

262 1599 314 1642 δ.]
348 1601 463 1633 Etiam
495 1601 548 1634 hic
584 1604 680 1634 locus
713 1609 891 1644 perperam

263 1645 307 1676 ab
335 1645 579 1687 interpretibus
610 1647 820 1689 explicatus,
858 1649 894 1676 et

243 1692 284 1721 'a
321 1691 449 1722 criticis
497 1693 586 1723 maie
633 1696 783 1725 mutatus
826 1694 890 1721 est·

265 1734 451 1768 Enimvero
481 1746 601 1769 omnes
630 1737 676 1769 illi
707 1747 772 1769 non
797 1734 892 1768 vide-

266 1785 364 1819 runt,
402 1785 482 1822 post
515 1780 572 1813 ὅτι
595 1782 756 1823 deinceps
782 1781 895 1814 inferri

267 1826 446 1868 μέλλουσιν
481 1825 587 1867 εἶναι,
626 1827 716 1867 quod
756 1824 896 1868 perinde

267 1870 512 1911 reddiderunt,
544 1881 585 1903 sc
619 1872 646 1904 si
677 1872 895 1913 praeteritum

267 1919 401 1958 tempus
425 1917 536 1948 locum
550 1915 699 1951 baberet.
730 1920 774 1949 At
790 1917 895 1950 enim-

268 1971 351 1995 vero
390 1963 559 1993 sententia
598 1963 778 1995 verborum
817 1961 898 1994 haec

266 2010 341 2041 est:
377 2006 526 2039 Nonne
558 2007 700 2048 igitur
733 2011 895 2040 statua-

267 2062 380 2092 mus,
428 2052 462 2083 si
501 2053 728 2086 muitarum
774 2056 894 2085 aeta-

267 2102 352 2130 tum
389 2096 577 2129 homines
622 2099 759 2132 vitam
806 2098 894 2130 isto

270 2141 394 2176 modo
427 2144 746 2184 transegerint,
785 2143 895 2175 sutu-

269 2198 355 2220 rum
395 2198 509 2227 esse,
545 2191 588 2219 ut
617 2187 691 2229 iis,
729 2189 794 2229 qui
827 2187 893 2219 vei

270 2238 370 2265 ante
434 2232 640 2265 diluvium
696 2234 895 2267 vixerunt

273 2279 339 2310 vel
372 2287 476 2309 nunc
513 2278 674 2319 vivunt,
715 2278 894 2311 inertio—

272 2333 339 2355 res
364 2323 469 2362 sint,
495 2327 624 2363 atque
647 2324 893 2366 imperitio-

274 2374 341 2401 res
381 2377 466 2399 cum
506 2367 543 2399 in
592 2370 750 2401 ceteris
797 2368 895 2400 arti-

274 2415 370 2452 bns,
395 2417 474 2444 tum
502 2413 542 2444 in
566 2413 768 2454 bellicis,
791 2423 895 2455 quae

276 2460 342 2491 vel
384 2461 505 2488 terra
544 2460 739 2501 marique
769 2459 897 2492 hodie

276 2506 554 2541 exercentur,
589 2505 654 2535 vel
686 2505 725 2537 in
754 2505 896 2543 singu-

277 2549 326 2580 iis
350 2550 513 2579 tantum
540 2548 809 2589 civitatibus,
826 2549 897 2580 ubi

280 2594 382 2626 i-i‘tes
420 2597 459 2623 et
501 2594 740 2626 seditiones
779 2604 898 2626 voca·

280 2645 348 2670 tae
391 2637 534 2670 verbis
570 2637 784 2680 factisque
820 2649 897 2671 om-

932 1519 1031 1542 -nes
1056 1508 1273 1541 machinas
1305 1507 1505 1540 adhibent
1534 1505 1584 1538 ad

959 1555 1179 1587 maleficia
1210 1558 1253 1586 et
1287 1553 1466 1585 iniurias
1502 1561 1583 1584 mu-

960 1603 1060 1631 tuas
1097 1597 1370 1630 inferendas?
1420 1597 1583 1628 Futurum

959 1654 1038 1676 mox
1071 1643 1191 1675 eodem
1226 1642 1328 1676 modo
1367 1642 1518 1683 positum
1551 1651 1581 1682 p.

958 1689 1037 1723 680.
1069 1689 1111 1721 Ε.
1143 1688 1264 1730 ἀγέλην
1295 1686 1505 1726 ποιήσουσιν.
1550 1690 1585 1718 et

959 1734 1036 1766 hinc
1084 1735 1196 1775 paullo
1244 1737 1323 1774 post
1362 1731 1584 1773 κληθήσεται,

960 1777 1163 1819 οἰκήσουσιν,
1189 1779 1233 1810 si.
1284 1777 1492 1836 Atffiuehaec
1509 1787 1585 1808 ver—

962 1825 1082 1856 borum
1104 1824 1340 1865 interpretatio
1365 1822 1391 1854 si
1417 1831 1494 1853 vera
1519 1826 1586 1860 est,

961 1869 1108 1910 ineptam
1132 1879 1211 1901 esse
1225 1869 1424 1910 scripturam
1453 1865 1587 1900 Οὐκοῦν

961 1915 1117 1955 εἴπομεν,
1159 1914 1262 1946 modo
1302 1912 1503 1950 indicativo,
1542 1911 1584 1943 ab

965 1960 1086 1992 Astio
1116 1958 1343 1992 desideratam
1376 1962 1411 1989 et
1433 1968 1451 1990 a
1477 1956 1584 1988 Fici—

963 2015 1013 2037 no
1049 2009 1082 2037 et
1123 2004 1339 2037 Cornario
1376 2011 1585 2044 expressam,

961 2050 1060 2083 facile
1089 2048 1295 2091 intelligitur.
1346 2048 1395 2080 Ad
1431 2045 1510 2079 ὅσαι
1543 2046 1582 2087 δὴ

960 2093 1043 2127 κατὰ
1070 2093 1170 2126 πόλιν
1188 2093 1298 2135 μόνον
1319 2090 1506 2126 iterandum
1534 2097 1587 2125 est

961 2150 1001 2172 ex
1028 2140 1235 2182 antegressis
1252 2139 1437 2181 γίγνονται.
1478 2137 1585 2170 Refe-

961 2189 1076 2217 runtur
1098 2194 1178 2217 vero
1193 2185 1284 2216 δίκαι
1306 2184 1364 2216 καὶ
1388 2183 1520 2222 στάσεις
1534 2186 1584 2218 in-

960 2234 1013 2262 ter
1036 2234 1127 2262 artes
1152 2231 1303 2270 bellicas,
1328 2231 1485 2271 quoniam
1510 2232 1586 2264 lites

962 2279 1041 2309 sunt
1064 2274 1196 2315 ιίγῶνες,
1221 2274 1336 2311 στοίσις
1358 2281 1488 2316 autem,
1511 2277 1585 2318 ipso

962 2321 1104 2353 Platone
1138 2321 1263 2362 iudice,
1293 2331 1354 2362 pro
1385 2321 1475 2354 bello
1499 2321 1585 2354 inte-

962 2366 1050 2398 stino
1075 2365 1226 2398 ducenda
1252 2370 1322 2409 est;
1347 2376 1378 2397 v.
1404 2367 1475 2399 libr.
1497 2367 1525 2398 Ι.
1552 2377 1584 2409 p.

962 2410 1038 2446 628.
1078 2410 1118 2442 B.
1156 2412 1235 2446 629.
1271 2411 1299 2443 D
1356 2409 1377 2443 δ’
1417 2411 1587 2454 καλοῦμεν

962 2454 1107 2491 ἅπαντες
1137 2455 1273 2494 στάσιν,
1312 2453 1350 2493 ὃς
1378 2456 1417 2498 δὴ
1453 2455 1586 2489 πάντων

964 2500 1111 2541 πολέμων
1140 2499 1387 2543 χαλεπώτατος.
1435 2502 1586 2542 Denique

965 2546 1180 2579 admonuisse
1204 2546 1347 2584 iuvabit,
1383 2550 1462 2588 post
1479 2548 1589 2587 γενεαί

966 2601 1025 2634 per
1038 2594 1170 2633 synesin
1185 2592 1343 2633 deinceps
1360 2592 1470 2624 inferri
1496 2602 1585 2623 mas-

967 2637 1111 2669 culinum
1155 2635 1368 2680 ἆιεχνόιεροι
1406 2636 1461 2668 καὶ
1496 2635 1585 2677 ἄμιι-
