1612 2872
154 972 223 1012 701

261 128 339 168 356
737 125 1103 169 PLATONIS

261 256 338 292 σης
369 258 438 284 και
477 239 524 284 τὸ
562 243 760 294 νόμιμον,
785 244 1066 295 βακχευοντες
1103 260 1171 284 καί
1208 245 1372 296 μᾶλλον
1412 246 1486 297 τοῦ
1524 246 1586 285 δέ·

261 323 389 357 οντος
423 307 698 360 κατεχόμενοι
736 305 813 364 ὑφ’
852 305 1032 359 ἡδονῆς,
1069 308 1348 361 κεραννύντες
1393 314 1434 351 ὀί,
1472 311 1584 362 θρή-

265 389 366 422 νους
403 388 445 413 τε
471 370 630 426 Δὕμνοις
663 375 735 414 καὶ
768 378 964 422 παίωνας
999 376 1310 428 διθυράμβοις,
1341 382 1410 417 καί
1446 374 1584 427 αὐλῳ-

263 441 357 487 δίας
393 437 444 489 δὴ
493 446 586 487 ταῖς
620 442 911 494 κιθαρῳδίαις
943 440 1203 494 μιμούμενοι
1237 443 1308 482 καὶ
1345 444 1492 483 πάντα
1530 446 1587 489 εἰς

261 504 406 545 πάντα
439 503 706 555 ξυνάγοντες,
730 507 935 558 μουσικῆς
966 507 1145 555 ἄκοντες
1164 505 1239 548 ὑπ’
1280 505 1435 556 ἀνοίας
1454 524 1586 548 κατα-

264 570 544 627 ψευδόμενοι,
582 568 638 619 ὡς
681 570 912 625 ὀρθότητα
960 575 1038 625 μὲν
1083 571 1164 615 οὐκ
1209 576 1295 627 ἔχοι
1333 571 1427 615 οὐδ’
1469 572 1586 622 ἡντι-

261 638 368 678 νοῦν
400 636 596 689 μουσική,
617 636 750 696 ἡδονῇ
787 638 831 679 δε
870 639 919 696 τῇ
946 640 1022 679 τοῦ
1039 641 1284 692 χαίροντος,
1307 638 1389 681 εἴτε
1408 640 1586 692 βελτίων

261 706 341 744 εἴτε
371 705 525 755 χείρων
561 701 618 743 ἂν
653 704 716 753 εἴη
754 719 838 752 τις,
875 708 1064 757 κρίνοιτο
1113 706 1362 760 ὀρθότατα.
1402 707 1584 746 τοιαῦτα

261 767 312 818 δὴ
350 770 578 817 ποιοῦντες
614 769 837 822 ποιήματα
872 769 1030 822 λόγους
1067 785 1111 811 τε
1146 773 1409 824 ἐπιλέγοντες
1444 770 1585 828 τοιού·

259 849 360 883 τους
396 842 487 883 τοῖς
523 837 700 883 πολλοῖς
731 838 940 877 ἐνέθεσαν
981 840 1255 889 παρανομίαν
1296 841 1353 884 εὶς
1378 835 1457 886 τὴν
1480 853 1583 890 μου-

259 898 382 952 σικὴν
415 902 486 941 καὶ
524 899 707 952 τόλμαν,
745 899 800 949 ὡς
842 905 1008 949 ἱκανοῖς
1045 895 1139 953 οὖσι
1177 907 1347 955 κρίνειν.
1382 901 1495 944 ὅθεν
1533 902 1583 951 δι’]

263 964 314 1007 τὰ
349 970 522 1020 θέατρα
557 967 598 1016 ἐξ
632 967 822 1023 ἀφώνων
867 967 1068 1022 ᾳιυνήενί
1113 973 1335 1020 ἐγένοντο,
1373 967 1430 1017 ὡς
1464 972 1582 1010 ἐπαΐ-

349 1109 394 1140 D.
443 1110 507 1140 καὶ
533 1110 720 1140 παιωνας
745 1107 773 1140 δ.
787 1109 798 1152 ]
826 1110 970 1140 παιᾶνας
998 1110 1077 1142 Vat.
1103 1120 1129 1140 r
1155 1115 1192 1140 ut
1216 1115 1338 1144 antea.¹

353 1154 392 1187 P.
418 1154 494 1188 701.

258 1277 344 1318 1·p
366 1276 447 1310 329.
473 1274 757 1320 ἀγνωμόνως·
782 1275 884 1319 ἀνοή-

259 1330 324 1353 τως
363 1319 384 1363 ἢ
426 1319 622 1364 ἀχαρίστως.
659 1322 822 1378 λέγονται,
851 1322 887 1354 δὲ

258 1365 347 1410 παρὰ
361 1365 546 1400 Πλάτωνι’
525 1366 720 1411 αγνιύμονες
745 1379 777 1400 οι
802 1365 884 1407 ἅμα

257 1411 358 1445 θεῖς.
392 1413 543 1446 Phaedr.
575 1425 608 1455 p.
641 1414 717 1448 275.
743 1415 794 1445 A:
820 1414 886 1445 τῶν

259 1459 398 1490 δικαίων
437 1455 643 1501 ἀγνώμονες.
693 1459 813 1500 Lysid.
850 1470 883 1500 p.

257 1503 334 1539 218.
361 1505 406 1536 A.
430 1504 486 1537 De
510 1505 595 1546 Rep.
625 1505 661 1536 V.
686 1515 718 1546 p.
736 1503 814 1539 450
840 1505 886 1559 D.

301 1550 343 1582 Ε.
378 1551 592 1592 μουσικῆς
615 1547 789 1582 ἄκοντες
813 1546 886 1581 ὑπ’

257 1593 411 1627 α’νοιάε
447 1596 512 1636 -—]
562 1596 676 1627 falso
715 1596 765 1627 de
803 1606 884 1626 mu-

257 1642 348 1673 sica
385 1641 597 1678 dicentes,
625 1641 759 1672 inviti
795 1641 883 1680 qui-

257 1687 347 1718 dem
391 1691 519 1727 atque
570 1686 883 1726 imprudentes,

255 1735 418 1764 rectam
486 1731 699 1763 rationem
755 1731 882 1772 plane

256 1777 418 1809 nullam
439 1777 480 1808 in
505 1786 548 1808 se
576 1775 740 1808 habere
763 1775 882 1807 musi-

257 1831 362 1862 cam,
388 1822 462 1854 sed
491 1821 586 1853 sola
609 1821 883 1853 audientium

257 1867 584 1906 oblectatione,
634 1864 728 1898 sive
783 1867 881 1907 quis

257 1914 407 1946 doctus
440 1917 480 1944 et
509 1911 708 1943 eruditus
745 1910 882 1943 fuerit

257 1959 345 1990 sive
379 1958 601 1994 indoctus,
635 1957 881 1989 rectissime

257 2004 455 2036 iudicari.
508 2003 551 2034 In
581 2002 635 2034 his
668 1998 733 2034 ὑπ’
763 1997 882 2034 ἀνοίας

254 2059 374 2082 rursus
404 2053 459 2081 est
494 2051 667 2080 nostrum:
699 2057 774 2080 uus
801 2046 880 2079 Un-

256 2095 481 2130 verstand,
517 2103 580 2126 nec
619 2103 705 2134 opus
742 2097 812 2132 est,
842 2098 880 2125 ut

255 2151 331 2173 cum
355 2141 483 2172 Astio
509 2136 571 2170 ὑπ’
595 2135 735 2180 ἀγνοίας
757 2139 879 2170 rescri-

254 2187 367 2218 batur.
398 2197 429 2217 v.
459 2193 537 2216 ann.
571 2185 613 2216 ad
644 2194 672 2216 c.
708 2183 739 2218 8.
774 2188 807 2215 et
835 2184 879 2216 ad

255 2229 360 2272 Gorg.
385 2241 417 2272 p.
442 2229 520 2264 464.
554 2229 596 2262 D.
633 2228 687 2260 De
713 2227 877 2268 καταψεύ-

253 2274 376 2308 δεσθαι
403 2287 436 2308 v.
471 2285 551 2307 ann.
575 2275 619 2307 ad
643 2274 820 2307 Phaedon.
844 2285 878 2316 p.

251 2321 309 2356 85.
321 2323 366 2353 A.
396 2321 611 2353 Vocabulum
626 2317 773 2362 μουσική
787 2320 880 2361 quod

253 2367 351 2398 brevi
384 2366 567 2399 intervallo
598 2366 784 2407 repetitur,
808 2374 878 2396 non

253 2413 327 2444 sine
356 2422 478 2443 caussa
507 2412 633 2443 idonea
665 2411 731 2443 hoc
754 2412 804 2442 ita
827 2410 877 2442 fa-

253 2463 355 2490 ctum.
403 2455 624 2498 Significatur
654 2457 743 2488 enim
774 2456 876 2487 musi-

252 2513 326 2536 cam
348 2512 410 2544 per
434 2512 471 2534 se
493 2506 679 2542 spectatam
704 2501 790 2533 nihil
815 2501 876 2532 ha-

251 2549 351 2588 bere,
378 2547 471 2580 unde
497 2547 539 2579 de
567 2551 662 2578 recto
700 2547 773 2579 eius
810 2555 877 2579 usu

251 2572 417 2626 iudic'ium
427 2593 648 2634 repetendum
663 2593 718 2632 sit,
730 2591 874 2647 perinde

253 2650 291 2671 ac·
323 2640 352 2672 si
381 2638 553 2692 scriptum
568 2638 718 2678 legatur.
744 2633 790 2669 ωε·
817 2633 873 2676 ὀρ-

252 2683 380 2726 θότητα
417 2682 474 2723 μὲν
511 2679 575 2715 οὐκ
612 2681 679 2722 ἔχοι
718 2701 754 2705 -
788 2678 872 2722 αὐτὴ

545 1152 807 1195 δημοκρατία
833 1166 874 1185 εν
898 1151 1026 1196 αυτῇ]
1052 1154 1170 1196 ἑαυτηῖ
1190 1163 1238 1186 τις
1260 1167 1291 1194 μ.
1318 1158 1361 1187 Α.
1389 1155 1427 1186 Β.
1449 1152 1485 1186 Ω.
1503 1155 1540 1189 Ξ.
1557 1156 1580 1186 s.

956 1274 1040 1309 καθ’
1065 1273 1182 1319 αι’τήν.
1231 1277 1412 1319 Optativus
1450 1279 1518 1318 ἔχοι
1549 1284 1582 1310 et

954 1324 1102 1364 κρίνοιτο
1131 1327 1210 1364 post
1234 1319 1298 1362 ω’ς,
1324 1324 1404 1355 licet
1428 1328 1581 1365 tempore

951 1369 1127 1410 praesenti
1164 1373 1386 1409 antegresso,
1424 1369 1581 1408 infertur,

952 1424 1019 1455 quo
1043 1414 1169 1445 fortius
1192 1424 1286 1446 mera
1309 1415 1452 1446 istorum
1470 1415 1579 1446 homi-

952 1470 1031 1490 num
1069 1460 1187 1500 opinio
1219 1460 1430 1500 designetur.
1478 1459 1581 1498 Quod

912 1511 923 1516 ‘
953 1505 1092 1545 quidem
1130 1505 1322 1546 exemplum
1351 1506 1452 1538 huius
1490 1510 1578 1537 stru-

951 1554 1070 1582 cturae
1094 1551 1308 1590 grammatici
1332 1552 1443 1582 nostri
1466 1555 1578 1583 trans-

952 1596 1122 1626 miserunt
1145 1596 1296 1634 silentio,
1322 1606 1426 1636 quum
1447 1597 1509 1628 illo
1533 1597 1579 1628 ad

949 1649 1022 1670 rem
1069 1649 1165 1671 suam
1211 1641 1486 1673 commodissime
1527 1642 1578 1672 uti

947 1689 1103 1725 possent.
1135 1684 1267 1716 Eadem
1293 1686 1383 1717 ratio
1406 1690 1458 1718 est
1479 1690 1576 1726 opta-

948 1730 1012 1761 tivi
1042 1729 1092 1771 εῗη
1122 1734 1202 1770 post
1235 1730 1300 1761 εἴτε
1332 1749 1377 1754 -
1410 1731 1490 1769 εἴτε,
1521 1733 1576 1764 cui

947 1780 1060 1807 tamen
1108 1775 1270 1806 miramur
1309 1776 1463 1808 additam
1502 1786 1578 1809 esse

947 1819 1153 1861 particulam
1198 1817 1256 1857 ἄν,
1300 1821 1577 1862 quandoquidem

948 1866 1012 1897 εἴτε
1058 1885 1061 1887 -
1104 1866 1169 1896 εἴτε
1186 1875 1256 1897 non
1280 1866 1349 1898 alia
1373 1867 1577 1899 condicione

948 1915 1049 1952 atque
1078 1909 1223 1951 simplex
1253 1909 1288 1942 εἰ
1312 1921 1388 1943 cum
1419 1913 1574 1953 optativo

948 1959 982 1988 et
1001 1953 1043 1987 ἄν
1055 1956 1226 1997 particula
1242 1958 1435 1989 consociari
1449 1962 1574 1998 potest.

949 2013 984 2033 v.
1011 2011 1091 2033 ann.
1116 2002 1162 2033 ad
1187 2001 1328 2043 Protag.
1358 2013 1391 2044 p.
1421 2002 1499 2037 329.
1530 2003 1573 2035 Β.

947 2047 1066 2088 ltaque
1093 2046 1279 2078 videndum
1307 2051 1374 2085 est,
1399 2058 1444 2080 an
1468 2049 1573 2088 parti-

946 2093 1023 2124 cula
1053 2092 1263 2124 eliminanda
1290 2093 1351 2132 sit,
1377 2093 1432 2124 vel
1455 2094 1572 2134 potius

945 2139 982 2169 in
1006 2132 1051 2168 αὖ
1074 2137 1324 2169 commutanda.

991 2178 1048 2214 ως
1071 2181 1238 2213 ικανοῖς
1262 2177 1360 2214 οὖσι
1385 2185 1461 2225 κρ.]
1483 2183 1570 2215 H.e.

945 2227 1088 2269 perinde
1109 2237 1151 2260 ac
1168 2227 1198 2259 si
1213 2227 1331 2260 idonei
1346 2230 1415 2260 sint
1427 2229 1570 2261 iudices.

946 2273 1037 2305 Dein
1069 2269 1108 2304 τὰ
1136 2270 1266 2313 θέατρα
1298 2278 1378 2305 sunt
1402 2278 1569 2317 specta-

945 2323 1078 2357 tores,
1103 2320 1400 2358 spectantium
1432 2319 1570 2351 multi-

944 2363 1062 2402 tudo,
1096 2368 1135 2394 ut
1156 2362 1254 2395 Libr.
1284 2363 1324 2396 ll.
1356 2375 1388 2406 p.
1418 2363 1494 2399 659.
1515 2366 1568 2396 A.

944 2407 1061 2450 Symp.
1094 2407 1170 2442 194.
1206 2409 1252 2440 A.
1282 2410 1341 2441 ubi
1367 2421 1397 2441 v.
1421 2420 1501 2441 ann.
1525 2428 1568 2432 —

943 2454 1028 2486 Mox
1057 2453 1136 2485 lusu
1170 2453 1283 2486 faceto
1318 2465 1392 2487 voc.
1423 2454 1567 2496 θεατρο·

943 2501 1058 2542 κρατία
1070 2499 1116 2531 ad
1128 2499 1388 2532 similitudinem
1408 2500 1568 2532 vocabuli

940 2543 1145 2587 δημοκρατία
1173 2543 1288 2576 fictum
1320 2550 1382 2578 est.
1429 2545 1500 2577 Pro
1524 2554 1565 2575 eo

940 2590 1126 2622 Photius
1167 2593 1201 2620 et
1238 2588 1394 2623 Suidas
1437 2590 1566 2622 habent

938 2632 1205 2677 θεατροκρασιά,·
1228 2635 1291 2667 sed
1320 2647 1352 2667 v.
1378 2634 1565 2668 Lobeck.

937 2682 980 2712 ad
1005 2681 1136 2721 Phryn.
1161 2687 1193 2721 p.
1220 2679 1300 2714 525.
