1612 2872
275 115 409 159 XCII
701 115 1175 160 PROLEGOMENA
1214 155 1219 163 a

275 229 367 271 fieri
397 228 514 270 nullo
546 227 672 269 modo
703 233 848 280 potest
886 228 988 281 quin
1019 229 1221 270 continuo
1251 228 1477 284 plurimum
1509 231 1594 274 dis-

275 285 462 326 criminis
504 284 617 324 inter
653 287 832 336 utraque
879 283 1144 325 intercedere
1195 283 1595 329 animadvertamus.

273 341 355 383 Est
396 341 507 381 enim
545 338 740 393 profecto
783 339 949 394 Legum
997 340 1148 381 civitas
1199 339 1377 382 multum
1428 341 1596 385 diversa

276 397 328 438 ab
355 410 428 447 ea,
462 409 570 448 quae
601 392 773 434 condita
803 402 869 436 est
897 394 941 436 in
970 395 1104 437 altero
1134 410 1263 451 opere
1284 395 1336 449 ³¹⁶).
1396 397 1522 448 Nam,
1547 406 1596 440 ut

273 466 410 507 pauca
438 450 491 491 de
521 449 688 502 multis,
736 465 844 504 quae
881 450 991 492 hanc
1021 451 1065 492 in
1102 466 1190 493 rem
1222 451 1364 492 afferri
1393 464 1591 508 possunt,

274 507 536 559 delibemus,
579 505 685 546 nihil
726 505 795 547 hic
825 506 1108 562 comperimus
1139 506 1191 549 de
1220 507 1486 563 philosophis
1516 511 1593 552 im-

273 562 547 618 perantibus,
591 575 721 617 penes
764 576 873 616 quos
911 563 969 604 sit
1008 577 1171 604 summa
1209 578 1347 604 rerum
1378 572 1592 619 potestas;

276 617 381 658 nihil
413 617 466 659 de
497 617 632 658 tribus
661 617 817 658 civium
856 618 1078 660 ordinibus
1116 618 1171 660 ad
1208 619 1334 660 trium
1371 621 1498 662 animi
1533 622 1594 662 fa·

273 674 481 715 cultatum
511 673 831 717 similitudinem
862 673 1111 730 descriptis;
1143 674 1248 715 nihil
1280 675 1332 715 de
1363 676 1591 719 virtutibus

273 744 349 784 per
378 730 519 771 varias
549 729 735 771 civitatis
765 735 908 784 partes
940 746 990 772 ea
1015 731 1182 772 ratione
1212 730 1399 784 diffusis,
1431 739 1479 773 ut
1507 749 1593 775 non

272 785 399 827 modo
434 784 725 840 respondeant
754 785 933 828 diversis
963 786 1093 827 animi
1131 786 1320 839 viribus,
1362 788 1438 828 sed
1467 789 1592 830 etiam

271 841 450 897 singulis
483 842 639 883 civium
670 841 890 883 ordinibus
920 857 998 896 pro
1029 857 1107 884 sua
1125 845 1279 896 cuique
1301 843 1466 884 ratione
1492 860 1592 886 con-

270 899 467 948 veniant3
506 897 611 938 nihil
651 912 778 952 porro
819 896 872 938 de
900 898 1197 940 communione
1230 898 1434 940 bonorum
1464 906 1593 955 atque

270 953 515 1003 mulierum3
558 952 664 994 nihil
704 952 757 994 de
785 954 1007 1007 utriusque
1036 969 1162 995 sexus
1193 954 1476 1008 aequalitate3
1519 956 1593 1000 de—‚

271 1010 400 1064 nique
438 1009 545 1049 nihil
595 1008 647 1049 de
707 1008 984 1051 nobilissimis
1043 1010 1127 1051 illis
1155 1010 1378 1064 placitis,
1437 1012 1591 1065 quibus

270 1065 594 1119 Rempublicam
631 1064 823 1106 Platonis
865 1071 1033 1107 constat
1078 1067 1192 1107 omni
1231 1071 1370 1107 aetate
1411 1068 1591 1110 maxime

271 1121 400 1162 i'uisse
431 1121 700 1162 celebratam.
771 1121 863 1162 Imo
901 1121 944 1161 in
984 1121 1177 1176 Legibus
1216 1136 1323 1175 quae
1353 1124 1594 1179 perscripta

262 1171 490 1233 leguntur,
533 1192 581 1218 ea
619 1177 761 1217 omnia
798 1177 885 1218 fere
924 1177 1084 1218 habent
1122 1178 1344 1218 maximam
1375 1192 1469 1219 cum
1499 1179 1593 1235 ipsa

270 1234 359 1274 vita
389 1233 711 1288 cognationem,
751 1239 799 1273 ut
828 1233 1135 1288 propemodum
1176 1248 1277 1275 vera
1315 1233 1459 1287 aliqua
1489 1236 1591 1276 civi—

267 1296 355 1342 tas,
399 1289 536 1343 qualis
574 1289 673 1330 olim
713 1289 823 1329 inter
862 1287 1053 1330 Graecos
1083 1303 1235 1344 reapse
1277 1289 1486 1344 extiterit,
1518 1290 1591 1332 de-

268 1345 399 1387 scribi
429 1344 636 1386 videatur.
707 1344 821 1386 Nam
851 1345 941 1385 sive
973 1345 1216 1401 quaerimus
1247 1344 1299 1386 de
1329 1345 1482 1388 incolis
1513 1346 1591 1388 hu·-

267 1402 333 1442 ius
364 1401 575 1453 civitatis,
616 1415 748 1455 quum
786 1399 846 1440 illi
877 1400 944 1441 vel
975 1401 1089 1442 cives
1120 1400 1206 1442 sint
1231 1401 1296 1443 vel
1326 1402 1461 1455 servi,
1501 1408 1591 1444 tum

268 1457 424 1498 civium
453 1457 643 1511 ipsorum
672 1471 818 1498 rursus
847 1463 912 1497 est
941 1471 992 1497 ea
1017 1456 1150 1510 ratio,
1181 1462 1231 1497 ut
1264 1456 1336 1497 alii
1364 1457 1588 1512 imperent,

268 1513 341 1554 alii
372 1519 576 1567 pareant,
624 1511 973 1567 quandoquidem
1011 1512 1180 1567 plurimi
1210 1514 1446 1555 communis
1475 1514 1589 1555 vitae

267 1569 453 1625 negotiis
484 1569 746 1623 funguntur,
780 1568 910 1610 ceteri
940 1568 1213 1623 magistratus
1241 1576 1407 1623 gerunt.
1458 1568 1587 1622 Quod

266 1640 445 1680 prorsus
484 1624 682 1666 convenit
721 1638 818 1665 cum
856 1624 1046 1665 moribus
1087 1629 1130 1664 et
1167 1624 1376 1666 institutis
1407 1626 1589 1667 usitata-

266 1696 358 1721 rum
389 1696 529 1721 rerum
559 1679 842 1735 publicarum.
911 1678 1011 1721 Sive
1051 1679 1319 1721 sciscitamur
1358 1680 1410 1722 de
1454 1682 1589 1723 forma

266 1736 430 1791 imperii
463 1742 592 1790 atque
623 1735 866 1791 regiminis,
901 1750 985 1788 qua
1014 1734 1120 1776 haec
1150 1735 1301 1781 civitas
1332 1737 1489 1790 utitur,
1518 1752 1586 1778 sa-

266 1792 430 1847 pienter
469 1792 541 1833 illa
578 1798 816 1845 temperata
853 1797 917 1832 est
957 1806 1009 1832 ex
1049 1791 1314 1846 optimatium
1352 1798 1394 1833 et
1433 1793 1586 1847 populi

265 1854 500 1902 potestate,
549 1849 611 1889 ita
645 1854 715 1900 ut,
765 1846 932 1889 sublato
978 1846 1051 1888 illo
1099 1847 1353 1901 sapientium
1392 1848 1584 1903 imperio,

266 1919 317 1945 ne
349 1904 534 1960 populus
566 1903 736 1958 quidem
768 1918 792 1944 a
821 1903 1080 1958 reipublicae
1105 1918 1202 1943 cura
1225 1909 1431 1945 arceatur.
1482 1904 1585 1946 Ete-

264 1960 350 2001 nim
381 1960 424 2001 in
454 1960 594 2001 locum
635 1959 879 2014 principum
918 1958 1272 2013 philosophorum
1302 1960 1446 2015 Leges
1484 1967 1585 2002 sunt

263 2016 546 2066 substitutae;
578 2015 726 2057 harum
756 2021 896 2058 autem
930 2014 1047 2055 velut
1076 2014 1259 2056 ministri
1290 2021 1418 2069 atque
1437 2015 1582 2057 vicarii

263 2072 464 2113 dicuntur
479 2087 574 2114 esse
591 2071 698 2112 varii
718 2071 1007 2126 magistratus,
1032 2070 1174 2125 legum
1194 2070 1410 2124 custodes,
1432 2086 1580 2113 censo-

263 2142 345 2181 res,
377 2127 554 2182 aediles,
585 2127 781 2182 publicae
812 2126 1063 2181 disciplinae
1093 2126 1311 2180 praefecti,
1343 2133 1578 2179 senatores,

261 2183 334 2224 alii
369 2198 549 2237 quorum
570 2183 756 2224 omnium
778 2188 969 2236 potestas
991 2196 1106 2222 more
1134 2181 1290 2222 usitato
1328 2183 1455 2224 certis
1487 2184 1579 2237 qui—

237 2239 341 2280 ·bus
379 2239 475 2280 dam
509 2239 714 2281 limitibus
747 2238 971 2279 terminata
1000 2243 1040 2278 et
1067 2237 1387 2293 circumscripta
1414 2245 1480 2280 est
1500 2240 1576 2293 **).

261 2294 385 2347 Quae
406 2296 499 2349 quis
522 2301 586 2337 est
605 2295 707 2349 quin
727 2294 828 2336 item
848 2293 990 2335 videat
1009 2291 1065 2334 ad
1083 2292 1217 2347 ipsius
1238 2294 1351 2335 vitae
1370 2294 1576 2336 humanae

304 2482 345 2525 ὓ)
392 2482 478 2514 Rem
502 2486 626 2514 tractat
650 2484 753 2514 etiam
778 2480 991 2518 Aristoteles
1010 2481 1115 2513 Polit'.
1133 2481 1179 2514 ΙΙ.
1207 2493 1234 2513 e.
1261 2484 1294 2516 6.
1318 2483 1366 2513 ita
1390 2486 1515 2520 tamen,
1540 2487 1576 2512 ut.

395 2538 470 2559 eam
503 2529 562 2558 vix
592 2529 713 2560 leviter
746 2527 986 2569 perstrinxerit
1015 2536 1125 2567 neque
1158 2528 1249 2558 omni
1283 2538 1324 2559 ex
1352 2532 1448 2568 parte
1472 2528 1572 2558 aesti—

395 2574 552 2606 mavei-it.

283 2641 336 2682 **)
364 2640 402 2672 Id
429 2641 545 2673 mirari
569 2641 648 2672 licet
675 2640 962 2672 Aristotelem
994 2639 1094 2671 Polit.
1124 2638 1168 2670 11.
1195 2638 1226 2671 6.
1254 2639 1325 2670 scre
1343 2639 1571 2680 praeteriisse.
1610 2639 1612 2690 j
