1612 2872
239 76 440 119 XLVIII
666 63 1143 119 PROLEGOMENA

238 188 331 229 Nec
369 201 471 228 vero
511 186 714 228 credibile
755 193 821 227 est
859 201 1114 240 quemquam
1155 187 1259 239 illud
1298 188 1495 244 neglecta
1524 194 1565 229 et

235 250 452 285 contemta
491 242 690 296 propriae
728 241 870 283 laudis
909 242 1103 284 mercede
1143 242 1260 285 haud
1298 244 1426 287 dubie
1447 243 1564 298 -inde

234 298 546 350 redundatura,
586 312 663 339 suo
702 297 838 352 ipsius
875 297 1051 339 nomine.
1096 312 1342 353 suppresso,
1370 299 1564 341 <Platoni

236 355 368 396 fuisse
416 353 755 407 adscripturum,
808 352 930 394 cuius
981 354 1150 395 consilii
1198 361 1373 398 caussas
1425 355 1564 397 nullas

234 410 360 466 plane
389 409 588 464 reperias.
647 408 708 450 Et
728 408 831 463 >quis
863 423 1023 463 quaeso
1053 409 1132 451 sibi
1165 410 1464 465 persuadebit,
1488 426 1564 460 ¹ce-

234 474 350 508 teros
378 463 613 519 discipulos
649 464 839 507 Platonis
868 479 1035 517 omnes,
1078 466 1350 519 quantumvis
1380 466 1564 508 Athenis

234 535 372 574 usque
408 526 695 562 morarentur.
737 527 866 575 atque
905 521 1098 575 magistri
1135 521 1278 563 studia
1311 530 1361 564 'et
1389 522 1566 566 consilia

234 577 441 618 haberent
464 576 651 632 cognita,
682 582 826 618 tamen
853 575 962 617 adeo
985 577 1256 630 coecutiisse‚
1288 584 1337 619 ut
1368 577 1472 632 quid
1502 578 1564 619 rei

235 638 350 674 esset
386 646 560 687 prorsus
591 647 676 673 non
716 632 1036 687 perspicerent?
1096 633 1327 678 Enimvero
1359 633 1564 689 Speusip-

234 703 316 744 pus
347 687 518 742 quidem
547 694 677 740 certe,
709 702 844 743 nepos
875 703 928 730 ex
957 702 1103 731 sorore
1130 689 1341 742 Platonis,
1373 704 1422 731 ac
1452 696 1564 732 teste.

235 743 518 800 Appuleio
560 744 627 785 De
655 743 757 799 phil.
799 744 940 799 dogm.
973 744 1139 786 Platon.
1170 745 1289 787 Libr.
1322 744 1357 788 I.
1387 760 1423 788 e.
1457 749 1491 789 1.
1522 761 1564 800 p.

238 801 329 843 183.
368 798 434 842 ed.
466 798 665 841 Oudend.
715 799 962 841 domesticis
1001 800 1235 842 instructus
1282 798 1564 854 documentis,

233 855 426 897 Platonis
466 855 511 895 in.
549 854 786 897 Academia
815 870 1062 909 successor,
1099 870 1195 897 cum
1225 857 1313 898 suis
1343 856 1564 912 discipulis

236 926 286 954 ac
314 911 594 965 familiaribus
626 927 712 954 non
743 912 866 953 facile
896 911 1065 953 videtur
1095 913 1182 953 falli
1212 913 1416 967 potuisse.
1476 912 1565 955 Sed

235 983 290 1009 ne
335 967 609 1008 Aristotelem
659 966 830 1021 quidem
883 973 1081 1023 putamus
1130 980 1208 1022 per
1245 968 1565 1012 diuturniorem

235 1023 473 1065 absentiam
502 1023 547 1064 in
577 1037 670 1064 eam
699 1022 890 1064 fraudem
921 1029 964 1064 et
992 1038 1176 1065 errorem
1205 1024 1425 1066 inductum
1455 1038 1564 1076 esse,

234 1085 284 1120 ut
311 1094 388 1135 pro
417 1078 614 1120 Platonis
644 1093 772 1134 opere
802 1078 994 1135 haberet,
1025 1079 1143 1133 quod
1162 1080 1215 1120 ab
1236 1080 1330 1122 ¹alio
1354 1080 1565 1134 scriptore

236 1141 353 1177 esset
379 1134 732 1177 consarcinatum.
766 1134 880 1176 Nam
898 1135 1081 1189 primum
1101 1135 1272 1190 quidem
1290 1137 1399 1191 ipse,
1418 1147 1564 1190 quam-

237 1191 312 1232 diu
347 1191 470 1232 Plato
500 1191 545 1232 in
588 1191 708 1232 vivis
737 1191 837 1244 fuit,
890 1205 966 1246 per
1002 1192 1193 1247 integros
1238 1192 1392 1248 viginti
1424 1206 1565 1234 annos

236 1246 338 1289 inde
369 1247 423 1288 ab
455 1246 628 1302 Olymp.
654 1248 744 1288 103.
776 1248 812 1287 ⁶2.
845 1248 920 1284 =-.·'-
953 1249 1048 1289 367.
1079 1263 1116 1288 a.
1149 1246 1250 1288 Chr.
1280 1263 1322 1288 n.
1351 1285 1354 1289 .
1379 1247 1565 1288 Athenis

236 1303 367 1345 vitam
399 1302 544 1359 degit,
583 1313 627 1343 et
663 1308 830 1344 mortuo
869 1302 1038 1344 demum
1075 1302 1148 1344 illo
1178 1310 1264 1344 una
1291 1318 1388 1344 cum
1415 1303 1564 1345 Xeno-

240 1365 357 1402 crate
394 1359 510 1401 illinc
550 1357 762 1400 discessit.
804 1375 845 1400 v.
876 1357 1076 1402 Strabo
1106 1358 1238 1400 XIII.
1269 1375 1310 1414 p.
1343 1360 1438 1400 610.
1469 1359 1565 1401 coll.

239 1432 277 1457 v.
310 1414 444 1458 Stah
460 1430 493 1457 r.
521 1414 775 1456 Aristotelia
795 1415 830 1455 Ι.
860 1430 902 1470 p.
933 1416 1001 1457 43.
1030 1415 1172 1455 Bran
1184 1413 1279 1455 dis.
1310 1415 1565 1461 Aristoteles

237 1487 278 1513 u.
317 1471 436 1513 seine
475 1470 784 1526 Zeitgenossen
813 1470 911 1514 Vol.
947 1471 982 1512 I.
1013 1486 1054 1526 p.
1098 1473 1163 1512 50.
1241 1469 1360 1522 Quid
1404 1469 1566 1526 igitur?

237 1542 378 1569 nonne
421 1542 518 1571 eum
556 1526 778 1582 probabile
818 1532 907 1579 est,
960 1526 1153 1581 magistri
1193 1526 1357 1579 studia,
1402 1526 1566 1581 etiamsi

237 1589 451 1639 postremo
491 1583 629 1624 factus
669 1588 783 1625 esset
820 1583 873 1623 ab
902 1582 975 1624 illo
1006 1576 1206 1636 alienior,
1245 1589 1387 1629 tamen
1416 1581 1566 1624 sedulo

237 1638 473 1681 attendisse
510 1644 553 1680 et
582 1637 685 1693 quid
713 1638 785 1680 ille
813 1647 944 1680 senex
973 1644 1142 1693 ageret,
1174 1653 1196 1679 e
1223 1636 1461 1694 longinquo
1491 1637 1566 1680 ob—

236 1693 460 1737 servasse?
527 1694 740 1736 Nimirum
777 1694 895 1735 istud
924 1694 1096 1748 quidem
1123 1700 1182 1735 ·Πῒ,
1208 1694 1269 1735 ita
1297 1692 1566 1739 essecreda-

238 1766 358 1804 mus,
397 1750 467 1791 vel
493 1749 600 1792 illud
629 1765 798 1792 movere
827 1756 871 1791 et
899 1749 1115 1805 impellere
1145 1765 1225 1791 nos
1255 1749 1408 1802 debet,
1449 1748 1565 1806 quod

235 1807 280 1848 in
308 1805 504 1848 Politicis
537 1807 679 1862 L'eges
711 1805 867 1848 diserte
898 1812 1000 1860 post
1026 1805 1228 1860 Politiam
1257 1806 1440 1860 scripta-s
1470 1819 1564 1846 esse

236 1862 463 1904 memoriae
497 1861 688 1917 prodidit
729 1868 772 1903 et
812 1876 864 1903 ex
902 1861 984 1903 hoc
1021 1862 1117 1916 ipso
1147 1867 1395 1916 temporum⁴
1416 1860 1565 1902 ordine

237 1919 304 1961 sui
334 1918 387 1960 de
415 1918 500 1959 illis
540 1917 690 1960 iudicii
729 1931 903 1960 caussas
952 1923 994 1959 et
1021 1917 1209 1959 rationes
1237 1917 1418 1972 repetiit.
1477 1915 1567 1966 Sed

236 1981 456 2030 praeterea
484 1975 611 2016 etiam
640 1974 724 2016 alia
753 1988 906 2016 caussa
932 1979 1015 2026 est,
1047 1972 1566 2027 quamobremAristote-

236 2031 320 2072 lem
358 2030 411 2072 de
454 2030 625 2086 Legum
663 2036 837 2072 auctore
875 2044 961 2071 non
998 2029 1060 2070 ita
1097 2029 1219 2070 facile
1256 2028 1347 2069 falli
1374 2027 1566 2082 potuisse

237 2087 389 2127 merito
432 2092 619 2128 statuere
658 2086 796 2128 liceat.
847 2085 968 2127 ‘Nam
999 2083 1163 2141 effluxit
1184 2083 1366 2137 quidem
1395 2089 1564 2147 tempus

238 2141 504 2195 diuturnius,
545 2142 794 2196 priusquam
835 2140 1060 2197 Stagirites
1092 2139 1296 2182 ex'terris
1360 2139 1566 2195 eregrmis

237 2197 434 2239 Athenas
465 2197 696 2251 aliquando
727 2203 1038 2248 reverteretur,
1069 2195 1318 2250 quandoqui
1350 2209 1417 2244 ,em
1446 2201 1565 2250 post-

240 2267 369 2307 quam
401 2252 576 2310 Olymp.
615 2255 710 2296 108.
755 2257 790 2296 l.
830 2252 885 2295 ad
922 2251 1140 2293 Hermiam
1165 2253 1480 2303 Atarn'ensem,
1521 2250 1566 2306 in

238 2309 436 2351 Platonis
475 2310 754 2351 contubernio
795 2309 878 2351 sibi
924 2307 1168 2363 cognitum,
1215 2322 1260 2359 se
1302 2307 1564 2358 contulerat,

238 2364 423 2407 triennio
452 2370 568 2419 post,
599 2365 672 2407 illo
703 2380 779 2420 per
800 2365 1044 2407 Mentorem
1073 2362 1304 2416 Rhodium,
1339 2364 1566 2404 Persarum

239 2420 416 2475 ducem,
459 2419 632 2476 Olymp.
678 2423 770 2470 108.
801 2423 840 2464 4.
876 2437 942 2457 τ-
978 2419 1072 2460 345.
1104 2434 1142 2460 a.
1185 2418 1287 2460 Chr.
1325 2419 1564 2469 interemto,

238 2491 325 2518 una
359 2491 458 2519 cum
500 2476 714 2532 Pythiade
752 2477 886 2518 uxore
924 2491 1024 2528 sua,
1065 2474 1285 2524 Hermiae·
1322 2489 1374 2515 ex
1421 2487 1565 2515 sorore

238 2537 392 2587 nepte,
436 2532 692 2588 Mitylenam
721 2532 939 2588 confugit,
969 2530 1071 2574 inde
1098 2535 1239 2575 autem
1265 2530 1462 2572 >bienniov
1498 2534 1567 2570 ost

240 2587 414 2645 Olymp.
459 2589 550 2630 109.
593 2591 619 2630 2
649 2605 709 2626 ε
743 2589 836 2631 342.
879 2603 914 2630 a.
945 2586 1045 2630 Chr.
1085 2585 1139 2629 ad
1171 2580 1439 2642 Philippum,
1468 2545 1566 2645 {ffa-
