1612 2872
226 116 312 156 ‚358

333 229 441 289 Cap.
466 229 508 272 X
520 228 553 270 V
562 227 597 272 I.

713 99 1083 159 PnA'r'ole

653 232 751 272 Ab).
804 230 979 290 ’ῤ’φεξῆς
999 230 1050 282 δὴ
1083 232 1219 291 ταύτῃ
1252 234 1301 292 τῇ
1335 231 1562 290 ἐλευθερίᾳ
1608 227 1612 274 ἕ

239 292 266 346 ἡ
301 297 377 338 τοῦ
410 295 470 350 μὴ
505 297 672 339 ἐθέλειν
709 303 800 345 τοῖς
827 295 1009 351 ἄρχουσι
1039 300 1255 340 δουλεύειν
1275 295 1455 352 γίγνοιτ’
1492 299 1562 347 ἅν,

239 364 311 403 καὶ
354 365 538 415 ἑπομένη
581 360 719 420 ταύτῃ
756 363 938 419 (μετάγειν
979 364 1155 418 ,πατρὸς
1189 366 1259 406 καὶ
1293 366 1457 419 μητρὸς
1491 383 1559 406 και
1608 376 1612 411 ξ

236 428 532 480 πρεσβυτέρων
566 429 763 469 δουλείαν
788 430 880 470 -uai‘
907 433 1185 481 νουθέτησιν,
1221 434 1289 471 καὶ
1325 430 1449 483 ἐγγυς
1471 433 1561 472 τοῦ
1609 425 1612 451 3

325 567 410 610 Cap.
437 543 541 599 XVi.
584 568 624 599 B.

674 569 735 600 n’at'
767 568 1053 612 νουθέτησιν]
1087 572 1132 602 A.
1169 570 1205 603 Ω.
1237 572 1273 606 Ξ.
1304 582 1334 604 a.
1367 582 1396 603 ο.
1419 563 1454 603 'x.
1481 583 1512 603 v.
1537 572 1562 603 f.

235 614 268 645 h.
289 624 316 645 r.
342 613 579 654 νομοθέτησιτ·,
603 616 694 655 quod
712 615 890 655 Bekkerus
914 614 1043 657 reee'pit
1067 617 1335 658 suffragantibus
1359 617 1458 649 'ru-rr.
1475 617 1563 648 Her-

239 669 365 691 manno
377 684 386 700 ,
402 658 642 691 Schneidero.

237 782 425 814 contulisse
454 782 586 813 iuvabit
619 792 706 823 quae
729 786 869 825 egregie

237 829 402 869 exposuit
430 827 623 868 Thucyd.
655 828 722 859 111.
759 840 787 861 e.
812 831 866 863 82.

284 872 367 913 Cap
395 872 495 903 XVI.
531 872 572 903 B.
620 868 796 915 Έφεξῆε
822 873 869 916 δὴ

239 916 366 958 ταύτῃ
419 917 464 955 τῇ
518 916 752 961 ἐλευθερίᾳ
799 920 868 962 —]

238 964 468 1004 Comparasse
517 973 586 995 non
636 965 701 995 erit
748 966 871 996 inutile

239 1019 326 1051 quae
351 1010 394 1040 de
418 1009 539 1040 eodem
571 1015 774 1049 argumento
800 1012 869 1042 dis-

237 1059 403 1096 putantur
434 1054 488 1085 De
518 1054 602 1095 Rep.
639 1056 693 1086 lV.
728 1066 759 1096 p.
790 1055 869 1090 424.

239 1101 286 1132 D.
299 1101 358 1132 ubi
384 1102 464 1131 item
490 1100 686 1140 exponitur,
703 1111 870 1141 quaenam

241 1146 430 1178 seelera-et
452 1144 586 1185 flagitia
617 1155 659 1176 ex
689 1149 871 1179 temeraria

239 1193 391 1223 musicae
421 1192 610 1222 mutatione
648 1192 870 1232 proficiscan-

239 1243 306 1268 tur.
353 1237 450 1267 Inter
478 1237 548 1268 alia
582 1246 663 1267 vero
696 1237 762 1268 huc
791 1248 870 1278 per-

240 1283 352 1314 tinent
384 1282 465 1313 ista:
500 1277 520 1321 η’
561 1282 647 1322 γοῦν
680 1285 872 1323 παραιμοιιια

241 1325 325 1369 αὕτη
354 1345 392 1350 -
420 1322 525 1368 η’ρὲμα
548 1323 695 1369 ὖποόῥεῑ
718 1326 805 1369 πρὸς·
834 1329 872 1360 τὰ

243 1371 314 1415 ἢθη
347 1383 380 1403 τε
409 1372 463 1402 καὶ
489 1370 528 1403 τὰ
552 1371 811 1414 ἐπιτηδεύματα,
837 1373 873 1406 ἐκ

242 1417 279 1450 δὲ
303 1416 433 1449 τούτων
456 1417 505 1449 scs·
535 1416 572 1450 τὰ
599 1417 687 1459 πρὸς
710 1416 874 1460 ἀλλήλους

243 1461 431 1505 ξυμβόλαια
455 1464 575 1503 μείζων
599 1462 757 1505 ἐκβαίνει,
778 1464 813 1496 ἐκ
839 1463 875 1496 δὲ

242 1507 286 1551 δὴ
317 1510 382 1541 τῶν
412 1509 630 1549 ξυμβολαίων
660 1510 784 1551 ἔρχεται
822 1509 874 1542 ἐπὶ

242 1554 325 1586 τοὺς
354 1552 486 1593 νόμους
517 1555 570 1586 καὶ
607 1556 772 1587 πολιτείας
811 1555 875 1587 σὺν

243 1601 347 1641 πολλῇ
381 1597 552 1643 ἀσελγείᾳ,
582 1600 646 1632 ἕως
683 1599 726 1632 ἂν
766 1603 873 1633 τελευ-

244 1647 334 1678 τῶσα
376 1643 483 1676 πάντα
522 1645 589 1688 ἰδίᾳ
632 1647 685 1676 καὶ
729 1644 875 1689 δημοσίᾳ

243 1689 423 1732 ἀνατρέψῃ.
473 1690 526 1722 De
564 1692 671 1722 nimio
703 1691 874 1723 libertatis

244 1737 378 1775 studio,
404 1736 497 1777 qnod
523 1736 670 1768 Athenis
695 1739 875 1777 exarserit,

244 1794 277 1814 v.
303 1783 406 1813 etiam
436 1781 533 1822 Reip.
561 1782 646 1813 Vni.
663 1781 703 1822 p.
729 1782 806 1816 557.
833 1783 874 1813 Β.

245 1829 287 1867 E.
322 1838 355 1868 p.
387 1826 465 1860 562.
499 1827 543 1857 D.
570 1837 643 1867 sqq.
671 1828 727 1858 ubi
757 1828 875 1859 eadem

246 1875 332 1905 vitia
353 1873 600 1912 corripiuntur,
620 1877 653 1903 et
667 1873 789 1904 acerbe
814 1883 875 1905 no-

245 1924 373 1951 tantur.

291 1964 374 1998 καὶ,
410 1960 537 2004 ἐγγύς
595 1964 671 1994 τοῦ
725 1963 878 1994 τέλους

248 2004 362 2047 οὖσαι
411 2010 483 2049 qui
530 2018 664 2049 prope
698 2010 789 2041 siam
827 2009 876 2040 ad

246 2056 380 2087 finem
437 2060 738 2094 accesserunt,
793 2064 877 2086 eos

247 2102 364 2133 velle
385 2104 514 2147 atque
535 2109 687 2147 cuper-e
705 2101 876 2141 legibus

246 2156 328 2178 non
354 2140 546 2187 obedire3
571 2146 643 2177 ubi
669 2151 807 2177 autem
827 2148 888 2176 ad

246 2193 387 2233 ipsum
412 2169 876 2234 finenrpervenerunm

247 2247 331 2268 non
356 2237 543 2276 amplius·
578 2247 729 2274 curare
763 2237 877 2267 iura-

248 2282 436 2313 iuranda
461 2286 503 2313 et
527 2281 709 2314 foedera
742 2282 877 2313 omni-

250 2337 391 2367 noque
417 2327 536 2358 deos:
563 2327 617 2358 De
643 2326 759 2368 ζητεῖν,
784 2327 877 2368 quod

248 2376 312 2404 est.
349 2382 521 2413 cupere,
552 2373 680 2411 veile,
713 2374 754 2404 v.‘
771 2373 876 2413 Apol.

248 2417 346 2450 Soer.
375 2427 407 2457 p.
440 2417 494 2459 37.
513 2417 564 2449 Ὀ.
605 2418 734 2449 i’hileb.
761 2428 794 2459 p.
819 2416 875 2451 46.

250 2464 294 2495 A.
329 2462 513 2502 Protagor.
546 2474 579 2503 p.
613 2462 691 2497 322.
716 2463 756 2494 Β.
784 2463 877 2493 Men.

247 2518 281 2549 p.
317 2507 372 2540 9').
411 2508 450 2537 Ε.
484 2508 538 2539 De
563 2508 647 2549 Rep.
675 2508 714 2539 uz
741 2504 776 2548 p]
799 2507 876 2541 375.

250 2553 290 2584 E.
322 2552 383 2583 vr.
408 2563 439 2593 p.
465 2550 543 2586 4825.
568 2553 612 2583 D.
646 2554 710 2585 1x.
739 2563 773 2593 p.
797 2553 876 2587 571.
911 2564 916 2569 ·

252 2598 292 2630 C.
323 2598 368 2629 al.
421 2596 720 2630 Constructionem
756 2598 878 2630 v'erbo-

253 2654 326 2675 rnm
358 2639 515 2683 ὑπήκοον
550 2639 635 2674 εἶναι
668 2643 730 2673 τῶν
764 2641 879 2682 νόμων

252 2689 438 2720 illustravit
451 2689 662 2721 Matthiae
682 2688 740 2719 Gr.
756 2689 876 2730 §5362

697 660 934 693 Nihilominus
971 661 1193 703 νουθέτησιν,
1220 668 1339 705 utpote
1374 661 1564 694 sententiae

936 795 1016 817 ann.
1055 786 1077 816 l.
1111 783 1252 827 Ὄρκοι
1296 786 1363 816 καὶ
1402 786 1564 816 πίστεις

936 831 1029 872 quod
1060 833 1334 872 coniunguntur,
1359 832 1492 862 monuit
1521 831 1564 861 de

935 877 998 907 hae
1009 877 1174 917 loquendi
1193 876 1564 909 consuetudineWin-

936 922 1171 954 ekelman
1189 932 1279 954 nus
1314 922 1359 953 ad
1391 919 1564 953 Plutarch.

930 967 1093 999 Amator.
1118 977 1150 1007 p.
1176 967 1252 1000 193-

982 1011 1021 1042 C.
1072 1010 1142 1053 τὴν
1166 1011 1399 1054 λεγομένην
1424 1010 1564 1041 παλαι-

937 1055 986 1087 ὰν
1039 1056 1294 1099 Τιτανικὴν]
1343 1052 1582 1096 Comparavif

939 1103 1093 1135 Aetius
1132 1104 1244 1135 locum
1277 1102 1480 1134 Ciceron.
1518 1101 1566 1131 De

938 1148 1047 1188 Legg.
1071 1149 1193 1189 11.2.§
1219 1150 1254 1182 5:
1284 1147 1438 1179 Noster
1462 1156 1565 1177 vero

939 1193 1064 1225 Plato
1113 1193 1316 1225 Titanum
1353 1203 1371 1224 e
1407 1200 1566 1233 genere

938 1240 1099 1270 statuit
1147 1249 1235 1279 eos,
1283 1239 1373 1279 qui,
1417 1243 1460 1269 ut
1500 1237 1568 1267 illi

939 1285 1237 1324 coelestibus,
1267 1286 1326 1316 sic
1352 1284 1394 1314 hi
1418 1283 1568 1315 adver-

939 1334 1090 1361 sentur
1133 1329 1484 1370 magistratibus.
1524 1327 1569 1359 ad

939 1380 1039 1416 q'uem
1064 1376 1176 1406 locum
1202 1376 1271 1406 vid.
1302 1376 1411 1415 intpp.
1441 1372 1568 1414 Pytha-

940 1422 1096 1461 goricum
1143 1420 1304 1452 effatnm'
1336 1420 1442 1451 refert
1487 1418 1568 1449 Dio

941 1465 1038 1497 Chr.
1065 1465 1160 1497 Orat.
1177 1465 1295 1497 XXX.
1319 1476 1353 1506 p.
1377 1464 1461 1498 550:
1487 1463 1569 1503 λέξω

942 1509 978 1542 δὲ
1001 1507 1078 1550 υμῖν
1104 1509 1183 1542 οὔτε
1211 1508 1300 1542 πάνυ
1325 1508 1468 1549 τερπνὸν
1489 1506 1570 1540 ὅντα

942 1555 1021 1587 οὔτε
1043 1558 1196 1596 χαριέντα
1210 1554 1325 1597 λόγοι,
1343 1553 1393 1586 ὅτι
1419 1556 1480 1586 τοῦ
1506 1554 1571 1584 τῶν

947 1600 1098 1633 Τιτάνων
1143 1601 1282 1640 αῗματοε·
1333 1599 1431 1639 ἐσμὲν
1479 1596 1572 1651 ἡμεῖς

940 1643 1085 1677 ἅπαντες
1115 1645 1152 1677 οἱ
1186 1644 1385 1699 ἅνθρωποι·
1425 1642 1471 1675 τός
1506 1638 1570 1675 οὖν

941 1690 1077 1722 ἐκείνων
1101 1689 1235 1731 ἐχθρῶν
1260 1689 1368 1722 ὄντων
1389 1694 1458 1722 τοῖς
1474 1689 1571 1720 &sols

942 1738 996 1767 καὶ
1045 1735 1319 1791 πολεμησάιτων,
1352 1733 1433 1766 οὐδὲ
1479 1730 1571 1775 ημεῖε·

943 1783 1035 1822 φιλοι
1060 1781 1168 1820 ἐσμὲν,
1195 1777 1273 1812 ἀλλὰ
1299 1778 1509 1822 κολαζόμεθά
1537 1790 1570 1810 τε

942 1823 1004 1859 ὑπ’
1040 1823 1151 1858 αυτών
1191 1827 1244 1858 καὶ
1281 1825 1334 1858 ἐπὶ
1367 1827 1507 1867 τιμωρίᾳ
1537 1823 1573 1855 ἐν

943 1873 1082 1915 φρουρᾷ
1106 1870 1300 1913 γεγόναμεν.
1330 1872 1501 1903 Nimirum
1518 1880 1573 1901 or-

941 1923 1013 1949 tum
1044 1919 1190 1961 humani
1217 1919 1352 1958 generis
1382 1927 1484 1958 quum
1516 1926 1572 1947 ve-

941 1968 1032 1999 teres
1065 1973 1085 1994 a
1110 1964 1294 1995 Titanibus
1323 1964 1377 1993 vel
1412 1962 1572 2002 Giganti-

943 2010 1005 2040 bus
1031 2014 1235 2050 repeterent,
1252 2009 1491 2040 animadversa
1511 2016 1572 2038 na-

944 2056 1016 2085 tiva
1040 2061 1182 2086 naturae
1204 2054 1373 2085 humanae
1395 2053 1438 2084 ad
1467 2053 1574 2092 impia

944 2105 977 2132 et
1008 2099 1183 2140 flagitiosa
1213 2109 1368 2140 quaeque
1405 2097 1571 2138 proclivis

943 2146 1154 2184 vitiositate,
1181 2145 1344 2182 Titanas,
1370 2147 1490 2184 utpote
1515 2152 1572 2182 ge-

944 2190 1034 2222 neris
1074 2191 1213 2222 humani
1249 2194 1427 2230 parentes,
1461 2188 1571 2219 finxe-

943 2241 1024 2268 runt
1038 2245 1145 2276 genus
1160 2236 1273 2266 audax
1291 2234 1407 2266 omnia
1425 2233 1573 2274 perpeti,

945 2281 1038 2322 quod
1067 2285 1182 2312 rueret
1205 2291 1266 2321 per
1295 2280 1438 2311 vetitum
1474 2278 1572 2309 nefas

943 2328 1122 2368 ipsumque
1135 2326 1265 2358 eoelum
1285 2330 1416 2367 peteret
1426 2324 1574 2355 stultitia

945 2382 1017 2407 sua.
1048 2383 1080 2402 v.
1111 2371 1295 2403 Lobeek.
1326 2371 1380 2401 De
1410 2370 1572 2409 Tritopa-

944 2418 1054 2449 tribus
1084 2418 1120 2448 in
1147 2416 1352 2448 Seebodii
1377 2415 1572 2446 Miscellan.

945 2462 1045 2494 Critt.
1080 2463 1158 2493 Vol.
1194 2463 1220 2493 Ι.
1260 2462 1294 2492 Ρ.
1334 2461 1387 2491 lV.
1426 2471 1458 2500 p.
1491 2459 1571 2492 620.

946 2508 1146 2540 Cteuzer.
1162 2506 1279 2548 Symb.
1300 2506 1339 2536 ΙΙ.
1356 2515 1387 2546 p.
1406 2504 1484 2539 430.
1496 2504 1572 2538 440.

990 2551 1055 2583 ἐπὶ
1084 2550 1126 2583 τὰ
1151 2549 1252 2583 αὐτὰ
1283 2549 1571 2590 πάλινμὲκεῖνα

946 2597 1007 2639 -Ῑ
1040 2599 1132 2629 Ante
1158 2599 1242 2630 haec
1268 2597 1371 2628 verba
1396 2595 1570 2635 Stepha-

945 2653 1025 2675 nus
1065 2644 1284 2675 desiderabat
1325 2639 1416 2673 a's'sn.
1470 2639 1572 2676 Quod

948 2690 1102 2720 Aetius
1119 2689 1254 2729 quidem
1279 2697 1345 2719 non
1365 2686 1572 2721 addendum,
