1612 2872
245 92 331 135 DE
360 89 639 135 LEGIBUS
670 87 791 132 LIB.
823 86 904 134 lv.
936 87 983 128 P.
1020 88 1114 131 717.
1149 86 1214 129 St.
1337 87 1422 128 443

62 215 191 263 Δίκης
225 212 413 259 Νέμεσις
447 207 650 264 ἄγγελος.
685 210 991 263 θυμουμένοις
1027 221 1083 253 τε,
1107 196 1190 248 οὖν
1224 201 1419 247 ὑπείκειν

59 280 124 321 δεῖ
167 279 243 320 καὶ
292 276 610 330 ἀποπιμπλᾶσι
654 272 736 318 τὸν
772 270 956 328 θυμόν,
990 271 1072 316 ἐάν
1106 270 1146 314 τ’
1190 275 1237 314 ὲν
1271 270 1422 321 λόγοις

57 345 139 388 ἐάν
174 342 214 387 τ’
255 349 301 387 ἐν
337 348 483 400 ἔργοις
517 343 653 399 δρῶσι
687 338 739 385 τὸ
771 341 996 390 τοιοῦτον,
1025 336 1421 394 ξυγγιγνώσκοντα,

57 410 116 462 ὡς
150 410 328 462 εἰκότως
362 410 559 467 μάλιστα
607 407 757 464 πατὴρ
803 411 886 450 υἱεῖ
931 405 1125 459 δοξάζων
1158 404 1422 449 ἀδικεῖσθαι

58 477 244 534 θυμοῖτ
297 476 357 521 ἂν
401 475 717 535 διαφερόντως.
770 473 1124 527 τελευτησάντων
1172 475 1218 516 δε
1254 475 1420 527 ,ovea-v

58 548 180 605 ταφὴ
224 547 306 603 μὲν
348 542 374 597 ἡ
423 541 768 603 σωφρονεστάτη
815 544 1050 593 καλλίστη,
1085 540 1196 596 μήτε
1238 539 1419 596 ὑπεραί-

57 630 196 669 ροντα
235 614 325 656 τῶν
357 613 624 666 εἰθισμένων
658 609 801 666 ὄγκων
834 608 937 666 μητ’
981 611 1240 652 ἐλλείποντα
1276 601 1339 651 ὧν
1363 609 1420 651 οὶ

57 869 134 891 cum
158 855 203 891 iis
229 861 421 893 contendas
452 861 569 893 locum
594 862 702 903 gemi-

58 915 140 936 num
164 905 263 938 Libr.
292 906 358 938 XI.
384 917 418 948 p.
446 907 527 942 931.
555 908 586 938 A
604 907 702 939 -Ε,

56 950 228 982 Pietatem
266 962 352 993 erga
388 959 552 994 parentes
597 964 703 995 quum

56 995 184 1030 Graeci
210 1000 352 1031 omnino
378 1001 522 1031 maximi
546 999 705 1040 fecerint,

55 1049 128 1074 tum
153 1043 324 1084 imprimis
352 1046 457 1077 etiam
476 1046 569 1087 apud
591 1046 705 1077 Athe-

56 1089 196 1120 nienses
228 1091 278 1122 ita
309 1096 384 1123 erat
416 1093 634 1131 institutum,
666 1096 705 1123 ut

54 1140 232 1176 parentes,
257 1137 293 1167 h.
318 1147 348 1169 e.
376 1148 447 1169 non
473 1138 577 1169 modo
603 1143 704 1178 pater
733 1173 737 1177 .

12 1216 14 1218 v
55 1186 91 1213 et
130 1185 261 1221 mater,
294 1184 357 1215 sed
397 1185 502 1215 etiam
540 1193 628 1215 avus
669 1189 704 1215 et

54 1227 136 1259 avia
159 1237 351 1270 omnesque
375 1231 521 1261 omnino
555 1230 702 1262 adscen-

54 1273 195 1310 dentes,
227 1275 287 1315 qui
320 1276 359 1306 in
393 1277 485 1307 vivis
518 1281 654 1315 essent,
682 1286 704 1308 a

54 1320 137 1351 filiis
162 1320 210 1351 ali
234 1321 414 1353 deberent.
452 1321 564 1354 Cuius
591 1322 702 1354 officii

55 1367 316 1398 observantiam
343 1378 450 1408 quum
481 1372 570 1400 teste
598 1369 700 1400 Por-

53 1412 174 1452 phyr.
214 1412 270 1444 De
301 1414 507 1446 Abstinent.
547 1415 611 1446 1v.
645 1414 700 1447 22.

0 1455 3 1461 ”
54 1468 87 1499 p.
111 1457 192 1492 378.
226 1459 295 1490 iam
335 1459 568 1500 rriptolemus
599 1470 702 1501 prae-

54 1505 264 1545 scripsisset,
280 1510 352 1536 tum
369 1507 511 1546 publiea
528 1507 605 1547 lege
620 1517 699 1538 san-

54 1550 107 1580 xit
137 1551 241 1582 etiam
272 1550 402 1591 Solon,
427 1563 543 1594 poena
568 1548 701 1591 ἀτιμίας

56 1597 92 1626 in
119 1606 179 1627 eos
204 1598 415 1636 constituta,
441 1601 500 1639 qui
536 1608 611 1630 eam
636 1608 698 1630 ne-

54 1641 258 1682 glexissent.
287 1654 320 1674 v.
360 1643 463 1675 Dem
475 1645 584 1675 osth.
620 1645 700 1676 adv.

52 1687 186 1719 Lacrit.
200 1718 206 1722 ,
218 1698 252 1729 p.
278 1688 358 1722 940.
381 1689 441 1723 11.
475 1691 540 1722 Au
551 1690 573 1721 d
586 1700 606 1721 o
617 1690 698 1722 eid.

52 1733 109 1765 De
124 1739 267 1776 myster.
280 1734 379 1776 p.35.
390 1741 479 1767 extr.
493 1736 557 1767 Xe
566 1747 587 1767 n
599 1746 620 1767 o
629 1746 652 1777 p
662 1736 697 1767 h.

53 1779 159 1811 Mem.
201 1780 251 1811 11.
288 1781 328 1818 2,
366 1781 425 1815 13.
470 1781 575 1813 Dio
591 1792 646 1822 ge
662 1792 699 1813 n.

52 1825 82 1856 L
99 1835 121 1857 a
135 1826 153 1857 ὁ
167 1837 184 1857 ι·
198 1831 239 1862 t„
256 1826 294 1867 Ι,
328 1826 386 1860 55.
438 1827 525 1862 Rem
556 1828 699 1860 uberius

1 1891 2 1894 =
53 1877 258 1912 persecutus
306 1878 360 1904 est
407 1873 570 1905 Petrus
620 1883 698 1905 υιιτι

4 1941 5 1944 ¹
52 1916 260 1960 Lelyoeld
283 1917 488 1951 Comm.De
505 1916 703 1951 Infamia*

0 1962 14 2008 ἰι
52 1963 150 1995 iure
175 1964 352 2004 Attico,
375 1975 410 2006 p.
426 1964 495 1998 145
508 1976 584 2006 sqq.
604 1965 698 1997 conf.

15 2013 18 2018 '
52 2009 157 2041 etiam
190 2009 325 2041 Jonas
355 2010 440 2044 Pan
471 2010 607 2044 Comm.
635 2011 698 2043 De

52 2056 171 2095 grati
196 2055 329 2087 animi
360 2057 539 2089 officiis
565 2062 697 2100 atque

52 2110 103 2132 ex
169 2102 452 2142 ingratorum
529 2113 698 2144 poena

14 2146 21 2157 ³
52 2147 150 2178 iure
188 2149 343 2180 Attico
401 2153 442 2180 et
491 2149 698 2182 Romano.

51 2192 166 2233 Lugd.
191 2193 271 2226 But.
297 2205 352 2236 ap.
368 2195 482 2227 Haak.
509 2201 544 2227 et
567 2197 698 2236 socios,

51 2247 84 2270 a.
119 2237 221 2272 1809.
258 2239 292 2273 8.
325 2251 405 2282 pag.
430 2241 596 2276 10—25.
625 2242 698 2273 Pe-

16 2298 17 2302 =
41 2285 116 2329 pit.
150 2283 206 2316 De
223 2285 342 2327 Legg.
369 2288 479 2318 Attio.
505 2287 553 2319 11.
580 2287 613 2325 4,
641 2286 696 2321 14.

21 2340 86 2374 Ιρ.
121 2329 189 2370 163
221 2341 298 2372 sqq.
350 2333 541 2365 Hei-aldi
592 2333 695 2366 obss.

22 2376 96 2407 -a‘td
131 2375 185 2407 ius
216 2378 292 2408 Att.
327 2382 362 2409 et
394 2378 496 2411 Rom.
534 2380 606 2411 ΠΙ.
637 2380 693 2414 25.

26 2431 86 2463 ¹1).
114 2421 194 2456 587.
242 2422 413 2464 Respexit
440 2425 484 2457 ad
517 2425 611 2458 hune
642 2426 694 2458 lo-

26 2467 369 2501 ¹·cum1’lutareh.
383 2470 694 2504 DeAmoreFrat.

23 2552 25 2554 ι
51 2524 81 2546 c.
112 2513 145 2547 4.
180 2525 217 2555 p.
245 2514 302 2549 39.
346 2515 401 2547 De
430 2518 564 2549 Amore
599 2518 694 2549 i'rol.

49 2569 79 2590 ο.
103 2558 138 2593 4.
172 2569 206 2601 p.
240 2561 296 2595 79.
324 2561 367 2592 Τ.
392 2562 438 2594 X.
464 2563 519 2594 ed.
546 2564 692 2596 Butten.

50 2603 247 2639 Photius
280 2617 314 2648 p.
346 2606 426 2641 370.
458 2608 516 2643 26.
542 2610 692 2642 eundem

49 2652 224 2693 excerpsit
269 2651 294 2684 S
310 2658 325 2684 t
339 2663 360 2684 ο
377 2653 434 2687 bu.
446 2664 465 2687 e
482 2665 504 2686 u
519 2665 535 2687 s
580 2654 692 2688 Sei-m.

50 2695 237 2730 (xxvn.
264 2708 299 2739 p.
323 2697 403 2733 457.

818 858 928 892 διότι
959 857 1136 899 κούφων
1162 860 1226 890 καί
1250 859 1418 901 πτηνῶν

774 905 911 948 λόγων
935 902 1193 946 βαρ.”ζημιά1
1213 907 1307 947 Apte
1325 915 1417 938 com-

770 957 874 1031 ρΑει-ῑη
899 952 1055 983 Astius
1078 951 1175 982 Libr.
1191 952 1258 983 XI.
1273 962 1308 993 p.
1335 951 1416 986 93b.

813 1011 821 1019 ·
853 996 891 1030 ἐκ
905 995 1029 1039 λόγων,
1047 994 1190 1037 κούφου
1208 995 1417 1040 πράγματος.

773 1044 1001 1076 Plutarch.
1027 1044 1081 1075 De
1113 1045 1245 1085 gari-ul.
1272 1053 1307 1086 p.
1333 1043 1414 1078 505.

772 1090 816 1125 C:
843 1091 898 1122 καὶ
925 1090 1065 1121 τοιαῦτα
1091 1088 1196 1121 πολλὰ
1218 1091 1419 1131 φλιαρούν-

775 1145 828 1168 τες
843 1133 1081 1168 ἐπεσπάσαντο
1097 1135 1321 1177 κουφοτάτου
1333 1134 1419 1177 πρά-

774 1192 911 1224 γματος,
937 1180 1060 1223 λόγων,
1086 1179 1134 1214 ὥς
1160 1193 1267 1224 φησιν
1293 1179 1418 1215 dlud-

775 1240 853 1269 των,
879 1226 1077 1270 βαρυτάτην
1103 1229 1233 1270 ζημίαν.
1280 1229 1336 1261 De
1364 1230 1419 1261 ira

773 1275 901 1307 Cohib.
931 1286 966 1316 p.
999 1274 1080 1308 456.
1115 1274 1162 1306 C:
1194 1272 1248 1307 διὸ
1282 1286 1418 1316 κουφο-

773 1319 876 1353 τάτου
914 1318 1130 1363 πράγματος,
1160 1318 1209 1353 ὥς
1246 1331 1354 1361 φησιν
1395 1318 1416 1353 ὁ

771 1365 932 1405 Πλάτων,
964 1365 1089 1408 λόγου,
1123 1365 1323 1409 βαρυτάτην
1360 1366 1416 1409 ζη-

768 1415 848 1453 μιάν
882 1416 1048 1445 τίνουσιν.
1105 1412 1270 1467 Sympos.
1309 1415 1351 1446 ΙΙ.
1383 1425 1417 1455 p.

770 1459 847 1494 634
887 1453 1072 1492 F.013101
1118 1458 1179 1498 μὲν
1227 1454 1295 1491 οὖν
1334 1457 1419 1492 κατὰ

771 1504 913 1538 Πλάτωι
906 1518 937 1537 α
961 1517 1025 1537 not
1029 1503 1186 1546 φοτάτου
1207 1504 1418 1548 πράγματος,

769 1550 893 1594 λόγων,
918 1550 1117 1594 βαρυτάτην
1146 1553 1267 1593 ζημίαν
1291 1553 1417 1586 ἔτισαν.

769 1598 826 1630 De
857 1599 1019 1640 capiend.
1054 1599 1226 1631 ex=inim.
1264 1600 1340 1631 util.
1381 1610 1418 1642 p.

769 1644 829 1678 90.
856 1644 896 1676 C.

816 1690 917 1722 πᾶσι
942 1687 1020 1731 γὰρ
1047 1687 1301 1722 ἐπίσκοπος
1323 1694 1414 1723 τοῖς

769 1737 866 1776 περὶ
898 1733 946 1767 τὰ
991 1736 1042 1776 τ.]
1080 1736 1218 1768 Nuntia
1255 1737 1414 1771 Iustitiae

768 1783 863 1823 quod
890 1782 1053 1814 Nemesis
1078 1783 1289 1823 appellatur,
1309 1793 1414 1824 agere

768 1838 809 1859 ea
835 1829 940 1859 etiam
965 1828 1157 1868 putabatur
1184 1839 1227 1860 ex
1252 1829 1415 1862 Iustitiae

766 1874 904 1915 legibus
937 1879 1043 1915 atque
1083 1874 1148 1905 τοῦ
1187 1873 1301 1912 νόμου
1337 1885 1415 1908 esse

765 1921 898 1951 vindex
937 1924 972 1950 et
1021 1921 1279 1952 conservatrix.
1319 1921 1414 1954 conf.

766 1967 896 1998 Hom.
936 1966 978 1997 ΙΙ.
1016 1965 1075 1997 ΙΙΙ.
1108 1966 1187 2000 156.
1234 1966 1298 1998 VI.
1331 1966 1414 2002 351.

766 2011 894 2053 Odyss.
912 2011 977 2042 IV.
994 2011 1076 2046 158.
1101 2012 1294 2045 Hesiod.
1320 2013 1412 2056 Opp.

765 2062 799 2090 et
830 2058 911 2089 DD.
949 2068 982 2089 v.
1020 2058 1230 2093 172—199.
1264 2064 1300 2090 et
1323 2070 1414 2101 quae

766 2114 877 2146 supra
907 2104 952 2135 ad
984 2114 1020 2145 p.
1046 2104 1126 2138 716.
1153 2105 1198 2136 A.
1225 2107 1414 2138 annotavi-

765 2161 854 2182 mus.
904 2150 980 2181 Alii
1004 2155 1120 2182 tamen
1147 2161 1222 2182 eam
1244 2151 1414 2185 informa-

765 2201 850 2228 runt
877 2196 991 2227 aliter.

811 2240 914 2284 μήτε
968 2237 1269 2284 ὑπεραίροντα
1328 2244 1414 2276 τῶν

764 2286 1030 2326 εἰθισμένων
1059 2285 1218 2331 ὄγκων]
1238 2289 1410 2323 Constru-

763 2336 833 2366 ctio
851 2334 1036 2366 verborum
1056 2345 1225 2376 perquam
1241 2337 1412 2370 notabilis

762 2381 807 2412 ad
832 2390 974 2412 sensum
1004 2381 1322 2423 conformatsrper
1354 2393 1410 2424 sy·

763 2427 861 2458 nesin
887 2431 952 2458 est.
1001 2426 1092 2459 Nam
1129 2425 1219 2469 ταφὴ
1253 2429 1410 2470 καλλίστη

763 2473 929 2513 quoniam
953 2472 1047 2504 idem
1070 2477 1127 2505 est
1149 2475 1245 2516 quod
1263 2473 1411 2506 θάπτειν

764 2515 943 2550 κάλλιστόν
970 2516 1048 2556 ἐστι,
1062 2524 1157 2551 recte
1183 2521 1410 2561 subiungitur

762 2575 854 2597 nunc
863 2566 1088 2598 aecusativus
1096 2567 1287 2607 participii,
1299 2576 1408 2607 quan-

761 2611 956 2652 doqnidem
975 2606 1210 2653 υπεραίροντα
1243 2617 1278 2643 et
1306 2610 1407 2643 ἐλλεί-

762 2666 882 2690 ποντα
901 2657 1055 2689 refertur
1090 2658 1137 2690 ad
1176 2654 1269 2694 τινά,
1312 2659 1407 2699 quod

760 2704 850 2736 inest
863 2704 900 2736 in
916 2703 1093 2736 infinitivo
1107 2700 1253 2735 θάπτειν
1262 2703 1406 2736 aliunde
