1612 2872
243 127 323 167 350
751 125 1123 170 PLATONIS

241 238 325 296 γὰρ
360 243 404 282 σὲ
441 239 495 281 τά
532 241 576 281 ἐν
612 241 670 292 τῷ
703 239 801 281 τότε
833 239 978 300 χρρνῳ
1014 239 1242 295 γενόμενα,
1273 240 1482 285 κοινωνὸν
1519 244 1570 303 τῇ

243 308 329 348 τῶν
371 310 569 358 πατέρων
611 303 822 357 γεγονότα
869 305 1013 362 φύσει,
1047 309 1214 349 δίκαιον
1275 309 1423 360 λέγειν.
1482 313 1571 350 ἐπι-

243 370 393 413 σκόπει
426 369 515 423 μὴν
549 371 621 411 καὶ
657 367 709 411 σὺ
742 372 813 412 καὶ
838 372 1053 421 Κλεινίας,
1080 372 1118 414 εἰ’
1137 388 1177 414 τι
1197 370 1305 426 πρὸς
1326 371 1406 425 τὴν
1439 390 1571 428 νομο-

244 439 404 477 θεσίαν
448 434 723 489 προς-ἥκοντα
774 438 974 491 λέγομεν·
1019 435 1070 479 οὐ
1114 435 1200 492 γὰρ
1243 438 1405 492 μύθων
1447 443 1570 481 ἕνεκα

244 500 535 555 διεξέρχομαι,
575 494 627 542 οὗ
675 503 778 553 λέγω
821 500 858 543 δ’
910 506 1045 543 ἕνεκα.
1096 501 1228 555 ὁρᾶτε
1270 501 1376 558 γὰρ·
1424 505 1568 555 ἐπειδή

246 582 339 607 τινα
385 565 553 622 τρόπον
599 564 762 608 ταύτὸν
809 565 912 622 ἡμῖν
955 567 1206 622 ξυμβεβήκει
1251 570 1428 619 πάθος,
1463 568 1570 624 ὅπερ

243 634 445 688 Πέρσαις,
471 633 645 681 ἐκείνοις
664 633 743 686 μὲν
776 635 843 675 ἐπὶ
878 634 1027 675 πᾶσαν
1063 635 1263 677 δουλείαν
1298 633 1458 688 ἄγουσι
1492 633 1570 678 τὸν

872 739 896 750 s

666 758 880 792 κοινωνὸν
905 761 947 802 τῇ
974 760 1051 791 τῶν
1076 757 1292 802 πατέρων]
1323 761 1406 796 Ven.
1433 763 1470 798 Ξ.
1495 774 1570 797 cum

333 758 418 800 Cap.
445 759 525 791 XV.
573 759 617 791 D,

244 805 323 836 Ald.
351 804 432 837 Bas.
459 805 489 838 1.
518 805 550 838 2.
578 803 751 846 πατρώων.
778 806 877 838 male.

243 915 352 955 pseris
387 914 441 945 καὶ
471 908 490 954 ᾗ
524 912 698 946 δουλεύειν
730 926 758 946 κ.
793 927 818 946 1.
844 915 870 947 λ.

242 960 317 991 Nec
345 963 460 991 tamen
490 961 583 991 istud
614 964 667 992 est
691 961 791 992 unice
813 970 871 992 ne-

241 1005 440 1037 cessarium.
487 1005 560 1036 Iam
590 1015 674 1037 vero
707 1006 736 1036 si
761 1003 805 1046 fiv
829 1006 873 1037 ad

243 1049 301 1080 τὸν
326 1047 444 1090 φόβον
458 1051 618 1093 refertur⁷
634 1052 789 1091 quaestio
804 1051 873 1082 ori-

242 1101 309 1135 tur,
335 1096 418 1136 quid
442 1096 614 1135 significet
643 1097 754 1127 istud:
781 1093 822 1127 ὃν
844 1095 878 1126 εἰ

241 1139 285 1180 μὴ
319 1139 398 1171 δέος
426 1139 556 1180 ἔλαβεν.
602 1141 766 1173 Fatemur
789 1150 872 1172 vero

242 1186 349 1217 libere
391 1186 501 1223 videri
537 1187 623 1217 illud
663 1187 763 1218 nobis
804 1187 872 1218 dici

242 1231 501 1262 absurdissime.
548 1231 638 1262 Nam
671 1232 806 1263 etiamsi
833 1228 873 1262 ὅν

243 1277 406 1307 statueris
439 1269 484 1308 ad
519 1277 687 1317 pudorem
724 1281 873 1308 tantum-

243 1321 346 1353 modo
374 1322 449 1353 sive
472 1322 617 1353 alterum
640 1326 749 1353 metus
764 1332 873 1363 genus

241 1366 376 1405 referri,
401 1371 513 1398 tamen
528 1367 743 1407 ineptissima
763 1368 874 1398 oritur

242 1412 424 1443 sententia.
458 1411 551 1449 Quid
576 1413 666 1444 enim
692 1413 784 1444 istud
808 1417 872 1452 est,

243 1457 328 1488 nisi
353 1457 557 1498 pudorem
581 1463 722 1489 terror
736 1459 872 1498 cepis-

243 1502 330 1534 set?
357 1502 530 1534 Nimirum
554 1507 666 1535 terror
680 1503 873 1534 consociari

243 1547 383 1587 quidem
407 1557 483 1578 cum
507 1549 641 1589 pudore
657 1549 783 1589 potuit,
799 1558 872 1579 cor-

242 1593 355 1644 ripere
383 1602 459 1623 eum
484 1603 553 1624 non
576 1595 700 1634 potuit.
739 1593 873 1625 Rectis-

243 1637 328 1668 sime
351 1638 459 1677 igitur
483 1639 519 1669 in
544 1638 610 1669 hoc
632 1639 796 1679 loquendi
814 1647 873 1678 ge-

243 1691 325 1713 nere
354 1682 468 1713 haesit
497 1683 522 1713 Z
537 1693 555 1714 e
570 1683 580 1713 1
597 1684 639 1714 le
656 1693 673 1714 r
688 1693 710 1713 u
725 1693 740 1714 s
773 1682 872 1714 Stud.

242 1727 346 1758 Platt.
378 1737 411 1767 p.
446 1726 502 1761 99.
538 1738 618 1759 ann.
676 1728 750 1759 Iam
788 1737 872 1759 vero

239 1775 353 1812 patet,
378 1772 524 1813 opinor,
547 1773 632 1805 satis
666 1774 774 1812 clare,
813 1773 872 1803 ubi

240 1817 383 1848 haereat
435 1817 632 1850 difficultas.
709 1817 873 1849 Cernitur

240 1863 332 1893 enim
362 1871 403 1893 ea
434 1862 470 1892 in
494 1873 564 1894 uno
590 1863 759 1895 vocabulo
785 1861 873 1894 δέος.

241 1906 344 1944 Quod
376 1907 516 1948 quidem
547 1909 649 1940 etiam
685 1908 764 1939 ideo
796 1909 872 1939 vitii

241 1956 356 1984 movet
372 1953 617 1993 suspicionem,
631 1954 712 1995 quia
732 1957 873 1994 repente

239 1998 275 2028 in
309 1997 423 2028 locum
449 1998 512 2028 τοῦ
541 1997 662 2039 φόβου
694 1999 872 2030 successit.

239 2041 407 2079 Quamvis
438 2044 530 2074 enim
558 2045 740 2085 utriusque
770 2053 873 2075 voca-

239 2087 311 2118 buli
324 2088 469 2129 aliquod
483 2089 667 2121 discrimen
690 2093 873 2128 statuatur,

239 2137 353 2164 tamen
380 2134 437 2164 hic
461 2134 599 2174 quidem
623 2145 683 2166 cur
706 2132 793 2166 illud
811 2144 873 2175 po-

239 2179 342 2209 situm
380 2179 443 2216 sit,
480 2179 609 2212 idonea
646 2181 735 2212 ratio
775 2180 874 2211 reddi

239 2224 335 2254 nullo
366 2224 470 2254 modo
500 2229 625 2264 potest.
673 2225 721 2257 Ut
752 2225 872 2266 paucis

241 2268 352 2299 dicam
371 2269 463 2309 quod
486 2271 610 2310 sentio,
629 2270 871 2311 corrigendum

239 2313 396 2348 videtur:
441 2310 482 2345 ὃν
518 2314 551 2346 εἰ
604 2313 678 2347 τότε
723 2313 872 2355 μηδεὶς

239 2357 369 2398 ἔλαβεν,
385 2368 506 2398 quem
523 2361 699 2401 quidem
722 2364 871 2392 metum

237 2403 273 2434 si
326 2406 430 2433 tunc
476 2414 595 2438 nemo
642 2406 872 2447 quisquam

236 2448 524 2488 suscepisset.
587 2449 664 2488 Quo
710 2451 870 2483 restituto

234 2496 401 2534 protenus
414 2496 532 2527 omnia
530 2497 706 2548 expedita
714 2496 870 2527 habebis.

238 2537 328 2570 Nam
352 2538 396 2569 ad
429 2534 495 2570 οὐκ
524 2536 565 2571 α”ν
590 2551 670 2573 ποτε
695 2538 872 2581 ξυνελθών

240 2578 391 2623 ἠμύνατο
424 2594 453 2614 κ.
486 2595 511 2616 τ.
544 2585 570 2616 λ.
606 2587 674 2617 iam
705 2587 870 2618 facillime

237 2629 442 2669 intelligitur
466 2631 532 2661 πᾶς
555 2640 583 2662 s.
612 2630 762 2668 ἕκαστος,
776 2631 869 2672 quod

237 2677 375 2707 constat
413 2674 448 2706 in
485 2675 647 2708 membris
683 2677 868 2717 oppositis,

939 925 1144 957 praegresso
1168 912 1282 948 οὐδείς
1307 918 1361 949 vel
1384 916 1508 959 μηδείς,
1521 919 1571 950 ita

940 962 1086 992 reticeri.
1121 972 1154 992 v.
1189 960 1269 993 annss
1306 963 1349 994 ad
1381 962 1498 1004 Symp.
1536 974 1568 1004 p.

941 1006 1018 1039 192.
1051 1007 1092 1039 E
1125 1010 1158 1038 et
1181 1006 1319 1039 Politia.
1352 1018 1384 1048 p.
1414 1008 1493 1041 301.
1523 1007 1568 1039 D.

940 1051 1118 1091 Loquutio
1142 1057 1256 1084 autem
1278 1054 1364 1084 ista:
1390 1050 1571 1093 λαμβάνειν

942 1094 1075 1136 φόβον
1102 1106 1170 1128 ιιοιι
1205 1098 1314 1138 magis
1340 1098 1495 1130 insolens
1519 1104 1572 1130 est

941 1151 1042 1182 quam
1072 1152 1173 1183 quum
1199 1143 1325 1174 dicitur
1349 1134 1509 1183 λαμβάνει
1532 1154 1571 1182 με

942 1184 1070 1230 φόβος.
1137 1185 1195 1218 Sic
1235 1189 1326 1219 enim
1364 1187 1450 1229 Sop
1458 1189 1569 1220 hoel.

941 1228 1027 1263 Oed.
1046 1232 1120 1264 Col.
1138 1243 1170 1263 v.
1189 1231 1274 1266 729.
1301 1229 1371 1274 ὁρῶ
1402 1229 1461 1264 τιν’
1484 1230 1571 1272 ὑμᾶς

941 1273 1098 1316 ὀμμάτων
1143 1275 1380 1319 εἰληφότας·
1428 1276 1571 1319 φόβον

940 1323 1061 1363 νεωρῆ.
1105 1323 1151 1354 Et
1175 1324 1257 1363 quid
1281 1323 1494 1364 frequentius
1519 1329 1572 1355 est

939 1369 1077 1408 gemina
1100 1368 1259 1407 formula,
1280 1366 1460 1408 λαμβάνειν
1483 1367 1571 1400 ἐλπί-

940 1411 998 1450 δα,
1027 1422 1094 1454 qua
1117 1414 1336 1455 Xenophon,
1365 1414 1570 1446 Demosthe-

939 1468 1016 1495 nes,
1050 1459 1237 1499 Isocrates,
1273 1459 1333 1491 alii
1365 1460 1480 1499 multi,
1516 1460 1571 1491 usi

939 1503 1042 1534 sunt?
1092 1504 1210 1544 ltaque
1240 1501 1421 1544 λαμβάνειν
1452 1501 1571 1545 φόβον

939 1558 1030 1579 nunc
1053 1548 1144 1580 idem
1169 1553 1238 1588 est,
1269 1550 1364 1590 quod
1394 1553 1496 1582 antea
1519 1550 1570 1581 di-

939 1593 1081 1624 cebatur
1122 1592 1242 1633 φόβον
1281 1594 1440 1626 κτᾶσθαι.
1501 1595 1570 1626 lam

940 1647 1022 1669 vero
1047 1638 1102 1668 his
1127 1639 1176 1669 ita
1199 1640 1366 1679 expositis
1391 1643 1502 1670 totum
1518 1640 1570 1670 lo-

938 1693 1015 1714 cum
1045 1683 1179 1714 iuvabit
1209 1684 1402 1715 reddidisse
1427 1682 1569 1716 Germa-

937 1729 1024 1759 nice.
1073 1727 1245 1760 Vertimus
1267 1729 1374 1768 igitur
1399 1739 1476 1760 eum
1501 1730 1567 1761 sic:

938 1773 1094 1804 Dieses
1118 1773 1244 1805 Alles
1271 1774 1369 1805 also
1401 1774 1570 1805 f16sste

936 1818 1569 1859 ihnengegenseitigesWohl—

938 1863 1095 1894 wollen
1135 1873 1169 1895 u.
1208 1864 1444 1896 Eintracht
1481 1865 1569 1904 ein,

939 1907 1127 1940 nemlich
1171 1909 1238 1941 die
1275 1909 1454 1948 Furcht‚
1500 1909 1570 1940 die

939 1954 1078 1985 theils
1121 1955 1283 1986 damals
1320 1953 1567 1994 herr—sohte,

940 1998 1071 2030 theils
1118 2008 1193 2030 aus
1232 2000 1312 2031 den
1350 1999 1569 2031 Gesetzen

936 2044 1014 2082 *der
1063 2043 1247 2075 Vorzeit
1302 2043 1569 2076 cntstanden

940 2098 1044 2129 war,
1076 2089 1168 2120 eine
1199 2089 1377 2128 Furcht,
1405 2089 1569 2120 welche

941 2134 1007 2165 sie
1032 2133 1123 2165 sich
1155 2134 1290 2165 durch
1319 2134 1568 2174 gehorsame

939 2178 1283 2220 Unterwerfung
1328 2183 1453 2210 unter
1498 2179 1568 2210 die

939 2224 1053 2258 alten
1082 2222 1265 2255 Gesetze
1298 2224 1569 2265 angeeignet

939 2269 1231 2308 hatten,u.die
1251 2270 1328 2301 wir
1347 2271 1390 2300 in
1409 2278 1568 2301 unsern

939 2313 1407 2355 friihernGesprachen
1433 2314 1568 2346 sehon

940 2359 1004 2390 oft
1020 2358 1568 2400 Schaamgenannthaben‚

938 2413 1088 2436 wovon
1114 2404 1315 2436 wirauch
1334 2404 1567 2444 behaupte-

937 2453 1030 2489 ten,
1055 2450 1155 2480 dass
1182 2450 1270 2481 alle
1299 2450 1568 2491 diejcnigen,

938 2495 1009 2526 die
1047 2495 1254 2526 dereinst‘
1287 2495 1392 2526 brav
1434 2505 1466 2526 ιι.
1509 2498 1568 2525 tn-

937 2539 1155 2580 gendhaft
1184 2540 1360 2571 werden
1388 2540 1567 2578 wellen,

936 2585 1002 2616 ihr
1026 2585 1327 2616 unterworfen
1353 2582 1567 2616 seinmiis-

936 2639 1024 2666 sen,
1048 2640 1128 2662 von
1153 2630 1344 2662 welcher
1367 2629 1472 2661 aber
1494 2628 1568 2660 der

935 2674 1066 2716 Feige
1096 2675 1201 2708 baar
1232 2674 1316 2706 und
1347 2674 1470 2714 ledig
1497 2674 1564 2705 ist.
