1612 2872
465 60 548 104 DE
581 56 858 101 LEGIBUS
889 63 971 98 etc.
1214 55 1398 99 XLVII

41 193 136 222 esse
167 191 279 234 quae
308 175 364 218 ad
395 177 542 233 Leges
577 172 774 216 Platonis
803 171 1062 227 pertineant,
1090 169 1137 212 id
1166 170 1295 226 plane
1326 170 1402 212 de-

41 235 242 279 stituitur
303 233 421 276 omni
477 229 876 283 verisimilitudine,
934 227 1290 284 quandoquidem
1338 228 1401 270 ibi

42 293 302 350 Stagirites,
345 297 648 347 praeterquam
688 286 806 343 quod
835 286 1044 343 plurimas
1074 285 1273 327 Platonis
1301 299 1401 328 sen-

40 350 203 392 tentias
247 349 412 405 passim
456 346 708 403 singulatim
757 350 990 398 memorat,
1032 342 1162 386 etiam
1206 342 1399 385 universi

40 407 187 464 operis
218 420 444 449 censuram
471 404 669 460 longiore
698 401 995 457 disputatione
1015 400 1218 443 instituit.
1279 399 1402 454 Quid

39 463 206 522 igitur?
265 462 358 517 Qui
392 460 569 504 tandem
599 458 920 515 fieripotuisse
950 457 1320 512 existimabimus,
1351 463 1403 500 ut

39 537 126 564 non
156 518 287 563 modo
317 534 396 576 per
422 519 673 560 universum
703 529 816 572 opus
839 515 1001 571 passim
1020 517 1398 570 intersererentur,

38 593 150 634 quae
188 577 245 619 ad
281 577 428 633 Leges
464 574 662 617 Platonis
700 573 971 626 referuntur,
1012 572 1091 615 sed
1122 573 1252 615 etiam
1281 578 1401 615 totus

37 637 111 677 ille
138 635 262 677 locus
304 634 428 677 Libr.
459 631 518 674 II.
563 647 601 677 c.
631 633 671 673 3.
715 629 797 673 vel.
827 631 867 672 4.
906 629 983 671 ubi
1012 630 1216 672 universe
1246 637 1402 673 eontra

40 691 239 734 Platonis
278 691 424 748 Leges
465 689 738 746 disputatur,
780 702 860 742 per
895 687 1053 729 malam
1096 686 1296 730 fraudem
1334 688 1401 730 in-

41 747 300 792 veheretur?
379 747 594 789 Nimirum
627 752 693 789 est
721 743 841 788 istud
871 744 1048 800 quidem
1078 743 1188 787 adeo
1218 743 1400 788 veridis-

39 807 202 859 simile,
242 812 291 847 ut
327 804 458 848 citius
501 803 679 847 credere
720 803 787 845 fas
833 802 891 844 sit
931 808 1064 844 totam
1110 801 1399 845 Politicorum

38 864 320 920 scriptionem
357 861 592 919 Stagiritae
632 875 727 903 esse
766 875 846 915 per
873 858 1071 901 fraudem
1101 860 1399 916 suppositam3

40 921 158 976 quod
196 928 341 963 tamen
379 935 507 962 nemo
549 918 650 960 dum
689 918 833 959 facere
873 917 1092 960 sustinuit.
1165 917 1264 960 Nec
1293 932 1400 960 vero

38 978 293 1023 Zellerus
330 977 358 1019 l.
401 992 438 1019 c.
485 976 587 1018 huic
626 975 787 1017 rationi
830 974 1072 1030 quidquam
1100 974 1277 1029 tribuit,
1324 975 1401 1031 qui

38 1036 166 1077 aliam
196 1035 342 1091 potius
372 1034 488 1076 viam
519 1034 745 1090 ingressus
777 1038 867 1086 est,
911 1047 998 1087 quo
1027 1031 1138 1075 fides
1169 1038 1214 1074 et
1247 1040 1400 1075 aucto-

36 1093 141 1135 ritas
171 1092 408 1135 testimonii
450 1090 723 1133 Aristotelici
764 1090 1103 1144 subverteretur,
1145 1089 1191 1131 in
1229 1104 1317 1145 quo
1360 1089 1401 1132 ei

36 1165 175 1207 nuper
217 1149 405 1192 accessit
444 1148 573 1190 etiam
611 1146 962 1190 Suckowius.
1019 1146 1196 1188 Etenim
1244 1148 1401 1190 statuit

36 1207 108 1249 ille
147 1207 218 1248 vel
255 1221 373 1248 mero
405 1205 585 1248 arbitrio
616 1219 697 1247 suo
727 1204 876 1260 ponit,
909 1204 1197 1246 Aristotelem
1226 1204 1281 1247 de
1312 1205 1400 1247 Le-

37 1280 140 1321 gum
171 1263 338 1319 origine
367 1263 494 1305 facile
525 1262 720 1319 potuisse
755 1261 845 1303 falli
874 1267 918 1303 et
945 1262 990 1303 in
1019 1261 1216 1304 fraudem
1246 1262 1400 1305 induci

37 1328 295 1377 propterea,
340 1319 459 1375 quod
499 1335 632 1374 quum
671 1320 816 1362 statim
855 1325 958 1375 post
986 1325 1171 1361 mortem
1201 1319 1399 1363 Platonis

39 1377 95 1420 ad
123 1378 369 1427 Hermiam,
401 1384 635 1434 tyrannum
666 1378 973 1431 Atarnensem,
1005 1377 1228 1432 profectus
1263 1378 1323 1419 sit
1355 1383 1399 1420 et

36 1434 136 1477 inde
166 1436 220 1478 ab
251 1435 326 1476 illo
357 1442 554 1490 tempore
585 1434 749 1476 diutius
780 1433 968 1477 Athenis
1001 1434 1203 1488 abfuerit,
1234 1435 1399 1477 factum

36 1492 252 1546 videatur,
283 1498 333 1534 ut
362 1492 535 1534 interim
566 1492 713 1548 Leges
743 1491 797 1534 ab
829 1491 1110 1534 fraudulento
1141 1492 1289 1547 aliquo
1320 1492 1399 1534 ho-

36 1549 267 1592 muncione
307 1549 690 1592 conscriberentur
732 1555 776 1591 et
805 1549 886 1591 sub
917 1549 1091 1591 nomine
1123 1549 1322 1592 Platonis
1351 1549 1399 1592 in

37 1606 258 1662 publicum
288 1607 598 1649 emitterentur.
659 1606 730 1648 Ex
761 1620 847 1661 quo
875 1606 946 1648 ille
979 1607 1189 1649 continuo
1219 1607 1398 1650 conclu-

38 1663 120 1718 dit,
162 1664 416 1707 Aristotelis
445 1664 528 1706 hac
557 1664 604 1706 in
633 1678 793 1706 caussa
823 1664 1133 1706 auctoritatem
1162 1664 1399 1707 admodum

38 1728 312 1778 suspectam,
351 1721 439 1764 imo
478 1721 606 1763 etiam
644 1720 806 1763 nullam
843 1721 983 1763 videri
1022 1721 1195 1765 debere.
1254 1722 1399 1778 Atqui

38 1793 117 1820 nos
162 1778 338 1834 quidem
388 1779 807 1836 argumentationem
845 1778 973 1820 istam
1026 1779 1106 1820 viri
1154 1778 1397 1822 doctissimi

39 1834 148 1877 adeo
187 1850 282 1878 esse
324 1836 464 1878 levem
507 1836 790 1889 arbitramur,
821 1842 872 1877 ut
901 1836 943 1877 vi
975 1836 1192 1892 probandi
1221 1837 1397 1894 penitus

39 1898 196 1933 careat.
227 1892 342 1934 Nam
373 1894 409 1935 si
441 1893 600 1949 Leges,
635 1892 682 1934 id
711 1892 830 1948 quod
860 1893 956 1949 ipse
988 1894 1166 1936 criticus
1196 1894 1396 1951 largitur,

38 1963 124 1990 non
163 1949 225 1990 ita
250 1949 387 1991 multo
421 1957 523 2006 post
549 1949 747 1992 Platonis
776 1949 942 1991 obitum
973 1950 1018 1991 in
1050 1951 1191 1992 lucem
1222 1951 1398 2008 prodie-

38 2011 139 2048 runt
167 2031 223 2037 -
250 2006 507 2062 prodierunt
537 2011 706 2059 autem,
750 2005 788 2048 si
818 2006 1005 2049 Isocrati
1035 2006 1144 2050 fides
1176 2015 1266 2063 est,
1306 2022 1398 2051 ma-

38 2063 198 2105 nifesto
235 2063 320 2105 iam
357 2070 459 2105 ante
498 2078 656 2104 annum
696 2064 793 2105 346.
832 2078 868 2105 a.
902 2063 982 2106 Ch.
1014 2079 1056 2105 n.
1089 2090 1143 2096 —
1187 2065 1261 2121 qui
1299 2072 1397 2108 tan-

40 2120 137 2162 dem
183 2120 278 2162 fieri
326 2121 522 2176 potuisse
573 2119 942 2175 existimabimus,
1004 2128 1057 2163 ut
1103 2123 1200 2178 quis
1247 2124 1396 2166 statim

39 2183 140 2234 post
167 2178 362 2220 Platonis
386 2177 551 2220 obitum
583 2178 684 2220 stilo
715 2177 943 2220 confestim
963 2186 1138 2236 arrepto
1169 2194 1280 2237 opus
1305 2187 1395 2224 tam

40 2234 230 2292 spissum
269 2240 314 2276 et
351 2250 582 2292 operosum
625 2241 822 2277 exararet
862 2242 906 2277 et
935 2237 1108 2279 nomine
1139 2252 1219 2281 suo
1251 2239 1394 2281 celato

40 2292 84 2333 in
114 2291 338 2347 publicum
367 2291 677 2347 protruderet?
737 2292 954 2336 Nimirum
983 2295 1127 2350 potuit
1153 2295 1264 2338 illud
1293 2312 1395 2353 pro-

38 2348 154 2390 fecto
193 2347 529 2406 haudquaquam
566 2349 776 2392 subitaria
811 2357 888 2393 aut
940 2352 1225 2395 tumultuaria
1262 2368 1396 2410 opera

41 2404 213 2460 confici,
250 2405 353 2448 licet
389 2421 476 2449 non
506 2406 633 2464 plane
673 2407 729 2449 sit
767 2408 1026 2464 expolitum3
1056 2416 1123 2452 est
1163 2411 1277 2453 enim
1307 2426 1395 2453 non

42 2461 171 2504 modo
213 2462 327 2505 mole
368 2476 448 2506 sua
484 2464 696 2521 grandius
741 2463 819 2506 sed
869 2465 1000 2508 etiam
1049 2467 1307 2524 largissimis
1349 2475 1395 2511 et

42 2519 390 2574 exquisitissimis
429 2520 652 2564 doctrinae
694 2522 832 2578 copiis
861 2523 1003 2578 iisque
1034 2525 1143 2567 satis
1174 2531 1276 2582 apte
1307 2525 1396 2568 dis-

42 2575 197 2632 positis
254 2576 363 2619 adeo
414 2579 646 2634 refertum,
711 2585 762 2620 ut
807 2581 1070 2636 paucissima
1115 2583 1395 2639 antiquitatis

42 2639 322 2677 monumenta
356 2634 440 2678 hoc
481 2636 652 2679 nomine
695 2651 791 2679 cum
833 2652 885 2680 eo
927 2640 1169 2696 comparari
1219 2645 1393 2694 queant.
