1612 2872
507 112 676 156 LIBRI
710 111 934 154 TERTII.
1315 110 1397 152 :239

47 244 158 285 quae
180 228 236 271 ad
252 228 388 270 vitam
408 226 738 270 sustentandam
770 230 919 267 essent
950 223 1225 274 necessaria;
1255 237 1398 266 mores

47 293 189 328 autem
215 300 363 327 eorum
389 290 514 326 erant
544 283 801 338 incorrupti,
833 282 975 339 probi,
1006 281 1180 325 sinceri.
1231 279 1397 333 Quam-

46 345 195 386 obrem
243 343 279 385 si
329 342 428 396 quis
479 341 531 383 iis
572 339 738 395 aliquid
787 346 995 393 tanquam
1044 339 1206 381 bonum
1237 344 1281 380 et
1319 337 1398 379 ho-

45 407 216 443 nestum
247 397 594 452 commendabat,
626 397 672 438 id
698 396 824 438 facile
855 395 1106 450 credebant,
1138 395 1397 452 probabant,

45 456 323 513 arripiebant.
382 455 466 498 Est
493 461 639 497 autem
670 468 880 510 perquam
909 453 1168 505 verisimile,
1202 451 1400 494 homines

47 514 144 557 illos
182 513 320 555 multa
357 527 436 569 per
465 511 641 554 saecula
670 511 882 553 mansisse
913 510 1137 565 aliquanto
1168 510 1398 551 inertiores

46 586 98 613 ae
135 570 420 626 simpliciores
463 583 592 624 quam
646 582 746 621 eos,
800 567 875 622 qui
925 574 1000 608 aut
1051 573 1153 608 ante
1184 565 1397 608 diluvium

47 628 262 670 vixissent
303 632 381 668 aut
417 628 493 680 qui
535 625 601 667 his
641 624 803 666 nostris
832 624 988 665 vivunt
1017 623 1290 678 temporibus
1320 623 1399 665 im-

46 684 284 740 primisque
315 683 445 725 etiam
478 682 579 723 belli
609 687 654 722 et
683 681 892 722 malarum
921 682 1078 722 artium
1108 681 1247 722 fuisse
1276 680 1399 737 igna-

46 756 140 794 ros,
198 746 351 796 utpote
389 739 676 796 frugaliores,
725 737 954 791 fortiores,
1014 737 1397 792 temperantiores,

45 798 262 840 iustiores.
332 795 626 849 Quamobrem
662 809 745 836 nec
774 793 1001 850 indiguere
1031 794 1204 851 legibus
1235 801 1311 835 aut
1339 794 1399 836 le-

45 870 146 912 gum
177 853 498 896 conditoribus:
539 852 838 907 sequebantur
877 852 992 893 enim
1022 866 1164 893 mores
1198 857 1243 892 et
1272 851 1398 892 insti-

46 918 139 953 tuta
183 926 284 964 sua,
319 910 408 951 alia.
449 909 557 951 nihil
588 909 813 951 curabant.
874 908 926 951 Si
951 924 1055 951 vero
1086 908 1311 963 quaeritur
1343 907 1399 950 de

46 968 214 1024 imperii
245 982 304 1012 ao
333 966 556 1024 regiminis
597 966 786 1020 ratione,
830 980 918 1020 qua
947 967 1015 1008 usi
1045 965 1148 1019 sint,
1190 965 1275 1007 fuit
1305 965 1396 1018 illa,

46 1026 83 1067 si
114 1024 220 1080 quid
261 1024 474 1080 suspicari
519 1024 644 1076 licet,
678 1029 931 1071 δυναστεία,
973 1022 1058 1064 hoc
1089 1029 1179 1076 est,
1225 1029 1396 1078 patrum

45 1081 230 1124 familias
305 1080 543 1123 dominatio
610 1079 1395 1135 (Patriarchalherrschaft)‚

46 1154 176 1194 quam
218 1137 347 1179 hodie
391 1151 565 1192 quoque
603 1136 751 1179 videre
782 1137 888 1178 licet
916 1137 1134 1193 propriam
1167 1152 1262 1179 esse
1293 1137 1396 1179 feris

47 1194 306 1251 quibusdam
345 1201 388 1236 et
426 1194 603 1236 incultis
646 1194 874 1250 gentibus,
917 1209 1135 1249 quamque
1178 1194 1399 1236 Homerus

45 1253 173 1295 etiam
213 1250 483 1308 Cyclopibus
519 1251 684 1292 tribuit.
755 1250 931 1307 Quippe
964 1251 1039 1292 illa
1077 1257 1127 1292 ut
1156 1256 1399 1303 uterentur,

47 1310 150 1351 fecit
186 1309 282 1365 ipsa
321 1323 463 1350 rerum
495 1307 712 1360 conditio,
754 1323 886 1362 quum
926 1308 1110 1364 sparsim
1151 1307 1402 1353 habitarent

47 1381 188 1421 neque
227 1366 271 1407 in
312 1381 446 1407 unum
498 1364 642 1407 locum
689 1365 946 1421 congregati
990 1365 1201 1407 viverent.
1282 1366 1403 1407 Inter

47 1421 289 1465 cuiusmodi
333 1419 531 1464 homines
571 1422 660 1463 fere
689 1422 753 1475 is,
795 1425 870 1477 qui
913 1422 1102 1463 maxima
1139 1428 1208 1464 est
1241 1429 1400 1476 aetate,

47 1480 334 1536 principatum
363 1485 511 1521 tenere
542 1479 653 1520 solet
683 1494 708 1520 a
732 1479 970 1521 maioribus
998 1486 1219 1534 tamquam
1248 1479 1401 1520 haere-

47 1537 185 1578 ditate
230 1542 467 1591 acceptum‘
500 1536 571 1592 (p.
612 1537 707 1578 678.
754 1537 809 1578 A.
849 1561 903 1566 —
935 1537 1031 1579 (380.
1077 1536 1176 1591 Ε).
1250 1539 1400 1591 Atque

47 1594 154 1636 haec
197 1592 389 1648 quidem*
410 1592 531 1633 fuere
569 1593 810 1637 communis
853 1593 1078 1635 societatis
1108 1593 1259 1646 initia,
1292 1608 1398 1635 con-

47 1651 202 1706 spicua
237 1650 312 1691 i'lla
355 1649 480 1704 quasi
519 1650 564 1690 in
613 1649 882 1705 singularum
921 1649 1136 1692 domibus.
1211 1649 1309 1693 *Sed
1347 1665 1428 1701 ex,

47 1707 249 1750 domibus
298 1707 439 1748 exorti
482 1711 585 1747 sunt
633 1706 858 1761 paullatim
903 1722 954 1748 ac
1004 1707 1139 1749 veluti
1178 1707 1399 1762 procreati

46 1764 159 1806 vici
211 1763 384 1818 (οἶκοι).
467 1761 644 1818 Quippe
700 1764 907 1818 temporis
963 1772 1201 1821 progressu
1251 1765 1399 1821 plures

48 1820 203 1862 domus
243 1834 294 1861 ac
330 1819 518 1861 familiae
555 1820 671 1860 inter
706 1820 825 1875 ipsas
852 1821 1098 1877 iunguntur
1133 1827 1265 1875 atque
1295 1837 1401 1863 con-

49 1877 294 1925 sociantur,
333 1891 420 1930 quo
458 1876 555 1930 ipso
599 1876 769 1929 evenit,
808 1882 858 1918 ut
899 1877 1131 1932 ampliores
1161 1885 1400 1920 nascantur

50 1933 270 1975 hominum
316 1932 644 1973 coniunctiones
685 1947 735 1973 ac
775 1934 1023 1976 societates.
1092 1934 1266 1975 Etenim
1295 1949 1399 1975 con-

51 1995 224 2032 vertunt
249 2003 344 2031 sese
374 1988 571 2030 homines
601 1988 787 2044 primum
819 1988 876 2030 ad
895 1989 1181 2031 exercendam
1209 1990 1399 2047 agricul-

49 2054 188 2089 turam
235 2046 285 2087 .in
331 2045 448 2101 iugis
486 2046 724 2098 montium,
775 2052 906 2101 atque
956 2047 1142 2088 ferarum
1191 2047 1398 2089 arcenda-

51 2119 144 2146 rum
175 2117 331 2145 caussa
358 2104 573 2143 extruunt
603 2103 885 2157 munimenta,
917 2103 1036 2145 unde
1067 2103 1257 2158 denique
1296 2119 1399 2146 exo-

51 2162 160 2202 ritur
216 2174 304 2201 una
359 2165 568 2213 tanquam
630 2173 787 2215 magna
843 2159 1022 2214 domus,
1094 2175 1224 2214 quam
1279 2167 1399 2204 recte

52 2217 178 2259 οἶκυν
225 2216 317 2258 sive
373 2215 552 2257 vicum
603 2215 777 2257 dixeris.
857 2216 909 2258 In
960 2216 1042 2258 hae
1089 2223 1233 2259 autem
1281 2233 1399 2261 com-

51 2273 236 2330 plurium
275 2271 500 2314 domorum
540 2273 849 2315 coniunctione
894 2274 1093 2330 singulae
1132 2281 1276 2317 tamen
1303 2275 1399 2318 'suo

51 2336 180 2385 atque
210 2329 386 2385 proprio
415 2334 596 2370 utuntur
624 2329 817 2383 domino,
848 2335 893 2372 et
921 2330 1096 2386 quidem
1126 2346 1194 2385 eo,
1224 2332 1300 2387 qui
1331 2348 1402 2375 ae-

53 2393 152 2431 tate,
169 2386 228 2427 sit
256 2385 492 2438 maximus,
531 2392 797 2441 tuenturque
838 2386 947 2429 adeo
987 2402 1091 2430 suos
1122 2388 1205 2431 sibi
1242 2405 1400 2443 mores,

53 2458 134 2485 sua
165 2442 396 2495 instituta,
436 2456 517 2484 sua
546 2442 733 2498 denique
765 2457 902 2486 sacra.
963 2443 1243 2502 Quapropter
1272 2447 1401 2488 etiam

54 2499 253 2555 singulae
298 2498 389 2540 suis
421 2509 551 2553 atque
581 2499 771 2555 propriis
802 2506 986 2543 utuntur
1004 2501 1187 2559 legibus.
1247 2505 1400 2558 Atque

54 2555 162 2598 haec
203 2561 270 2597 est
307 2554 382 2596 illa
418 2569 560 2597 rerum
598 2555 816 2611 conditio,
867 2557 913 2599 in
946 2573 1032 2613 qua
1075 2559 1399 2615 legumlationis

52 2612 176 2654 initia
214 2618 256 2654 et
293 2611 529 2667 primordia
567 2613 818 2668 quaerenda
841 2621 956 2656 sunt.
1014 2615 1135 2658 Fieri
1165 2617 1280 2659 enim
1309 2632 1398 2659 non

53 2675 212 2729 potest,
243 2668 350 2722 quin
382 2667 457 2722 qui
485 2668 571 2712 isto
601 2669 730 2712 modo
759 2670 913 2714 vivunt
938 2671 1055 2715 'inter
1083 2687 1131 2716 se
1161 2673 1399 2725 coniuncti,
