1612 2872
87 503 222 554 Δτιε

233 383 334 419 ’τως
367 372 606 423 ἐπιμελείας
642 370 721 420 τὰς
754 371 922 425 κόσμον
955 373 1174 430 φερούσας
1199 372 1486 416 ἀποδιδόναι·

253 126 333 166 αι
735 107 1105 170 PLATONIS
1404 92 1413 101 ”
1566 126 1585 131 “

253 238 527 293 προπάτορες
570 246 628 289 εὶς
673 239 775 289 τοὺς
808 239 955 283 αὐτῶν
989 242 1199 293 γεννητὰς
1234 244 1466 289 ἐτίθεσαν,
1505 242 1581 292 τάς

254 321 298 347 τε
331 299 388 347 αὖ
424 304 523 347 κατ’
566 303 768 347 ἐνιαυτὸν
814 308 900 348 τῶν
947 305 1028 358 ἤδη
1067 311 1184 356 τέλος
1219 307 1407 362 ἐχόντων
1441 306 1579 356 «igau-

1524 375 1581 427 τῷ

254 439 296 476 δὲ
333 451 392 488 μη
429 438 712 489 παραλείπειν
746 437 920 490 μνήμην
950 441 1142 494 ἐνδελεχῆ
1166 437 1462 492 παρεχόμενον
1486 438 1583 480 τού-

253 517 311 551 τω
345 499 523 553 μαλιστ
563 502 631 543 ἀεὶ
679 504 951 556 πρεσβευειν,
987 506 1187 556 δαπάνης
1224 498 1311 566 [τε]
1348 520 1427 554 της
1471 506 1583 546 διδο·

252 573 380 619 με’νης
413 564 499 608 ὑπὸ
535 565 665 622 τύχης
703 567 753 610 τὸ
791 576 967 623 ιιετριον
1002 578 1092 619 τοῖς
1125 569 1353 624 κεκμηκόσι
1386 575 1583 623 νέμοντα.

256 630 382 673 ταῦτ’
433 625 513 674 οὖν
561 635 792 682 ποιοῦντες
838 652 908 676 και
954 636 1066 677 κατὰ
1096 632 1254 678 ταῦτα
1302 637 1455 686 ζῶντες
1488 634 1584 677 ἐκοί-

254 712 378 739 στοτε
422 701 593 740 ἕκαστοι
639 698 717 750 τὴν
765 700 894 750 ἀξίαν
937 698 993 743 ἂν
1042 700 1161 759 παρὰ
1210 702 1330 743 θεῶν
1375 703 1447 743 καὶ
1489 698 1585 743 ὅσοι

346 862 385 892 Ε.
434 870 493 892 εις
518 859 620 893 τοὺς
644 859 781 893 αὐτώι
807 874 836 904 γ.
847 863 856 903 ]
882 873 930 894 εις
955 864 1060 905 vulgo
1084 858 1280 905 neglectum
1304 862 1423 895 addidi
1447 870 1489 892 ex
1507 860 1583 892 Par.

255 905 293 937 B.
319 907 376 946 qui
403 911 488 938 teste
514 906 634 939 Bastio
660 908 710 939 ita
739 908 902 948 scriptum
933 910 1093 949 exhibet,
1117 916 1150 941 et
1181 920 1222 941 ex
1251 909 1347 940 Voss.
1379 907 1415 939 ln
1440 906 1518 939 Vat.
1546 902 1584 936 Ω

254 955 341 982 teste
366 951 486 982 Bastio
523 953 614 983 idem
648 963 690 983 ex
725 963 813 984 corr.
846 954 1011 985 additum.
1057 934 1198 987 Dudum
1229 954 1404 992 voculam,
1433 952 1536 982 etiam
1565 960 1586 983 a

258 996 364 1028 Bekk.
390 1001 423 1027 et
447 995 660 1029 Schneidero
686 999 890 1038 neglectam,
915 998 1111 1039 Stephanus
1137 999 1358 1032 desideravit.
1401 996 1468 1029 Pro
1494 996 1585 1036 vulg.
1603 1025 1612 1044 ,ἲ

255 1039 417 1082 γεννήτας
441 1042 597 1074 dedimus
622 1041 791 1084 γεννητάε.
820 1054 847 1074 v.
874 1045 918 1075 ad
944 1043 1075 1077 Criton.
1099 1044 1156 1080 51.
1181 1046 1219 1076 E.
1245 1045 1298 1076 ed.
1321 1042 1353 1076 4

254 1195 433 1226 suspenso·
491 1187 575 1219 Alia
618 1188 771 1219 eiusdem
805 1199 883 1228 eou-

254 1231 459 1263 structionis
483 1233 641 1273 exempla
663 1238 760 1266 sunt:
787 1234 882 1265 Libr.

255 1276 318 1307 VI.
342 1286 376 1316 p.
401 1275 478 1309 759.
504 1276 545 1307 Β.
573 1277 648 1311 760.
672 1278 715 1309 Ε.
742 1278 816 1312 777.
842 1280 882 1310 Ε.

254 1322 312 1353 ubi
326 1330 370 1352 -v.
394 1330 472 1352 aun.
486 1321 552 1352 IX.
570 1333 603 1363 p.
618 1322 695 1356 877.
712 1324 757 1354 A.
782 1324 884 1355 VIII.

254 1376 288 1406 p.
314 1364 393 1399 828.
409 1365 447 1396 C.
472 1365 550 1400 848.
577 1367 615 1398 O.
651 1368 769 1400 Minus
794 1374 886 1401 reete

254 1412 323 1443 loci
333 1411 571 1443 difficultatem
586 1414 763 1453 expedivit.
773 1415 805 1445 A
814 1425 829 1445 s
839 1419 852 1444 t
860 1415 888 1445 i-

254 1466 323 1496 us,
370 1458 467 1487 cuius
509 1458 716 1489 sententiam
759 1459 889 1491 referre

253 1503 360 1545 piget.
393 1501 486 1532 Dein
510 1512 572 1542 pro
601 1504 666 1534 τῶν
686 1503 890 1542 εἰθισμένων

257 1544 371 1588 ὄγκων
385 1546 477 1578 idem
490 1549 543 1578 vir
557 1548 679 1580 doetus
705 1549 888 1589 legendum

257 1593 407 1623 coniecit
444 1589 504 1623 τὸν
545 1592 742 1632 εἰθισμένον
772 1593 888 1636 ὄγκον,

257 1638 351 1677 quod
373 1637 477 1668 habet
501 1636 526 1668 S
542 1642 588 1669 to
605 1639 624 1669 b
639 1649 660 1671 a
674 1649 692 1670 e
707 1649 768 1670 us.
814 1639 888 1671 Nec

255 1686 370 1713 tamen
428 1683 669 1714 auctoritatem
731 1684 889 1715 codicum

260 1726 519 1758 Platonicorum
542 1737 625 1768 prae
640 1727 791 1760 Stobaeo
808 1739 889 1760 eon-

258 1772 476 1803 temnendam
521 1774 749 1813 arbitramur,
789 1784 886 1814 prae-

257 1818 376 1849 sertim
409 1827 514 1857 quum
543 1814 756 1859 ὑπεραίρειν,
786 1819 888 1850 sicuti

257 1862 329 1893 alia
351 1862 388 1892 id
411 1871 520 1902 genus
551 1863 676 1902 verba,
701 1869 794 1895 recte
825 1874 888 1904 po-

258 1907 364 1938 tuerit
395 1917 471 1937 cum
502 1909 657 1947 genitivo
683 1910 887 1940 consociari.

260 1952 351 1983 conf.
378 1951 593 1985 Matthiae
618 1952 677 1985 Gr.
703 1953 733 1994 ξ.
759 1954 839 1988 358.
857 1954 889 1987 2-

261 1997 353 2028 Dein
384 2002 592 2029 structuram
622 1999 807 2030 verborum
832 2009 889 2030 ex-

259 2043 380 2082 pedias
416 2044 487 2095 sie:
517 2039 593 2084 μήτ’
631 2042 821 2075 ἐλλείποντα
857 2055 891 2075 τι

263 2087 408 2124 τούτων,
431 2085 452 2119 ἃ
478 2086 515 2118 οἱ
543 2087 758 2131 προπάτορες
782 2088 891 2122 ἑτίθε·

264 2143 326 2164 σαν
361 2131 409 2163 εἰς
440 2134 576 2173 (quod
614 2135 778 2166 a-ttinet
814 2134 888 2176 ad)

263 2187 344 2209 τους
386 2177 515 2208 ἑαυτῶν
562 2179 735 2220 γεννητοίς.
799 2182 892 2212 Ante

263 2221 344 2254 τούς
367 2222 497 2254 ἑαυτων
523 2222 685 2266 γεννητάς
711 2226 815 2266 vulgo
845 2225 892 2256 sis

261 2270 397 2307 deerat,
446 2269 541 2309 quod
591 2271 802 2302 restituimus
850 2281 892 2302 ex

264 2313 344 2344 Par.
359 2313 400 2343 B.
426 2318 460 2344 et
485 2313 581 2346 Voss.
628 2315 891 2347 Restituendum

262 2358 397 2389 viderat
420 2358 549 2389 dudum
584 2361 686 2392 etiam
714 2359 890 2401 Stepha-

264 2412 360 2441 nus,
400 2407 437 2432 ut
482 2404 645 2436 miremur
683 2405 891 2437 'suricenses

261 2448 350 2480 illud
371 2453 607 2488 aspernantes.
654 2451 892 2482 Memorabilis

262 2503 346 2524 vero
370 2492 427 2524 hio
449 2493 546 2524 locus
570 2500 638 2533 est,
662 2506 706 2527 ex
743 2494 811 2537 {3110
835 2506 894 2537 ap-

264 2541 373 2579 paret,
386 2539 592 2578 sepulcralia
609 2542 775 2580 quaedam
792 2548 891 2573 saera

261 2589 365 2625 atque
394 2586 494 2617 'iusta
527 2586 630 2616 certis
667 2583 825 2624 gentibus
854 2597 893 2618 ac

262 2629 404 2662 familiis
432 2629 622 2662 interdum·
650 2631 758 2662 fuisse
775 2631 892 2671 “priva

263 2680 366 2716 atquo
390 2675 541 2717 propria.
558 2676 648 2708 cons.
674 2676 778 2707 etiam
795 2676 888 2707 Libr.

951 1191 996 1222 X.
1011 1191 1058 1221 in.

1107 1189 1177 1220 Pro
1203 1188 1295 1229 vulg.
1324 1185 1486 1229 γεννήτας
1510 1196 1586 1218 cum

952 1236 1189 1266 Hermanno
1228 1234 1430 1265 refinximus
1462 1242 1581 1273 γεννη-

953 1278 1021 1317 teis,
1042 1280 1085 1311 de
1110 1289 1178 1320 quo
1202 1289 1322 1310 errore
1347 1279 1479 1319 primus
1513 1286 1586 1308 mo-

952 1327 1028 1357 nuit
1059 1324 1264 1355 Dindorf.
1296 1324 1340 1356 ad
1373 1322 1585 1363 Stephani

951 1371 1121 1402 Thesaur.
1161 1369 1262 1409 Ling.
1301 1368 1361 1400 Gr.
1408 1368 1464 1399 ed.
1505 1366 1584 1398 Par.

952 1416 1031 1448 Vol.
1057 1415 1098 1447 ll.
1123 1424 1157 1455 p.
1180 1414 1260 1447 573.
1309 1413 1413 1456 Nam,
1429 1411 1586 1454 γεννῆται

955 1466 1036 1493 sunt
1081 1460 1291 1500 gentiles,
1334 1459 1396 1490 sed
1432 1457 1589 1509 γεννηταί

956 1506 1198 1547 genitores,
1225 1505 1284 1545 qui
1308 1504 1341 1534 h.
1359 1504 1381 1534 1.
1407 1503 1586 1543 requirun-

955 1556 1022 1583 tur.
1068 1550 1200 1582 Eadem
1233 1549 1391 1580 confusio
1423 1551 1492 1579 est
1500 1546 1585 1578 Crit.

955 1607 988 1637 p.
1012 1596 1068 1630 51.
1098 1595 1139 1626 Ε.
1173 1594 1232 1624 ubi
1261 1603 1351 1625 unus
1385 1594 1460 1624 eod.
1496 1601 1584 1623 corr.

956 1651 1036 1672 vere
1060 1641 1245 1692 γεννηταῖε.

999 1685 1042 1716 Ε.
1091 1681 1162 1715 τάς
1191 1693 1232 1713 τε
1260 1676 1311 1714 αὖ
1336 1677 1424 1711 κατ’
1449 1679 1584 1711 ἐνιαυ-

956 1728 1033 1760 τὸν
1058 1729 1120 1770 -]
1153 1729 1248 1759 Haec
1281 1736 1420 1767 quoque
1444 1725 1586 1766 perinde

956 1775 1223 1814 subiunguntur,
1247 1781 1287 1804 ac
1312 1772 1342 1803 si
1364 1770 1588 1802 antecesserit

957 1816 1130 1850 κάλλιστόν
1145 1816 1245 1849 ἐστιν.
1272 1834 1306 1839 —-
1331 1816 1408 1847 τῶν
1433 1813 1507 1856 ἥδη
1533 1814 1585 1845 τέ-

952 1865 1026 1908 ,λοε
1061 1862 1263 1904 ἑχόντων,
1297 1866 1588 1899 mortuorum,

958 1913 1023 1941 τῶν
1048 1905 1323 1949 τελευτησάντων,
1346 1906 1492 1945 derer,
1522 1905 1587 1936 die

959 1955 1089 1987 sehon
1144 1953 1372 1984 vollendet
1432 1950 1586 1981 haben.

958 2000 1055 2032 Libr.
1084 1999 1120 2030 V.
1134 2009 1167 2038 p.
1187 1997 1264 2032 740.
1281 1996 1328 2028 C:
1352 1995 1418 2026 τῶν
1447 1994 1482 2026 δὲ
1504 1993 1586 2035 ζών-

960 2056 1025 2076 των
1050 2045 1102 2075 καὶ
1129 2041 1237 2075 ὅσους
1268 2053 1310 2073 αν
1335 2038 1398 2081 ἤδη
1424 2040 1516 2071 τέλος
1539 2038 1591 2071 εἰς

960 2088 1019 2122 τὸν
1045 2087 1118 2121 τότε
1141 2086 1266 2142 χρόνον
1291 2086 1358 2126 ἔχῃ.
1382 2085 1443 2116 VI.
1461 2096 1494 2126 p.
1509 2084 1587 2118 772.

959 2135 1008 2167 B.
1033 2136 1158 2176 ζῶντος
1182 2133 1241 2173 μὲν
1256 2132 1318 2163 τοῦ
1341 2127 1504 2169 τάξαντος
1528 2141 1585 2159 νο-

959 2180 1112 2220 μοθέτου
1137 2179 1243 2218 κοινῇ,
1268 2176 1361 2208 τέλος
1385 2173 1421 2205 δὲ
1446 2173 1588 2215 σχόντος

961 2237 989 2257 κ.
1016 2230 1040 2257 τ
1071 2226 1098 2256 λ.
1127 2224 1197 2256 V11;
1221 2234 1255 2264 p.
1285 2221 1364 2256 801.
1388 2220 1430 2251 Ε.
1461 2217 1589 2251 ὁπόσοι

961 2271 1054 2302 τέλος
1087 2268 1194 2309 ἔχοιεν
1240 2267 1302 2298 τοῦ
1350 2265 1444 2306 βίου.
1495 2259 1585 2300 Mox

959 2317 1064 2348 iidem
1104 2314 1206 2346 simili
1250 2311 1483 2353 euphemismo
1526 2320 1586 2341 vo-

960 2362 1082 2393 ca‘ntur
1115 2359 1151 2390 οἱ
1179 2354 1396 2398 κεκμηκότες,
1427 2355 1585 2386 labori-

960 2407 1036 2438 bus
1062 2409 1102 2436 et
1122 2403 1336 2436 aerumnis
1356 2401 1479 2431 vitae
1498 2409 1586 2440 per-

961 2450 1125 2489 functi,
1145 2454 1182 2480 ut
1205 2448 1273 2480 XI.
1324 2445 1434 2478 ..927
1457 2444 1503 2476 B:
1529 2442 1587 2475 τὰς

962 2473 1376 2535 τῶνκεκμηκότωνψυχάε.
1395 2489 1584 2530 Thucyd.

960 2542 1024 2573 111
1049 2540 1111 2574 59:
1143 2539 1197 2570 καὶ
1229 2532 1481 2573 έπικαλούμεθῖι
1504 2532 1612 2576 ’τοὺςΔ

961 2583 1174 2626 κεκμηκότας.
1220 2581 1416 2620 Aeschyl.
1465 2578 1584 2619 Suppl.

960 2642 991 2662 v.
1017 2629 1092 2682 149.
1118 2630 1273 2669 Eurip.
1299 2625 1429 2657 T.road
1461 2635 1492 2655 v.
1515 2623 1583 2657 96·

960 2673 1066 2707 ricmis·
1097 2686 1129 2706 τε
1163 2671 1316 2713 τύμβους
1342 2666 1394 2704 θ’Ῐ,
1433 2666 1487 2708 ι’ρὰ
1522 2667 1586 2699 τῶι
