1612 2872
270 104 350 146 DE
385 99 661 147 LEGIBUS
696 103 815 147 LIB.
848 102 908 147 ΙΙ.
942 102 991 148 P.
1025 103 1122 146 659.
1155 102 1220 147 St.
1352 105 1430 149 179

69 224 224 278 βελτίω
256 223 346 265 τῶν
381 220 532 265 αὐτῶν
566 221 704 274 ἠθῶν
738 219 994 272 ἀκούοντας
1027 222 1182 277 βελτίω
1207 218 1289 274 τὴν
1325 219 1432 274 ἡδο-

71 288 154 342 νὴν
192 289 346 344 ἴσχειν,
395 290 479 332 νῦν
513 287 669 339 αὐτοῖς
705 290 840 347 δρῶσι
884 289 978 331 πᾶν
1014 287 1287 332 τούναντίον
1321 288 1428 344 ξυμ-

68 358 225 411 βαίνει.
263 359 306 398 τί
340 356 444 398 ποτ’
502 349 584 400 οὖν
620 354 727 411 ἡμῖν
764 354 816 398 τὰ
855 357 936 398 νῦν
971 348 1031 398 αὖ
1063 357 1429 415 διαπερανθέντα

70 424 130 478 τῷ
165 420 283 477 λόγῳ
320 427 549 477 σημαίνειν
585 422 828 477 βούλεταις
863 421 1119 475 σκοπεῖσθ’,
1155 425 1192 466 εὶ
1228 419 1345 467 τόδε.

172 521 274 565 ΚΛ.
354 520 414 565 Τὸ
453 530 615 575 noim),-

171 623 268 665 ΛΘ.
340 626 467 665 Δοκεῖ
511 639 588 678 μοι
632 624 786 677 τρίτον
822 618 850 674 ἢ
889 627 1104 678 τέταρτον
1140 621 1164 666 ὁ
1199 620 1332 677 λόγος
1367 627 1428 673 εὶς

7 685 10 693 ’
68 686 237 732 ταύτὸν
280 687 624 747 περιφερόμενος
667 686 811 740 ἥκειν,
865 686 923 738 ὡς
977 687 1069 744 ἄρα
1126 691 1306 735 παιδεία
1348 693 1427 744 μέν
1456 702 1500 743 D

66 753 168 799 ἐσθ’
220 754 247 808 ἡ
293 758 462 798 παίδων
514 754 623 808 ὁλκή
670 771 716 797 τε
760 756 834 797 καὶ
878 754 1030 810 ἀγωγὴ
1078 754 1192 813 πρὸς
1228 753 1308 799 τὸν
1337 754 1426 800 ὑπὸ

6 847 7 850 =
66 824 147 866 τοῦ
185 821 327 878 νόμου
374 819 508 876 λόγον
553 819 707 879 ὀρθὸν
743 825 973 878 εἰρημένον
1007 824 1079 865 καὶ
1116 830 1211 872 τοῖς
1246 828 1426 866 ἐπιεικε-

0 926 2 952 4
68 887 223 941 ςοίτοις
259 891 330 932 καὶ
368 890 692 945 πρεσβυτάτοις
725 886 784 931 διῗ
819 893 1049 947 ἐμπειρίαν
1082 889 1427 946 ξυνδεδογμένον

0 953 3 968 ²
68 955 126 1008 ὡς
159 954 299 1007 ὅντως
336 954 484 1014 ὀρθός
528 961 643 1006 ὲςιν·
681 954 737 999 ἵν’
788 948 870 998 οὖν
906 954 932 1009 ἡ
970 954 1089 1016 ψυχὴ
1136 958 1219 1002 τοῦ
1266 954 1428 1007 παιδὸς

66 1022 123 1080 μὴ
163 1027 341 1067 ἐναντία
374 1027 544 1080 χαίρειν
580 1025 652 1067 καὶ
682 1024 927 1066 λυπεῖσθαι
963 1025 1171 1077 ἐθίζηται
1205 1024 1266 1079 τῷ
1304 1022 1426 1080 νόμῳ

66 1154 303 1188 consentiente
332 1154 451 1193 Augei.

73 1243 103 1277 Ω
137 1204 140 1207 ’
161 1196 463 1279 σιξοΙπεῑσιΨδεί
486 1198 621 1243 ιόδε.]
648 1200 693 1239 εἰ,
720 1201 815 1242 quod
843 1202 947 1243 vulgo
971 1200 1110 1241 aberat,
1135 1199 1288 1234 additum
1315 1210 1358 1234 ex
1382 1202 1428 1235 A.

105 1256 168 1278 .v.
210 1272 218 1280 .
255 1256 384 1280 ».r.a.
435 1256 502 1279 .ο.

70 1368 152 1391 vero
197 1358 315 1390 omnia
353 1359 631 1391 accommodavit
670 1358 714 1390 nd

69 1405 172 1438 verba
191 1403 409 1437 intermedia.
439 1402 596 1448 καθάπερ
616 1401 635 1436 ὁ
653 1403 714 1436 Σι-

72 1449 204 1482 κελικός
229 1469 274 1473 -
298 1447 416 1506 vo'pr,y
443 1450 592 1493 ideoque
609 1451 712 1483 etiam

72 1496 275 1528 interseruit
299 1494 505 1536 ε’πιτρέπωνε
538 1508 579 1529 ac
614 1507 714 1538 prae-

71 1546 168 1575 terea
195 1542 302 1574 etiem
331 1541 493 1574 adhibitis
524 1543 714 1585 participiis

71 1588 263 1621 orationem
297 1588 468 1620 contraxit
499 1589 531 1620 in
558 1590 712 1629 brevius,

71 1633 212 1666 dicens:
240 1630 429 1676 ἐπιτρέπων
455 1634 508 1665 καὶ
528 1634 713 1677 διακρίνων

72 1677 295 1722 διέφθαρκεν.
347 1679 504 1713 Pessime
535 1680 620 1714 haec
651 1691 711 1713 ex-

71 1725 203 1768 pedivit
230 1724 403 1765 Antius,
433 1726 491 1767 qui
516 1737 621 1769 quum
649 1727 713 1760 alin

71 1771 237 1810 turbavit
262 1775 333 1803 tum
360 1771 542 1812 legendum
559 1773 711 1805 censuit:

73 1815 181 1859 νόμῳ,
209 1813 267 1854 ὅς,
293 1813 453 1859 καθάπερ
478 1828 507 1849 κ.
535 1830 561 1852 τ.
578 1819 605 1849 λ.
640 1818 714 1851 Nec

784 1359 1057 1401 voluptatem
1105 1364 1295 1402 pangunt
1336 1369 1426 1393 cer·

784 1405 903 1437 mina.
940 1404 1000 1438 Sic
1026 1408 1136 1436 ποιεῖν
1156 1405 1307 1448 positum
1324 1406 1424 1449 Apol.

783 1451 883 1482 Soer.
911 1462 942 1492 ρ.
972 1450 1028 1484 22.
1056 1450 1096 1483 C.
1119 1450 1176 1484 De
1202 1451 1292 1494 Rep.
1319 1453 1366 1484 X.
1390 1462 1424 1493 ρ.

781 1496 862 1532 598.
892 1497 931 1529 Ε
959 1495 1091 1529 ΡΙιιιεά.
1118 1507 1151 1538 Ρ.
1177 1496 1233 1531 60.
1252 1497 1293 1529 D.
1309 1497 1366 1532 61.
1382 1496 1426 1529 B

830 1543 910 1574 νῦν
941 1539 1096 1575 αυτοῖς
1125 1541 1280 1585 δρωσι]
1313 1543 1429 1577 Recte

784 1589 958 1620 Astius·
983 1584 1139 1627 „Adron”
1162 1587 1326 1631 δρωσι-
1343 1598 1427 1629 συμ·

781 1634 894 1675 βαίνει
935 1633 1028 1668 idem
1067 1639 1122 1667 est
1156 1634 1280 1689 quodx
1329 1631 1429 1667 av'tol

782 1678 932 1722 δρωντες
975 1683 1080 1712 τοῦτο
1118 1677 1301 1721 πάσχουσι.
1357 1681 1428 1714 So-

781 1727 854 1759 lent
878 1736 962 1759 vero
987 1725 1074 1768 δρᾶν
1097 1737 1125 1759 s.
1152 1726 1276 1769 δρᾶσαι
1301 1731 1338 1761 et
1363 1724 1428 1759 πά-

782 1782 874 1813 σχειν
898 1783 926 1804 s.
953 1772 1082 1804 παθεῖν
1112 1772 1203 1806 inter
1233 1783 1273 1806 se
1297 1772 1429 1815 opponi

782 1823 818 1851 et
842 1818 909 1850 sibi
939 1818 1165 1861 respondere.
1170 1820 1195 1836 “
1243 1818 1430 1852 Addidisse

781 1863 913 1896 iuvabit
965 1865 1097 1906 aliquot
1149 1863 1199 1896 rei
1257 1865 1429 1919 exempla.

787 1908 995 1962 Aeschyl.
1040 1909 1140 1942 Eum.
1189 1919 1220 1940 v.
1264 1909 1350 1944 868:
1389 1903 1429 1941 εὖ

785 1952 924 2006 δρῶσαν
955 1948 995 1986 εὖ
1028 1952 1232 1995 πάσχουσαν
1260 1949 1301 1988 εὖ
1327 1965 1427 1995 τιμω-

784 1999 889 2041 μένην
928 1997 1042 2041 χώρας
1082 2003 1268 2041 μετασχεῖν.
1316 1999 1428 2033 Choe-

786 2045 884 2087 phor.
895 2055 924 2078 v
936 2045 1024 2080 313:
1038 2043 1200 2088 δράσαντι
1214 2045 1351 2086 παθεῖν,
1360 2058 1427 2090 τρι-

789 2090 902 2133 γέρων
925 2091 1046 2130 μῦθος
1071 2089 1149 2124 τάδε
1164 2095 1283 2147 φ”ωνεῖ.
1306 2097 1428 2135 Agam.

788 2137 895 2173 1527:
921 2135 1000 2177 ἄξια
1025 2135 1156 2179 δράσας
1176 2135 1256 2179 ἄξια
1277 2137 1428 2179 πάσχων.

787 2182 1003 2218 Herodot.
1034 2183 1093 2216 lV.
1117 2184 1158 2220 5:
1194 2182 1316 2227 διέγνω
1347 2182 1428 2226 δρα-

789 2231 849 2261 σαί
870 2241 900 2260 ιι
926 2226 947 2271 ἢ
973 2229 1099 2262 παθεῖν
1123 2234 1294 2285 γενναῖον.
1319 2229 1429 2263 'shu-

788 2274 878 2317 cyd.
906 2275 968 2308 Vl.
993 2275 1057 2310 35.
1092 2274 1249 2333 δράσειεν
1280 2276 1336 2309 καὶ
1369 2274 1430 2308 ἄν·

74 1863 199 1896 melius
241 1872 314 1894 rem
355 1863 464 1917 gessit
502 1862 647 1896 Wnnrk
658 1865 713 1896 el

74 1917 275 1947 mannus,
310 1907 369 1949 qui
397 1918 441 1939 ου
465 1908 613 1950 negandi
638 1919 715 1950 par-

74 1954 229 1993 ticulam,
256 1956 336 1986 ante
361 1950 521 1995 καθάπερ
546 1954 717 1987 excidisse

74 1999 208 2038 statuit,
236 2008 306 2040 quo
335 2005 534 2032 commento
559 2003 714 2042 apertum

75 2049 130 2078 est
154 2044 305 2077 universi
331 2045 397 2077 loci
422 2046 626 2078 sententiam
655 2045 716 2078 mi-

75 2100 150 2124 rum
177 2090 210 2122 in
237 2089 380 2122 modum
417 2092 566 2132 perverti
591 2102 632 2124 ec
658 2090 716 2123 de-

77 2135 230 2180 pravari,
269 2140 307 2168 ut
340 2136 465 2168 mirum
498 2137 544 2169 sit
579 2137 619 2170 C.
652 2137 716 2169 Fr.

77 2182 371 2215 Hermannum
398 2183 452 2215 vel
482 2181 599 2215 invitis
624 2183 719 2215 libris

80 2227 423 2260 winckelmenni
473 2229 642 2261 rationem
685 2229 718 2261 in

79 2272 161 2306 edit.
195 2271 368 2305 Teubner.
408 2278 591 2315 sequutum
626 2285 716 2308 esse

79 2319 246 2352 Ceterum
305 2317 512 2361 ἐπιτρέπων,
557 2321 717 2354 absolute

79 2368 115 2398 et
148 2364 220 2397 sine
250 2364 396 2398 nominis
428 2367 628 2399 accusativo
654 2376 714 2408 ρο-

81 2410 205 2448 situm,
239 2408 296 2441 ubi
328 2405 416 2442 αιτᾶ
445 2412 589 2454 intelligi
625 2413 719 2452 licet,

82 2456 166 2487 satis
204 2455 441 2545 illustrabuntp
460 2463 547 2499 quae
584 2458 719 2491 notavi-

81 2510 154 2534 mus
191 2499 235 2532 ad
265 2501 386 2543 Gorg.
446 2503 567 2538 5.12.
601 2504 643 2536 D.
686 2507 721 2536 et

81 2556 171 2588 quae
195 2546 335 2586 collegit
364 2512 579 2582 Wurmius
612 2549 718 2582 Com

81 2591 525 2649 mentar.i··1)inarch.p
550 2596 596 2631 60
620 2606 695 2637 sqq.

127 2637 169 2670 C.
219 2633 324 2679 πρὸε
356 2636 431 2682 γὰρ
456 2638 530 2682 τὴν
554 2660 598 2666 --
623 2639 718 2683 ἦδο-

82 2681 159 2725 νὴν
183 2683 418 2728 ποιοῦσιν]
442 2686 491 2718 ad
519 2686 717 2720 iudicum

788 2318 980 2353 τιπάθοιεν.
1029 2321 1154 2364 Itaque
1185 2319 1306 2355 αυτοῖς
1339 2320 1429 2364 δρῶ-

788 2376 852 2405 σιν,
871 2367 981 2409 ipsis
1006 2367 1050 2400 id
1075 2368 1319 2411 agentibus,
1336 2369 1429 2401 idem

791 2417 844 2445 est
884 2412 976 2454 quod
1017 2412 1126 2455 ipsis
1173 2424 1253 2448 sua
1301 2416 1430 2457 culpa

790 2459 984 2502 obtingit
1011 2461 1291 2493 contrarium.

834 2504 976 2536 Δοκεῖ
1011 2515 1082 2545 μοι
1120 2508 1276 2548 τρίτον
1316 2503 1339 2548 ἢ
1373 2504 1430 2537 τὲ-

791 2561 946 2593 ταρτον
976 2550 1039 2594 -]
1080 2551 1216 2586 Locum
1248 2551 1434 2594 exscripsit

789 2596 1007 2630 Eusebius
1032 2596 1158 2641 Praep.
1182 2598 1350 2633 Ev.X11.
1377 2597 1434 2653 20.

790 2653 822 2684 Ρ.
848 2642 927 2678 594.
954 2646 998 2675 A.
1031 2652 1140 2685 usque
1170 2644 1215 2678 ad
1239 2645 1346 2678 verbs
1373 2639 1431 2685 ὀρ-

791 2685 868 2722 θῶς
892 2692 1003 2722 ποιεῖν
1028 2699 1061 2731 Ρ.
1087 2689 1167 2725 660
1193 2691 1239 2723 A·

1058 2747 1167 2787 12*
