<?xml version="1.0" encoding="UTF-8"?>
<!DOCTYPE html PUBLIC "-//W3C//DTD XHTML 1.0 Transitional//EN"
    "http://www.w3.org/TR/xhtml1/DTD/xhtml1-transitional.dtd">
<html xmlns="http://www.w3.org/1999/xhtml" xml:lang="en" lang="en">
 <head>
  <title>
</title>
<meta http-equiv="Content-Type" content="text/html;charset=utf-8" />
  <meta name='ocr-system' content='tesseract 3.04.00' />
  <meta name='ocr-capabilities' content='ocr_page ocr_carea ocr_par ocr_line ocrx_word'/>
</head>
<body>
  <div class='ocr_page' id='page_1' title='image "./s1operaomniarece10platuoft_0381.png"; bbox 0 0 1612 2872; ppageno 0'>
   <div class='ocr_carea' id='block_1_1' title="bbox 170 78 1419 126">
    <p class='ocr_par' dir='ltr' id='par_1_1' title="bbox 170 78 1419 126">
     <span class='ocr_line' id='line_1_1' title="bbox 170 78 1419 126; baseline -0.002 -2"><span class='ocrx_word' id='word_1_1' title='bbox 170 82 253 124; x_wconf 84' lang='lat' dir='ltr'><strong>DE</strong></span> <span class='ocrx_word' id='word_1_2' title='bbox 285 80 566 126; x_wconf 79' lang='lat' dir='ltr'>LEGIBUS</span> <span class='ocrx_word' id='word_1_3' title='bbox 595 79 716 126; x_wconf 87' lang='lat' dir='ltr'><strong>LIB.</strong></span> <span class='ocrx_word' id='word_1_4' title='bbox 749 78 810 124; x_wconf 91' lang='lat'><strong>11.</strong></span> <span class='ocrx_word' id='word_1_5' title='bbox 841 80 890 123; x_wconf 88' lang='lat' dir='ltr'><strong>P.</strong></span> <span class='ocrx_word' id='word_1_6' title='bbox 923 81 1019 122; x_wconf 77' lang='lat'><strong>665.</strong></span> <span class='ocrx_word' id='word_1_7' title='bbox 1053 79 1148 123; x_wconf 80' lang='lat'><strong>666.</strong></span> <span class='ocrx_word' id='word_1_8' title='bbox 1181 79 1247 123; x_wconf 81' lang='lat' dir='ltr'><strong>St.</strong></span> <span class='ocrx_word' id='word_1_9' title='bbox 1339 81 1419 122; x_wconf 83' lang='lat'><strong>201</strong></span> 
     </span>
    </p>
   </div>
   <div class='ocr_carea' id='block_1_2' title="bbox 66 197 1435 993">
    <p class='ocr_par' dir='ltr' id='par_1_2' title="bbox 181 197 1040 255">
     <span class='ocr_line' id='line_1_2' title="bbox 181 197 1040 255; baseline -0.006 -10"><span class='ocrx_word' id='word_1_10' title='bbox 181 201 286 245; x_wconf 85' lang='lat' dir='ltr'><strong>KA.</strong></span> <span class='ocrx_word' id='word_1_11' title='bbox 317 197 673 255; x_wconf 79' lang='grc' dir='ltr'><em>Ἀναγκαιότατα</em></span> <span class='ocrx_word' id='word_1_12' title='bbox 705 202 858 254; x_wconf 80' lang='grc' dir='ltr'><em>μέντοι</em></span> <span class='ocrx_word' id='word_1_13' title='bbox 894 200 1040 252; x_wconf 81' lang='grc' dir='ltr'><strong>λέγεις.</strong></span> 
     </span>
    </p>

    <p class='ocr_par' dir='ltr' id='par_1_3' title="bbox 66 259 1435 993">
     <span class='ocr_line' id='line_1_3' title="bbox 182 259 1434 321; baseline -0.002 -11"><span class='ocrx_word' id='word_1_14' title='bbox 182 268 279 311; x_wconf 85' lang='grc' dir='ltr'><strong>ΑΘ.</strong></span> <span class='ocrx_word' id='word_1_15' title='bbox 316 268 424 318; x_wconf 85' lang='grc' dir='ltr'><strong>Πῶς</strong></span> <span class='ocrx_word' id='word_1_16' title='bbox 458 259 741 316; x_wconf 44' lang='lat' dir='ltr'><strong>abamita&amp;</strong></span> <span class='ocrx_word' id='word_1_17' title='bbox 776 262 1215 321; x_wconf 74' lang='grc' dir='ltr'><strong><em>παραμυθησόμεθα</em></strong></span> <span class='ocrx_word' id='word_1_18' title='bbox 1249 263 1434 321; x_wconf 79' lang='grc' dir='ltr'><em>προθύ-</em></span> 
     </span>
     <span class='ocr_line' id='line_1_4' title="bbox 75 326 1434 390; baseline -0.001 -14"><span class='ocrx_word' id='word_1_19' title='bbox 75 349 187 390; x_wconf 85' lang='grc' dir='ltr'><em>μους</em></span> <span class='ocrx_word' id='word_1_20' title='bbox 228 333 340 378; x_wconf 67' lang='lat' dir='ltr'><strong>elma</strong></span> <span class='ocrx_word' id='word_1_21' title='bbox 375 332 488 389; x_wconf 86' lang='grc' dir='ltr'><strong>πρὸς</strong></span> <span class='ocrx_word' id='word_1_22' title='bbox 534 332 616 383; x_wconf 82' lang='grc' dir='ltr'><strong>τὰς</strong></span> <span class='ocrx_word' id='word_1_23' title='bbox 661 331 805 388; x_wconf 80' lang='grc' dir='ltr'><em>ᾠδάς;</em></span> <span class='ocrx_word' id='word_1_24' title='bbox 851 326 930 388; x_wconf 79' lang='grc' dir='ltr'><strong>ἆρ’</strong></span> <span class='ocrx_word' id='word_1_25' title='bbox 971 331 1024 376; x_wconf 80' lang='grc' dir='ltr'><em>οὐ</em></span> <span class='ocrx_word' id='word_1_26' title='bbox 1061 333 1434 387; x_wconf 59' lang='grc' dir='ltr'><em>νομοθετήσομεν</em></span> 
     </span>
     <span class='ocr_line' id='line_1_5' title="bbox 77 397 1432 457; baseline 0 -14"><span class='ocrx_word' id='word_1_27' title='bbox 77 403 258 457; x_wconf 83' lang='grc' dir='ltr'><em>πρῶτον</em></span> <span class='ocrx_word' id='word_1_28' title='bbox 289 402 370 456; x_wconf 79' lang='grc' dir='ltr'><strong>μὲν</strong></span> <span class='ocrx_word' id='word_1_29' title='bbox 406 399 508 451; x_wconf 85' lang='grc' dir='ltr'><em>τοὺς</em></span> <span class='ocrx_word' id='word_1_30' title='bbox 543 402 706 450; x_wconf 82' lang='grc' dir='ltr'><em>παῖδας</em></span> <span class='ocrx_word' id='word_1_31' title='bbox 739 406 862 456; x_wconf 73' lang='grc' dir='ltr'><em>μέχρι</em></span> <span class='ocrx_word' id='word_1_32' title='bbox 907 402 1017 442; x_wconf 79' lang='grc' dir='ltr'><em>ἐτῶν</em></span> <span class='ocrx_word' id='word_1_33' title='bbox 1051 397 1345 442; x_wconf 80' lang='grc' dir='ltr'><em>ὀκτωκαίδεκα</em></span> <span class='ocrx_word' id='word_1_34' title='bbox 1382 397 1432 443; x_wconf 81' lang='grc' dir='ltr'><strong>τὸ</strong></span> 
     </span>
     <span class='ocr_line' id='line_1_6' title="bbox 75 465 1433 523; baseline 0 -13"><span class='ocrx_word' id='word_1_35' title='bbox 75 467 294 523; x_wconf 74' lang='grc' dir='ltr'><em>παράπαν</em></span> <span class='ocrx_word' id='word_1_36' title='bbox 331 468 454 512; x_wconf 73' lang='grc' dir='ltr'><em>οἴνου</em></span> <span class='ocrx_word' id='word_1_37' title='bbox 487 465 548 522; x_wconf 80' lang='grc' dir='ltr'><em>μὴ</em></span> <span class='ocrx_word' id='word_1_38' title='bbox 584 466 812 519; x_wconf 78' lang='grc' dir='ltr'><em>γεύεσθαι,</em></span> <span class='ocrx_word' id='word_1_39' title='bbox 850 465 1131 517; x_wconf 76' lang='grc' dir='ltr'><em>διδάσκοντες</em></span> <span class='ocrx_word' id='word_1_40' title='bbox 1167 466 1225 516; x_wconf 77' lang='grc' dir='ltr'><strong>ὡς</strong></span> <span class='ocrx_word' id='word_1_41' title='bbox 1261 465 1314 510; x_wconf 82' lang='grc' dir='ltr'><em>οὐ</em></span> <span class='ocrx_word' id='word_1_42' title='bbox 1346 465 1433 522; x_wconf 77' lang='grc' dir='ltr'><strong>χρὴ</strong></span> 
     </span>
     <span class='ocr_line' id='line_1_7' title="bbox 74 531 1435 593; baseline -0.001 -16"><span class='ocrx_word' id='word_1_43' title='bbox 74 537 165 590; x_wconf 80' lang='grc' dir='ltr'><strong>πῦρ</strong></span> <span class='ocrx_word' id='word_1_44' title='bbox 201 538 269 578; x_wconf 69' lang='grc' dir='ltr'><strong>ἐπὶ</strong></span> <span class='ocrx_word' id='word_1_45' title='bbox 302 536 390 590; x_wconf 80' lang='grc' dir='ltr'><strong>πῦρ</strong></span> <span class='ocrx_word' id='word_1_46' title='bbox 424 531 638 591; x_wconf 81' lang='grc' dir='ltr'><strong><em>ὀχετεύειν</em></strong></span> <span class='ocrx_word' id='word_1_47' title='bbox 666 534 726 584; x_wconf 81' lang='grc' dir='ltr'><strong>ε’ίς</strong></span> <span class='ocrx_word' id='word_1_48' title='bbox 762 551 806 576; x_wconf 84' lang='grc' dir='ltr'><strong>τε</strong></span> <span class='ocrx_word' id='word_1_49' title='bbox 832 533 880 577; x_wconf 85' lang='grc' dir='ltr'><strong>τὸ</strong></span> <span class='ocrx_word' id='word_1_50' title='bbox 902 536 1028 588; x_wconf 78' lang='grc' dir='ltr'><em>σῶμα</em></span> <span class='ocrx_word' id='word_1_51' title='bbox 1048 538 1120 576; x_wconf 81' lang='grc' dir='ltr'><strong>καὶ</strong></span> <span class='ocrx_word' id='word_1_52' title='bbox 1154 532 1237 586; x_wconf 82' lang='grc' dir='ltr'><em>τὴν</em></span> <span class='ocrx_word' id='word_1_53' title='bbox 1269 533 1435 593; x_wconf 81' lang='grc' dir='ltr'><em>ψυχήν,</em></span> 
     </span>
     <span class='ocr_line' id='line_1_8' title="bbox 73 599 1435 658; baseline -0.001 -14"><span class='ocrx_word' id='word_1_54' title='bbox 73 605 178 658; x_wconf 76' lang='grc' dir='ltr'><em>πρὶν</em></span> <span class='ocrx_word' id='word_1_55' title='bbox 212 605 280 644; x_wconf 75' lang='grc' dir='ltr'><strong>ἐπὶ</strong></span> <span class='ocrx_word' id='word_1_56' title='bbox 316 600 420 652; x_wconf 71' lang='grc' dir='ltr'><em>τοὺς</em></span> <span class='ocrx_word' id='word_1_57' title='bbox 453 601 619 651; x_wconf 81' lang='grc' dir='ltr'><em>πόνους</em></span> <span class='ocrx_word' id='word_1_58' title='bbox 656 606 860 656; x_wconf 76' lang='grc' dir='ltr'><strong>ἐγχειρεῖν</strong></span> <span class='ocrx_word' id='word_1_59' title='bbox 894 601 1194 656; x_wconf 77' lang='grc' dir='ltr'><em>πορεύεσθαι,</em></span> <span class='ocrx_word' id='word_1_60' title='bbox 1241 599 1326 653; x_wconf 76' lang='grc' dir='ltr'><em>τήν</em></span> <span class='ocrx_word' id='word_1_61' title='bbox 1360 607 1435 656; x_wconf 80' lang='grc' dir='ltr'><em>ἐμ-</em></span> 
     </span>
     <span class='ocr_line' id='line_1_9' title="bbox 70 666 1432 724; baseline 0.001 -14"><span class='ocrx_word' id='word_1_62' title='bbox 70 671 190 723; x_wconf 87' lang='grc' dir='ltr'><em>μανῆ</em></span> <span class='ocrx_word' id='word_1_63' title='bbox 226 668 574 724; x_wconf 75' lang='grc' dir='ltr'><em>εὐλαβουμένους</em></span> <span class='ocrx_word' id='word_1_64' title='bbox 607 668 694 719; x_wconf 77' lang='grc' dir='ltr'><em>ἕξιν</em></span> <span class='ocrx_word' id='word_1_65' title='bbox 732 670 820 710; x_wconf 83' lang='grc' dir='ltr'><em>τῶν</em></span> <span class='ocrx_word' id='word_1_66' title='bbox 864 674 995 712; x_wconf 83' lang='grc' dir='ltr'><em>νέων·</em></span> <span class='ocrx_word' id='word_1_67' title='bbox 1040 666 1152 722; x_wconf 78' lang='grc' dir='ltr'><em>μετὰ</em></span> <span class='ocrx_word' id='word_1_68' title='bbox 1199 671 1243 711; x_wconf 77' lang='grc' dir='ltr'><strong>δὲ</strong></span> <span class='ocrx_word' id='word_1_69' title='bbox 1296 670 1432 712; x_wconf 85' lang='grc' dir='ltr'><em>τοῦτο</em></span> 
     </span>
     <span class='ocr_line' id='line_1_10' title="bbox 70 733 1432 791; baseline -0.001 -13"><span class='ocrx_word' id='word_1_70' title='bbox 70 735 196 779; x_wconf 68' lang='grc' dir='ltr'><em>οἴνου</em></span> <span class='ocrx_word' id='word_1_71' title='bbox 229 739 310 791; x_wconf 78' lang='grc' dir='ltr'><strong>μὲν</strong></span> <span class='ocrx_word' id='word_1_72' title='bbox 345 735 396 788; x_wconf 80' lang='grc' dir='ltr'><strong>δὴ</strong></span> <span class='ocrx_word' id='word_1_73' title='bbox 435 733 648 789; x_wconf 73' lang='grc' dir='ltr'><strong>γεύεσθαι</strong></span> <span class='ocrx_word' id='word_1_74' title='bbox 683 737 763 778; x_wconf 85' lang='grc' dir='ltr'><em>τοῦ</em></span> <span class='ocrx_word' id='word_1_75' title='bbox 812 739 994 790; x_wconf 80' lang='grc' dir='ltr'><em>μετρίου</em></span> <span class='ocrx_word' id='word_1_76' title='bbox 1028 740 1151 790; x_wconf 78' lang='grc' dir='ltr'><em>μέχρι</em></span> <span class='ocrx_word' id='word_1_77' title='bbox 1187 735 1432 790; x_wconf 74' lang='grc' dir='ltr'><em>τριάκοντα</em></span> 
     </span>
     <span class='ocr_line' id='line_1_11' title="bbox 68 799 1432 857; baseline 0 -11"><span class='ocrx_word' id='word_1_78' title='bbox 68 804 191 853; x_wconf 74' lang='grc' dir='ltr'><em>ἐτῶν,</em></span> <span class='ocrx_word' id='word_1_79' title='bbox 226 806 373 857; x_wconf 66' lang='grc' dir='ltr'><em>μέθης</em></span> <span class='ocrx_word' id='word_1_80' title='bbox 408 805 452 845; x_wconf 80' lang='grc' dir='ltr'><strong>δὲ</strong></span> <span class='ocrx_word' id='word_1_81' title='bbox 489 805 561 844; x_wconf 76' lang='grc' dir='ltr'><strong>καὶ</strong></span> <span class='ocrx_word' id='word_1_82' title='bbox 599 805 860 852; x_wconf 81' lang='grc' dir='ltr'><em>πολυοινίας</em></span> <span class='ocrx_word' id='word_1_83' title='bbox 896 799 946 845; x_wconf 75' lang='grc' dir='ltr'><strong>τὸ</strong></span> <span class='ocrx_word' id='word_1_84' title='bbox 981 803 1198 856; x_wconf 72' lang='grc' dir='ltr'><em>παράπαν</em></span> <span class='ocrx_word' id='word_1_85' title='bbox 1230 800 1315 857; x_wconf 82' lang='grc' dir='ltr'><em>τὸν</em></span> <span class='ocrx_word' id='word_1_86' title='bbox 1333 809 1432 846; x_wconf 76' lang='grc' dir='ltr'><em>νέον</em></span> 
     </span>
     <span class='ocr_line' id='line_1_12' title="bbox 67 867 1432 925; baseline 0.001 -13"><span class='ocrx_word' id='word_1_87' title='bbox 67 867 339 925; x_wconf 75' lang='grc' dir='ltr'><em>ἀπέχεσθαι·</em></span> <span class='ocrx_word' id='word_1_88' title='bbox 375 868 706 924; x_wconf 76' lang='grc' dir='ltr'><em>τετταράκοντα</em></span> <span class='ocrx_word' id='word_1_89' title='bbox 728 871 772 912; x_wconf 82' lang='grc' dir='ltr'><strong>δὲ</strong></span> <span class='ocrx_word' id='word_1_90' title='bbox 794 867 1084 923; x_wconf 76' lang='grc' dir='ltr'><strong>ἐπιβαίνοντα</strong></span> <span class='ocrx_word' id='word_1_91' title='bbox 1111 871 1233 919; x_wconf 81' lang='grc' dir='ltr'><em>ἑτῶν,</em></span> <span class='ocrx_word' id='word_1_92' title='bbox 1268 875 1315 912; x_wconf 78' lang='grc' dir='ltr'><em>ὲν</em></span> <span class='ocrx_word' id='word_1_93' title='bbox 1335 878 1432 921; x_wconf 84' lang='grc' dir='ltr'><em>τοῖς</em></span> 
     </span>
     <span class='ocr_line' id='line_1_13' title="bbox 66 934 1430 993; baseline 0.001 -14"><span class='ocrx_word' id='word_1_94' title='bbox 66 936 302 993; x_wconf 79' lang='grc' dir='ltr'><em>ξυσσιτίοις</em></span> <span class='ocrx_word' id='word_1_95' title='bbox 336 934 638 992; x_wconf 73' lang='grc' dir='ltr'><em>εὐωχηθέντα,</em></span> <span class='ocrx_word' id='word_1_96' title='bbox 669 939 818 980; x_wconf 83' lang='grc' dir='ltr'><em>καλεῖν</em></span> <span class='ocrx_word' id='word_1_97' title='bbox 862 937 968 988; x_wconf 78' lang='grc' dir='ltr'><em>τούς</em></span> <span class='ocrx_word' id='word_1_98' title='bbox 1014 953 1059 979; x_wconf 86' lang='grc' dir='ltr'><strong>τε</strong></span> <span class='ocrx_word' id='word_1_99' title='bbox 1089 934 1253 987; x_wconf 81' lang='grc' dir='ltr'><em>ἄλλους</em></span> <span class='ocrx_word' id='word_1_100' title='bbox 1289 935 1430 988; x_wconf 73' lang='grc' dir='ltr'><em>θεοὺς</em></span> 
     </span>
    </p>
   </div>
   <div class='ocr_carea' id='block_1_3' title="bbox 67 1067 1429 1157">
    <p class='ocr_par' dir='ltr' id='par_1_4' title="bbox 67 1067 1429 1157">
     <span class='ocr_line' id='line_1_14' title="bbox 67 1067 537 1110; baseline -0.006 -8"><span class='ocrx_word' id='word_1_101' title='bbox 67 1069 202 1102; x_wconf 72' lang='lat' dir='ltr'><strong>Aetius.</strong></span> <span class='ocrx_word' id='word_1_102' title='bbox 227 1067 291 1101; x_wconf 90' lang='lat' dir='ltr'><strong>sed</strong></span> <span class='ocrx_word' id='word_1_103' title='bbox 317 1079 349 1100; x_wconf 89' lang='lat' dir='ltr'><strong>v.</strong></span> <span class='ocrx_word' id='word_1_104' title='bbox 376 1068 537 1110; x_wconf 83' lang='lat' dir='ltr'><strong>explicat.</strong></span> 
     </span>
     <span class='ocr_line' id='line_1_15' title="bbox 157 1111 1429 1157; baseline -0.001 -10"><span class='ocrx_word' id='word_1_105' title='bbox 157 1113 231 1155; x_wconf 71' lang='grc' dir='ltr'><strong>τὴν</strong></span> <span class='ocrx_word' id='word_1_106' title='bbox 262 1112 433 1157; x_wconf 73' lang='grc' dir='ltr'><em>ἐμμανῆ</em></span> <span class='ocrx_word' id='word_1_107' title='bbox 466 1112 570 1156; x_wconf 53' lang='lat' dir='ltr'><strong>nik]</strong></span> <span class='ocrx_word' id='word_1_108' title='bbox 601 1111 720 1155; x_wconf 87' lang='lat' dir='ltr'><strong>Steph.</strong></span> <span class='ocrx_word' id='word_1_109' title='bbox 752 1114 892 1155; x_wconf 72' lang='grc' dir='ltr'><em>ἰκμανῆ,</em></span> <span class='ocrx_word' id='word_1_110' title='bbox 923 1113 1016 1156; x_wconf 85' lang='lat' dir='ltr'><strong>quod</strong></span> <span class='ocrx_word' id='word_1_111' title='bbox 1052 1123 1118 1147; x_wconf 87' lang='lat' dir='ltr'><strong>nec</strong></span> <span class='ocrx_word' id='word_1_112' title='bbox 1142 1112 1244 1146; x_wconf 86' lang='lat' dir='ltr'><strong>codd.</strong></span> <span class='ocrx_word' id='word_1_113' title='bbox 1269 1113 1429 1147; x_wconf 83' lang='lat' dir='ltr'><strong>Platonis</strong></span> 
     </span>
    </p>
   </div>
   <div class='ocr_carea' id='block_1_4' title="bbox 63 1158 1426 1341">
    <p class='ocr_par' dir='ltr' id='par_1_5' title="bbox 63 1158 1426 1341">
     <span class='ocr_line' id='line_1_16' title="bbox 65 1158 1426 1194; baseline 0 -1"><span class='ocrx_word' id='word_1_114' title='bbox 65 1170 129 1194; x_wconf 90' lang='lat' dir='ltr'><strong>nec</strong></span> <span class='ocrx_word' id='word_1_115' title='bbox 171 1161 346 1193; x_wconf 87' lang='lat' dir='ltr'><strong>Stobaeus</strong></span> <span class='ocrx_word' id='word_1_116' title='bbox 383 1164 418 1192; x_wconf 78' lang='lat' dir='ltr'><strong>et</strong></span> <span class='ocrx_word' id='word_1_117' title='bbox 459 1158 653 1192; x_wconf 77' lang='lat' dir='ltr'><strong>Athenaeus</strong></span> <span class='ocrx_word' id='word_1_118' title='bbox 684 1159 727 1194; x_wconf 87' lang='lat' dir='ltr'><strong>X.</strong></span> <span class='ocrx_word' id='word_1_119' title='bbox 763 1160 821 1194; x_wconf 86' lang='lat'><strong>55.</strong></span> <span class='ocrx_word' id='word_1_120' title='bbox 859 1160 1075 1194; x_wconf 84' lang='lat' dir='ltr'><strong>confirmant.</strong></span> <span class='ocrx_word' id='word_1_121' title='bbox 1132 1158 1204 1192; x_wconf 88' lang='lat' dir='ltr'><strong>Sed</strong></span> <span class='ocrx_word' id='word_1_122' title='bbox 1244 1159 1426 1193; x_wconf 73' lang='lat' dir='ltr'><strong>Gesnerus</strong></span> 
     </span>
     <span class='ocr_line' id='line_1_17' title="bbox 64 1201 1425 1248; baseline 0 -10"><span class='ocrx_word' id='word_1_123' title='bbox 64 1216 118 1248; x_wconf 81' lang='lat' dir='ltr'><strong>ap.</strong></span> <span class='ocrx_word' id='word_1_124' title='bbox 154 1206 344 1239; x_wconf 89' lang='lat' dir='ltr'><strong>Stobaeum</strong></span> <span class='ocrx_word' id='word_1_125' title='bbox 376 1206 510 1238; x_wconf 77' lang='lat' dir='ltr'><strong>notavit</strong></span> <span class='ocrx_word' id='word_1_126' title='bbox 550 1206 585 1238; x_wconf 88' lang='lat' dir='ltr'><strong>in</strong></span> <span class='ocrx_word' id='word_1_127' title='bbox 624 1214 733 1247; x_wconf 87' lang='lat' dir='ltr'><strong>marg.</strong></span> <span class='ocrx_word' id='word_1_128' title='bbox 764 1225 810 1230; x_wconf 89' lang='lat'><strong>—</strong></span> <span class='ocrx_word' id='word_1_129' title='bbox 841 1201 1119 1248; x_wconf 56' lang='grc' dir='ltr'><em>εὐλαβουμένους</em></span> <span class='ocrx_word' id='word_1_130' title='bbox 1151 1215 1214 1248; x_wconf 89' lang='lat' dir='ltr'><strong>pro</strong></span> <span class='ocrx_word' id='word_1_131' title='bbox 1240 1207 1333 1247; x_wconf 81' lang='lat' dir='ltr'><strong>vulg.</strong></span> <span class='ocrx_word' id='word_1_132' title='bbox 1365 1202 1425 1238; x_wconf 71' lang='grc' dir='ltr'><strong>ει]-</strong></span> 
     </span>
     <span class='ocr_line' id='line_1_18' title="bbox 63 1251 1426 1296; baseline 0.002 -14"><span class='ocrx_word' id='word_1_133' title='bbox 63 1251 275 1296; x_wconf 68' lang='grc' dir='ltr'><em>λιιβούμενοι</em></span> <span class='ocrx_word' id='word_1_134' title='bbox 306 1252 384 1284; x_wconf 85' lang='lat' dir='ltr'><strong>Par.</strong></span> <span class='ocrx_word' id='word_1_135' title='bbox 411 1253 457 1284; x_wconf 80' lang='lat' dir='ltr'><strong>A.</strong></span> <span class='ocrx_word' id='word_1_136' title='bbox 485 1252 589 1294; x_wconf 86' lang='lat' dir='ltr'><strong>(teste</strong></span> <span class='ocrx_word' id='word_1_137' title='bbox 613 1251 753 1294; x_wconf 85' lang='lat' dir='ltr'><strong>Bastio)</strong></span> <span class='ocrx_word' id='word_1_138' title='bbox 777 1251 1206 1286; x_wconf 67' lang='lat' dir='ltr'><strong>B.ss..&#39;=&#39;1‘.h.r.a..c.d.o.x.</strong></span> <span class='ocrx_word' id='word_1_139' title='bbox 1233 1252 1364 1284; x_wconf 84' lang='lat' dir='ltr'><strong>Athen.</strong></span> <span class='ocrx_word' id='word_1_140' title='bbox 1390 1255 1426 1285; x_wconf 88' lang='lat' dir='ltr'><strong>et</strong></span> 
     </span>
     <span class='ocr_line' id='line_1_19' title="bbox 63 1296 1422 1341; baseline 0.001 -11"><span class='ocrx_word' id='word_1_141' title='bbox 63 1298 163 1330; x_wconf 88' lang='lat' dir='ltr'><strong>Stob.</strong></span> <span class='ocrx_word' id='word_1_142' title='bbox 194 1298 251 1330; x_wconf 90' lang='lat' dir='ltr'><strong>ubi</strong></span> <span class='ocrx_word' id='word_1_143' title='bbox 278 1296 526 1341; x_wconf 64' lang='grc' dir='ltr'><em>εὐλαβούμενοι</em></span> <span class='ocrx_word' id='word_1_144' title='bbox 547 1297 693 1332; x_wconf 83' lang='lat' dir='ltr'><strong>Gesner.</strong></span> <span class='ocrx_word' id='word_1_145' title='bbox 719 1298 752 1330; x_wconf 90' lang='lat' dir='ltr'><strong>in</strong></span> <span class='ocrx_word' id='word_1_146' title='bbox 778 1308 886 1341; x_wconf 84' lang='lat' dir='ltr'>marg.</span> <span class='ocrx_word' id='word_1_147' title='bbox 918 1298 1100 1331; x_wconf 86' lang='lat' dir='ltr'><strong>Librorum</strong></span> <span class='ocrx_word' id='word_1_148' title='bbox 1127 1299 1336 1340; x_wconf 75' lang='lat' dir='ltr'><strong>scripturam</strong></span> <span class='ocrx_word' id='word_1_149' title='bbox 1360 1308 1422 1331; x_wconf 87' lang='lat' dir='ltr'><strong>ex-</strong></span> 
     </span>
    </p>
   </div>
   <div class='ocr_carea' id='block_1_5' title="bbox 64 1344 397 1386">
    <p class='ocr_par' dir='ltr' id='par_1_6' title="bbox 64 1344 397 1386">
     <span class='ocr_line' id='line_1_20' title="bbox 64 1344 397 1386; baseline 0.003 -9"><span class='ocrx_word' id='word_1_150' title='bbox 64 1345 164 1386; x_wconf 88' lang='lat' dir='ltr'><strong>primi</strong></span> <span class='ocrx_word' id='word_1_151' title='bbox 190 1344 397 1378; x_wconf 85' lang='lat' dir='ltr'><strong>curavimus.</strong></span> 
     </span>
    </p>
   </div>
   <div class='ocr_carea' id='block_1_6' title="bbox 49 1434 704 2714">
    <p class='ocr_par' dir='ltr' id='par_1_7' title="bbox 50 1434 704 2438">
     <span class='ocr_line' id='line_1_21' title="bbox 61 1434 704 1479; baseline -0.002 -11"><span class='ocrx_word' id='word_1_152' title='bbox 61 1439 204 1477; x_wconf 77' lang='lat' dir='ltr'><strong>quatur:</strong></span> <span class='ocrx_word' id='word_1_153' title='bbox 244 1438 382 1476; x_wconf 76' lang='grc' dir='ltr'><em>πρῶτον</em></span> <span class='ocrx_word' id='word_1_154' title='bbox 420 1437 483 1479; x_wconf 60' lang='grc' dir='ltr'><em>μὲν</em></span> <span class='ocrx_word' id='word_1_155' title='bbox 512 1434 550 1476; x_wconf 77' lang='grc' dir='ltr'><strong>δὴ</strong></span> <span class='ocrx_word' id='word_1_156' title='bbox 592 1436 704 1467; x_wconf 74' lang='grc' dir='ltr'><em>διατε-</em></span> 
     </span>
     <span class='ocr_line' id='line_1_22' title="bbox 62 1479 703 1523; baseline 0.005 -12"><span class='ocrx_word' id='word_1_157' title='bbox 62 1481 142 1517; x_wconf 70' lang='grc' dir='ltr'><strong>θεὶς</strong></span> <span class='ocrx_word' id='word_1_158' title='bbox 168 1479 278 1517; x_wconf 64' lang='grc' dir='ltr'><em>οὕτως</em></span> <span class='ocrx_word' id='word_1_159' title='bbox 297 1481 438 1517; x_wconf 69' lang='grc' dir='ltr'><em>’ἕκαστος</em></span> <span class='ocrx_word' id='word_1_160' title='bbox 461 1481 559 1516; x_wconf 54' lang='lat' dir='ltr'><strong>uk?</strong></span> <span class='ocrx_word' id='word_1_161' title='bbox 582 1481 703 1523; x_wconf 73' lang='lat' dir='ltr'><strong>ltaque</strong></span> 
     </span>
     <span class='ocr_line' id='line_1_23' title="bbox 60 1527 702 1582; baseline 0.002 -23"><span class='ocrx_word' id='word_1_162' title='bbox 60 1527 194 1559; x_wconf 82' lang='lat' dir='ltr'><strong>sublata</strong></span> <span class='ocrx_word' id='word_1_163' title='bbox 235 1528 509 1582; x_wconf 77' lang='lat' dir='ltr'><strong>interrogatione</strong></span> <span class='ocrx_word' id='word_1_164' title='bbox 552 1527 702 1560; x_wconf 89' lang='lat' dir='ltr'><strong>scriben-</strong></span> 
     </span>
     <span class='ocr_line' id='line_1_24' title="bbox 60 1569 700 1617; baseline 0.002 -13"><span class='ocrx_word' id='word_1_165' title='bbox 60 1572 140 1605; x_wconf 86' lang='lat' dir='ltr'><strong>dum</strong></span> <span class='ocrx_word' id='word_1_166' title='bbox 166 1572 352 1605; x_wconf 74' lang='lat' dir='ltr'><strong>arbitratur</strong></span> <span class='ocrx_word' id='word_1_167' title='bbox 381 1572 434 1617; x_wconf 76' lang='grc' dir='ltr'><strong>ἄρ’</strong></span> <span class='ocrx_word' id='word_1_168' title='bbox 461 1569 524 1606; x_wconf 77' lang='grc' dir='ltr'><em>οὖν</em></span> <span class='ocrx_word' id='word_1_169' title='bbox 547 1577 700 1614; x_wconf 72' lang='grc' dir='ltr'><em>νομοθε-</em></span> 
     </span>
     <span class='ocr_line' id='line_1_25' title="bbox 58 1617 699 1674; baseline 0.003 -24"><span class='ocrx_word' id='word_1_170' title='bbox 58 1617 265 1660; x_wconf 77' lang='grc' dir='ltr'><em>θετήσομεν,</em></span> <span class='ocrx_word' id='word_1_171' title='bbox 291 1618 383 1661; x_wconf 84' lang='lat' dir='ltr'><strong>quod</strong></span> <span class='ocrx_word' id='word_1_172' title='bbox 402 1623 572 1674; x_wconf 72' lang='lat' dir='ltr'><strong>sequutus</strong></span> <span class='ocrx_word' id='word_1_173' title='bbox 594 1619 699 1652; x_wconf 80' lang='lat' dir='ltr'><strong>etiarn</strong></span> 
     </span>
     <span class='ocr_line' id='line_1_26' title="bbox 58 1665 698 1707; baseline 0.003 -11"><span class='ocrx_word' id='word_1_174' title='bbox 58 1665 210 1697; x_wconf 83' lang='lat' dir='ltr'><strong>Astius</strong></span> <span class='ocrx_word' id='word_1_175' title='bbox 236 1669 303 1705; x_wconf 85' lang='lat' dir='ltr'><strong>est,</strong></span> <span class='ocrx_word' id='word_1_176' title='bbox 329 1665 385 1707; x_wconf 86' lang='lat' dir='ltr'><strong>qui</strong></span> <span class='ocrx_word' id='word_1_177' title='bbox 411 1677 455 1705; x_wconf 73' lang='lat' dir='ltr'><strong>“Q</strong></span> <span class='ocrx_word' id='word_1_178' title='bbox 486 1677 550 1697; x_wconf 74' lang='grc' dir='ltr'><em>ουν</em></span> <span class='ocrx_word' id='word_1_179' title='bbox 574 1665 698 1698; x_wconf 89' lang='lat' dir='ltr'><strong>eodem</strong></span> 
     </span>
     <span class='ocr_line' id='line_1_27' title="bbox 58 1711 699 1767; baseline 0.002 -25"><span class='ocrx_word' id='word_1_180' title='bbox 58 1720 160 1743; x_wconf 90' lang='lat' dir='ltr'><strong>sensu</strong></span> <span class='ocrx_word' id='word_1_181' title='bbox 170 1711 335 1767; x_wconf 84' lang='lat' dir='ltr'><strong>scriptum</strong></span> <span class='ocrx_word' id='word_1_182' title='bbox 346 1711 514 1743; x_wconf 84' lang='lat' dir='ltr'><strong>exhibuit</strong></span> <span class='ocrx_word' id='word_1_183' title='bbox 525 1712 574 1743; x_wconf 87' lang='lat' dir='ltr'><strong>At</strong></span> <span class='ocrx_word' id='word_1_184' title='bbox 589 1711 699 1743; x_wconf 83' lang='lat' dir='ltr'><strong>enim-</strong></span> 
     </span>
     <span class='ocr_line' id='line_1_28' title="bbox 58 1751 698 1799; baseline 0.003 -12"><span class='ocrx_word' id='word_1_185' title='bbox 58 1766 140 1789; x_wconf 87' lang='lat' dir='ltr'><strong>vero</strong></span> <span class='ocrx_word' id='word_1_186' title='bbox 165 1751 221 1798; x_wconf 78' lang='grc' dir='ltr'><strong>αρ’</strong></span> <span class='ocrx_word' id='word_1_187' title='bbox 246 1760 345 1788; x_wconf 71' lang='lat' dir='ltr'><strong>ou&#39;ua</strong></span> <span class='ocrx_word' id='word_1_188' title='bbox 371 1756 541 1799; x_wconf 78' lang='lat' dir='ltr'><strong>pedestris</strong></span> <span class='ocrx_word' id='word_1_189' title='bbox 565 1757 698 1789; x_wconf 78' lang='lat' dir='ltr'><strong>oratio—</strong></span> 
     </span>
     <span class='ocr_line' id='line_1_29' title="bbox 57 1802 695 1844; baseline 0 -10"><span class='ocrx_word' id='word_1_190' title='bbox 57 1802 109 1834; x_wconf 83' lang='lat' dir='ltr'><strong>nis</strong></span> <span class='ocrx_word' id='word_1_191' title='bbox 135 1803 359 1844; x_wconf 79' lang='lat' dir='ltr'><strong>scriptoribus</strong></span> <span class='ocrx_word' id='word_1_192' title='bbox 389 1803 474 1834; x_wconf 82' lang='lat' dir='ltr'><strong>citra</strong></span> <span class='ocrx_word' id='word_1_193' title='bbox 500 1803 695 1843; x_wconf 75' lang='lat' dir='ltr'><strong>interroga-</strong></span> 
     </span>
     <span class='ocr_line' id='line_1_30' title="bbox 57 1847 698 1885; baseline 0.002 -6"><span class='ocrx_word' id='word_1_194' title='bbox 57 1847 187 1880; x_wconf 81' lang='lat' dir='ltr'><strong>tionem</strong></span> <span class='ocrx_word' id='word_1_195' title='bbox 220 1847 285 1879; x_wconf 83' lang='lat' dir='ltr'><strong>dici</strong></span> <span class='ocrx_word' id='word_1_196' title='bbox 317 1848 448 1885; x_wconf 83' lang='lat' dir='ltr'><strong>sotere,</strong></span> <span class='ocrx_word' id='word_1_197' title='bbox 484 1848 588 1880; x_wconf 87' lang='lat' dir='ltr'><strong>nullis</strong></span> <span class='ocrx_word' id='word_1_198' title='bbox 625 1858 698 1880; x_wconf 88' lang='lat' dir='ltr'><strong>ma-</strong></span> 
     </span>
     <span class='ocr_line' id='line_1_31' title="bbox 57 1892 696 1935; baseline 0.003 -11"><span class='ocrx_word' id='word_1_199' title='bbox 57 1892 163 1925; x_wconf 84' lang='lat' dir='ltr'><strong>chinis</strong></span> <span class='ocrx_word' id='word_1_200' title='bbox 187 1903 335 1934; x_wconf 84' lang='lat' dir='ltr'><strong>unquam</strong></span> <span class='ocrx_word' id='word_1_201' title='bbox 375 1893 604 1925; x_wconf 78' lang='lat' dir='ltr'><strong>demonstrari</strong></span> <span class='ocrx_word' id='word_1_202' title='bbox 635 1904 696 1935; x_wconf 87' lang='lat' dir='ltr'><strong>po—</strong></span> 
     </span>
     <span class='ocr_line' id='line_1_32' title="bbox 55 1939 700 1980; baseline 0.002 -9"><span class='ocrx_word' id='word_1_203' title='bbox 55 1939 153 1979; x_wconf 79' lang='lat' dir='ltr'><strong>terit;</strong></span> <span class='ocrx_word' id='word_1_204' title='bbox 178 1940 287 1972; x_wconf 89' lang='lat' dir='ltr'><strong>multo</strong></span> <span class='ocrx_word' id='word_1_205' title='bbox 301 1942 416 1972; x_wconf 84' lang='lat' dir='ltr'><strong>autem</strong></span> <span class='ocrx_word' id='word_1_206' title='bbox 443 1940 552 1971; x_wconf 84' lang='lat' dir='ltr'><strong>minus</strong></span> <span class='ocrx_word' id='word_1_207' title='bbox 570 1940 700 1980; x_wconf 86' lang='lat' dir='ltr'><strong>poterit</strong></span> 
     </span>
     <span class='ocr_line' id='line_1_33' title="bbox 57 1981 698 2027; baseline 0 -11"><span class='ocrx_word' id='word_1_208' title='bbox 57 1981 188 2025; x_wconf 79' lang='lat' dir='ltr'><strong>evinci,</strong></span> <span class='ocrx_word' id='word_1_209' title='bbox 218 1984 288 2027; x_wconf 73' lang='grc' dir='ltr'><strong>ἄρα</strong></span> <span class='ocrx_word' id='word_1_210' title='bbox 314 1985 345 2016; x_wconf 90' lang='lat' dir='ltr'><strong>in</strong></span> <span class='ocrx_word' id='word_1_211' title='bbox 372 1986 540 2026; x_wconf 81' lang='lat' dir='ltr'><strong>principio</strong></span> <span class='ocrx_word' id='word_1_212' title='bbox 567 1985 698 2016; x_wconf 86' lang='lat' dir='ltr'><strong>oratio—</strong></span> 
     </span>
     <span class='ocr_line' id='line_1_34' title="bbox 54 2029 695 2063; baseline 0.002 -1"><span class='ocrx_word' id='word_1_213' title='bbox 54 2030 106 2062; x_wconf 89' lang='lat' dir='ltr'><strong>nis</strong></span> <span class='ocrx_word' id='word_1_214' title='bbox 130 2031 180 2063; x_wconf 73' lang='lat' dir='ltr'><strong>sic</strong></span> <span class='ocrx_word' id='word_1_215' title='bbox 194 2041 274 2062; x_wconf 77' lang='lat' dir='ltr'><strong>esse</strong></span> <span class='ocrx_word' id='word_1_216' title='bbox 287 2031 464 2063; x_wconf 85' lang='lat' dir='ltr'><strong>usitatum.</strong></span> <span class='ocrx_word' id='word_1_217' title='bbox 493 2029 695 2063; x_wconf 83' lang='lat' dir='ltr'><strong>Tenendum</strong></span> 
     </span>
     <span class='ocr_line' id='line_1_35' title="bbox 53 2070 696 2118; baseline 0.002 -11"><span class='ocrx_word' id='word_1_218' title='bbox 53 2076 156 2117; x_wconf 78' lang='lat' dir='ltr'><strong>igitur</strong></span> <span class='ocrx_word' id='word_1_219' title='bbox 172 2070 224 2118; x_wconf 78' lang='grc' dir='ltr'><strong>ἆρ’</strong></span> <span class='ocrx_word' id='word_1_220' title='bbox 243 2074 299 2114; x_wconf 80' lang='grc' dir='ltr'><em>ου’,</em></span> <span class='ocrx_word' id='word_1_221' title='bbox 324 2087 488 2117; x_wconf 82' lang='lat' dir='ltr'><strong>nonne,</strong></span> <span class='ocrx_word' id='word_1_222' title='bbox 511 2076 601 2117; x_wconf 78' lang='lat' dir='ltr'><strong>quod</strong></span> <span class='ocrx_word' id='word_1_223' title='bbox 621 2076 696 2108; x_wconf 86' lang='lat' dir='ltr'><strong>libri</strong></span> 
     </span>
     <span class='ocr_line' id='line_1_36' title="bbox 52 2121 694 2156; baseline 0.002 -4"><span class='ocrx_word' id='word_1_224' title='bbox 52 2121 128 2154; x_wconf 80' lang='lat' dir='ltr'><strong>fere</strong></span> <span class='ocrx_word' id='word_1_225' title='bbox 167 2132 287 2156; x_wconf 77' lang='lat' dir='ltr'><strong>omnes</strong></span> <span class='ocrx_word' id='word_1_226' title='bbox 327 2126 479 2155; x_wconf 73' lang='lat' dir='ltr'><strong>tuentur.</strong></span> <span class='ocrx_word' id='word_1_227' title='bbox 529 2121 694 2155; x_wconf 82' lang='lat' dir='ltr'><strong>Nimirum</strong></span> 
     </span>
     <span class='ocr_line' id='line_1_37' title="bbox 53 2166 696 2211; baseline 0.003 -13"><span class='ocrx_word' id='word_1_228' title='bbox 53 2166 124 2199; x_wconf 73' lang='lat' dir='ltr'><strong>abit</strong></span> <span class='ocrx_word' id='word_1_229' title='bbox 148 2167 270 2200; x_wconf 90' lang='lat' dir='ltr'><strong>deinde</strong></span> <span class='ocrx_word' id='word_1_230' title='bbox 294 2168 522 2211; x_wconf 80' lang='lat' dir='ltr'><strong>interrogatio</strong></span> <span class='ocrx_word' id='word_1_231' title='bbox 552 2172 696 2209; x_wconf 87' lang='lat' dir='ltr'><strong>propter</strong></span> 
     </span>
     <span class='ocr_line' id='line_1_38' title="bbox 53 2213 693 2255; baseline 0.003 -11"><span class='ocrx_word' id='word_1_232' title='bbox 53 2213 218 2245; x_wconf 81' lang='lat' dir='ltr'><strong>orationis</strong></span> <span class='ocrx_word' id='word_1_233' title='bbox 262 2213 510 2255; x_wconf 84' lang='lat' dir='ltr'><strong>longitudinem</strong></span> <span class='ocrx_word' id='word_1_234' title='bbox 550 2215 580 2246; x_wconf 91' lang='lat' dir='ltr'><strong>in</strong></span> <span class='ocrx_word' id='word_1_235' title='bbox 619 2224 693 2246; x_wconf 79' lang='lat' dir='ltr'><strong>ser-</strong></span> 
     </span>
     <span class='ocr_line' id='line_1_39' title="bbox 53 2259 693 2301; baseline 0 -11"><span class='ocrx_word' id='word_1_236' title='bbox 53 2267 189 2291; x_wconf 84' lang='lat' dir='ltr'><strong>monem</strong></span> <span class='ocrx_word' id='word_1_237' title='bbox 223 2259 266 2291; x_wconf 76' lang='lat' dir='ltr'><strong>nb</strong></span> <span class='ocrx_word' id='word_1_238' title='bbox 297 2260 567 2301; x_wconf 74' lang='lat' dir='ltr'><strong>interrogatione</strong></span> <span class='ocrx_word' id='word_1_239' title='bbox 607 2259 693 2291; x_wconf 82' lang='lat' dir='ltr'><strong>libe-</strong></span> 
     </span>
     <span class='ocr_line' id='line_1_40' title="bbox 53 2304 693 2339; baseline 0.005 -5"><span class='ocrx_word' id='word_1_240' title='bbox 53 2313 138 2338; x_wconf 86' lang='lat' dir='ltr'><strong>rum.</strong></span> <span class='ocrx_word' id='word_1_241' title='bbox 171 2304 252 2338; x_wconf 84' lang='lat' dir='ltr'><strong>Quo</strong></span> <span class='ocrx_word' id='word_1_242' title='bbox 277 2305 440 2339; x_wconf 81' lang='lat' dir='ltr'><strong>absoluto</strong></span> <span class='ocrx_word' id='word_1_243' title='bbox 466 2311 579 2338; x_wconf 81' lang='lat' dir='ltr'><strong>tamen</strong></span> <span class='ocrx_word' id='word_1_244' title='bbox 606 2305 693 2337; x_wconf 77' lang='lat' dir='ltr'><strong>infra</strong></span> 
     </span>
     <span class='ocr_line' id='line_1_41' title="bbox 50 2349 691 2393; baseline 0.005 -13"><span class='ocrx_word' id='word_1_245' title='bbox 50 2349 83 2381; x_wconf 90' lang='lat' dir='ltr'><strong>in</strong></span> <span class='ocrx_word' id='word_1_246' title='bbox 98 2350 397 2404; x_wconf 71' lang='lat' dir='ltr'><strong>verbis-719wmv</strong></span> <span class='ocrx_word' id='word_1_247' title='bbox 419 2355 476 2393; x_wconf 69' lang='grc' dir='ltr'><em>μὲν</em></span> <span class='ocrx_word' id='word_1_248' title='bbox 495 2351 535 2392; x_wconf 75' lang='grc' dir='ltr'><strong>δὴ</strong></span> <span class='ocrx_word' id='word_1_249' title='bbox 552 2351 691 2383; x_wconf 76' lang='grc' dir='ltr'><em>διατεθ-</em></span> 
     </span>
     <span class='ocr_line' id='line_1_42' title="bbox 51 2389 497 2438; baseline 0.007 -13"><span class='ocrx_word' id='word_1_250' title='bbox 51 2389 107 2438; x_wconf 73' lang='grc' dir='ltr'><strong>ἆρ’</strong></span> <span class='ocrx_word' id='word_1_251' title='bbox 133 2395 176 2426; x_wconf 82' lang='grc' dir='ltr'><em>οὗ</em></span> <span class='ocrx_word' id='word_1_252' title='bbox 203 2395 317 2428; x_wconf 88' lang='lat' dir='ltr'><strong>denuo</strong></span> <span class='ocrx_word' id='word_1_253' title='bbox 341 2397 497 2430; x_wconf 81' lang='lat' dir='ltr'><strong>infertur.</strong></span> 
     </span>
    </p>

    <p class='ocr_par' dir='ltr' id='par_1_8' title="bbox 49 2439 693 2660">
     <span class='ocr_line' id='line_1_43' title="bbox 96 2439 692 2486; baseline 0.007 -15"><span class='ocrx_word' id='word_1_254' title='bbox 96 2440 182 2481; x_wconf 72' lang='grc' dir='ltr'><strong>πῦρ</strong></span> <span class='ocrx_word' id='word_1_255' title='bbox 217 2441 287 2473; x_wconf 71' lang='grc' dir='ltr'><strong>ἐπὶ</strong></span> <span class='ocrx_word' id='word_1_256' title='bbox 322 2446 403 2486; x_wconf 77' lang='grc' dir='ltr'><strong>πῦρ</strong></span> <span class='ocrx_word' id='word_1_257' title='bbox 443 2439 692 2485; x_wconf 69' lang='grc' dir='ltr'><strong>ν’χετειέιν]</strong></span> 
     </span>
     <span class='ocr_line' id='line_1_44' title="bbox 51 2485 693 2522; baseline 0.006 -5"><span class='ocrx_word' id='word_1_258' title='bbox 51 2485 98 2518; x_wconf 88' lang='grc' dir='ltr'><strong>Η.</strong></span> <span class='ocrx_word' id='word_1_259' title='bbox 133 2496 166 2520; x_wconf 91' lang='lat' dir='ltr'><strong>e.</strong></span> <span class='ocrx_word' id='word_1_260' title='bbox 200 2488 382 2521; x_wconf 79' lang='lat' dir='ltr'><strong>iuvenilem</strong></span> <span class='ocrx_word' id='word_1_261' title='bbox 421 2490 581 2522; x_wconf 81' lang='lat' dir='ltr'><strong>ardorem</strong></span> <span class='ocrx_word' id='word_1_262' title='bbox 616 2489 693 2521; x_wconf 82' lang='lat' dir='ltr'><strong>vino</strong></span> 
     </span>
     <span class='ocr_line' id='line_1_45' title="bbox 51 2531 692 2577; baseline 0.005 -14"><span class='ocrx_word' id='word_1_263' title='bbox 51 2531 202 2565; x_wconf 80' lang='lat' dir='ltr'><strong>bibendo</strong></span> <span class='ocrx_word' id='word_1_264' title='bbox 220 2534 354 2566; x_wconf 72' lang='lat' dir='ltr'><strong>ninnium</strong></span> <span class='ocrx_word' id='word_1_265' title='bbox 375 2544 512 2577; x_wconf 80' lang='lat' dir='ltr'><strong>sugere.</strong></span> <span class='ocrx_word' id='word_1_266' title='bbox 541 2535 633 2567; x_wconf 57' lang='lat' dir='ltr'><strong>Prot</strong></span> <span class='ocrx_word' id='word_1_267' title='bbox 638 2544 692 2567; x_wconf 89' lang='lat' dir='ltr'><strong>er</strong></span> 
     </span>
     <span class='ocr_line' id='line_1_46' title="bbox 49 2576 692 2622; baseline 0.006 -13"><span class='ocrx_word' id='word_1_268' title='bbox 49 2576 171 2610; x_wconf 81' lang='lat' dir='ltr'><strong>bislem</strong></span> <span class='ocrx_word' id='word_1_269' title='bbox 226 2578 414 2613; x_wconf 83' lang='lat' dir='ltr'><strong>dictionem</strong></span> <span class='ocrx_word' id='word_1_270' title='bbox 460 2585 598 2622; x_wconf 80' lang='lat' dir='ltr'><strong>praeter</strong></span> <span class='ocrx_word' id='word_1_271' title='bbox 648 2581 692 2612; x_wconf 79' lang='lat' dir='ltr'><strong>A·</strong></span> 
     </span>
     <span class='ocr_line' id='line_1_47' title="bbox 49 2623 687 2660; baseline 0.005 -5"><span class='ocrx_word' id='word_1_272' title='bbox 49 2624 178 2657; x_wconf 83' lang='lat' dir='ltr'><strong>stium</strong></span> <span class='ocrx_word' id='word_1_273' title='bbox 204 2623 248 2657; x_wconf 83' lang='lat' dir='ltr'><strong>sd</strong></span> <span class='ocrx_word' id='word_1_274' title='bbox 267 2626 298 2656; x_wconf 83' lang='lat' dir='ltr'><strong>h.</strong></span> <span class='ocrx_word' id='word_1_275' title='bbox 319 2625 342 2657; x_wconf 93' lang='lat' dir='ltr'><strong>l.</strong></span> <span class='ocrx_word' id='word_1_276' title='bbox 369 2626 581 2660; x_wconf 71' lang='lat' dir='ltr'><strong>illustrarunt</strong></span> <span class='ocrx_word' id='word_1_277' title='bbox 598 2626 687 2658; x_wconf 89' lang='lat' dir='ltr'><strong>mul-</strong></span> 
     </span>
    </p>

    <p class='ocr_par' dir='ltr' id='par_1_9' title="bbox 64 2669 690 2714">
     <span class='ocr_line' id='line_1_48' title="bbox 64 2669 690 2714; baseline 0 -12"><span class='ocrx_word' id='word_1_278' title='bbox 64 2679 94 2708; x_wconf 86' lang='grc' dir='ltr'><em>ι,</em></span> <span class='ocrx_word' id='word_1_279' title='bbox 127 2669 371 2711; x_wconf 72' lang='lat' dir='ltr'><strong>Hesychius</strong></span> <span class='ocrx_word' id='word_1_280' title='bbox 403 2682 431 2706; x_wconf 81' lang='grc' dir='ltr'><strong>ι.</strong></span> <span class='ocrx_word' id='word_1_281' title='bbox 467 2682 496 2704; x_wconf 69' lang='grc' dir='ltr'><strong>ι’.</strong></span> <span class='ocrx_word' id='word_1_282' title='bbox 529 2674 598 2714; x_wconf 75' lang='grc' dir='ltr'><strong>πῦρ</strong></span> <span class='ocrx_word' id='word_1_283' title='bbox 632 2669 690 2703; x_wconf 71' lang='grc' dir='ltr'><strong>ἐπὶ</strong></span> 
     </span>
    </p>
   </div>
   <div class='ocr_carea' id='block_1_7' title="bbox 759 1433 1420 2623">
    <p class='ocr_par' dir='ltr' id='par_1_10' title="bbox 765 1433 1420 1891">
     <span class='ocr_line' id='line_1_49' title="bbox 771 1433 1419 1478; baseline 0.005 -12"><span class='ocrx_word' id='word_1_284' title='bbox 771 1437 854 1478; x_wconf 78' lang='grc' dir='ltr'><strong>πῦρ,</strong></span> <span class='ocrx_word' id='word_1_285' title='bbox 874 1435 1033 1467; x_wconf 87' lang='lat' dir='ltr'><strong>Zenob.</strong></span> <span class='ocrx_word' id='word_1_286' title='bbox 1058 1445 1090 1477; x_wconf 88' lang='lat' dir='ltr'><strong>p.</strong></span> <span class='ocrx_word' id='word_1_287' title='bbox 1117 1434 1195 1471; x_wconf 86' lang='lat'><strong>141.</strong></span> <span class='ocrx_word' id='word_1_288' title='bbox 1220 1433 1419 1469; x_wconf 85' lang='lat' dir='ltr'><strong>Michael.</strong></span> 
     </span>
     <span class='ocr_line' id='line_1_50' title="bbox 771 1480 1418 1524; baseline 0.005 -12"><span class='ocrx_word' id='word_1_289' title='bbox 771 1480 1418 1524; x_wconf 74' lang='lat' dir='ltr'><strong>Apost.XVll.3.Erasm.Adagg.</strong></span> 
     </span>
     <span class='ocr_line' id='line_1_51' title="bbox 771 1526 1420 1569; baseline 0.005 -11"><span class='ocrx_word' id='word_1_290' title='bbox 771 1526 858 1559; x_wconf 86' lang='lat' dir='ltr'><strong>Chil.</strong></span> <span class='ocrx_word' id='word_1_291' title='bbox 888 1528 916 1559; x_wconf 90' lang='lat'><strong>1.</strong></span> <span class='ocrx_word' id='word_1_292' title='bbox 944 1527 1042 1559; x_wconf 86' lang='lat' dir='ltr'><strong>Ceut.</strong></span> <span class='ocrx_word' id='word_1_293' title='bbox 1067 1528 1106 1560; x_wconf 88' lang='lat' dir='ltr'><strong>ll.</strong></span> <span class='ocrx_word' id='word_1_294' title='bbox 1124 1538 1156 1569; x_wconf 90' lang='lat' dir='ltr'><strong>p.</strong></span> <span class='ocrx_word' id='word_1_295' title='bbox 1174 1528 1231 1562; x_wconf 84' lang='lat'><strong>54.</strong></span> <span class='ocrx_word' id='word_1_296' title='bbox 1261 1529 1420 1561; x_wconf 81' lang='lat' dir='ltr'><strong>lacobs</strong></span> 
     </span>
     <span class='ocr_line' id='line_1_52' title="bbox 770 1572 1419 1617; baseline 0.002 -12"><span class='ocrx_word' id='word_1_297' title='bbox 770 1572 812 1605; x_wconf 83' lang='lat' dir='ltr'><strong>ad</strong></span> <span class='ocrx_word' id='word_1_298' title='bbox 832 1572 958 1607; x_wconf 90' lang='lat' dir='ltr'><strong>Achill.</strong></span> <span class='ocrx_word' id='word_1_299' title='bbox 973 1572 1054 1607; x_wconf 74' lang='lat' dir='ltr'><strong>Tar.</strong></span> <span class='ocrx_word' id='word_1_300' title='bbox 1075 1584 1105 1615; x_wconf 91' lang='lat' dir='ltr'><strong>p.</strong></span> <span class='ocrx_word' id='word_1_301' title='bbox 1126 1574 1206 1609; x_wconf 76' lang='lat'><strong>498.</strong></span> <span class='ocrx_word' id='word_1_302' title='bbox 1224 1574 1419 1617; x_wconf 86' lang='lat' dir='ltr'><strong>Wytten-</strong></span> 
     </span>
     <span class='ocr_line' id='line_1_53' title="bbox 769 1618 1418 1664; baseline 0.006 -14"><span class='ocrx_word' id='word_1_303' title='bbox 769 1619 888 1653; x_wconf 80' lang='lat' dir='ltr'><strong>bach.</strong></span> <span class='ocrx_word' id='word_1_304' title='bbox 925 1618 968 1651; x_wconf 87' lang='lat' dir='ltr'><strong>ad</strong></span> <span class='ocrx_word' id='word_1_305' title='bbox 1005 1619 1175 1652; x_wconf 77' lang='lat' dir='ltr'><strong>Plutarch.</strong></span> <span class='ocrx_word' id='word_1_306' title='bbox 1217 1620 1261 1652; x_wconf 84' lang='lat' dir='ltr'><strong>T.</strong></span> <span class='ocrx_word' id='word_1_307' title='bbox 1300 1620 1342 1653; x_wconf 89' lang='grc' dir='ltr'><strong>ΙΙ.</strong></span> <span class='ocrx_word' id='word_1_308' title='bbox 1385 1632 1418 1664; x_wconf 88' lang='lat' dir='ltr'><strong>p.</strong></span> 
     </span>
     <span class='ocr_line' id='line_1_54' title="bbox 766 1664 1416 1704; baseline 0.006 -8"><span class='ocrx_word' id='word_1_309' title='bbox 766 1664 846 1700; x_wconf 83' lang='lat'><strong>249.</strong></span> <span class='ocrx_word' id='word_1_310' title='bbox 881 1665 932 1697; x_wconf 87' lang='lat' dir='ltr'><strong>ed.</strong></span> <span class='ocrx_word' id='word_1_311' title='bbox 970 1664 1046 1704; x_wconf 83' lang='lat' dir='ltr'><strong>Lip.</strong></span> <span class='ocrx_word' id='word_1_312' title='bbox 1073 1665 1416 1701; x_wconf 83' lang='lat' dir='ltr'><strong>Winckelmann.</strong></span> 
     </span>
     <span class='ocr_line' id='line_1_55' title="bbox 766 1710 1415 1754; baseline 0.003 -10"><span class='ocrx_word' id='word_1_313' title='bbox 766 1711 810 1744; x_wconf 91' lang='lat' dir='ltr'><strong>ad</strong></span> <span class='ocrx_word' id='word_1_314' title='bbox 855 1710 1025 1743; x_wconf 81' lang='lat' dir='ltr'><strong>Plutarch.</strong></span> <span class='ocrx_word' id='word_1_315' title='bbox 1081 1713 1201 1745; x_wconf 85' lang='lat' dir='ltr'><strong>Amat.</strong></span> <span class='ocrx_word' id='word_1_316' title='bbox 1254 1723 1287 1754; x_wconf 89' lang='lat' dir='ltr'><strong>p.</strong></span> <span class='ocrx_word' id='word_1_317' title='bbox 1334 1712 1415 1748; x_wconf 88' lang='grc'>196.</span> 
     </span>
     <span class='ocr_line' id='line_1_56' title="bbox 769 1756 1414 1791; baseline 0.002 -1"><span class='ocrx_word' id='word_1_318' title='bbox 769 1756 1026 1790; x_wconf 84' lang='lat' dir='ltr'><strong>Boissonad.</strong></span> <span class='ocrx_word' id='word_1_319' title='bbox 1074 1757 1117 1789; x_wconf 80' lang='lat' dir='ltr'><strong>ad</strong></span> <span class='ocrx_word' id='word_1_320' title='bbox 1157 1759 1328 1791; x_wconf 78' lang='lat' dir='ltr'><strong>Anecdot.</strong></span> <span class='ocrx_word' id='word_1_321' title='bbox 1375 1758 1414 1791; x_wconf 91' lang='lat' dir='ltr'><strong>V.</strong></span> 
     </span>
     <span class='ocr_line' id='line_1_57' title="bbox 765 1802 1413 1847; baseline 0.002 -12"><span class='ocrx_word' id='word_1_322' title='bbox 765 1814 799 1845; x_wconf 85' lang='lat' dir='ltr'><strong>p.</strong></span> <span class='ocrx_word' id='word_1_323' title='bbox 835 1802 913 1837; x_wconf 84' lang='lat'><strong>292.</strong></span> <span class='ocrx_word' id='word_1_324' title='bbox 945 1802 988 1835; x_wconf 80' lang='lat' dir='ltr'><strong>sd</strong></span> <span class='ocrx_word' id='word_1_325' title='bbox 1019 1802 1223 1838; x_wconf 82' lang='lat' dir='ltr'><strong>Philostrat.</strong></span> <span class='ocrx_word' id='word_1_326' title='bbox 1262 1804 1413 1847; x_wconf 80' lang='lat' dir='ltr'><strong>Epistol,</strong></span> 
     </span>
     <span class='ocr_line' id='line_1_58' title="bbox 769 1849 974 1891; baseline -0.005 -11"><span class='ocrx_word' id='word_1_327' title='bbox 769 1860 801 1891; x_wconf 84' lang='lat' dir='ltr'><strong>p.</strong></span> <span class='ocrx_word' id='word_1_328' title='bbox 829 1849 896 1882; x_wconf 84' lang='lat'><strong>106</strong></span> <span class='ocrx_word' id='word_1_329' title='bbox 922 1859 974 1890; x_wconf 87' lang='lat' dir='ltr'><strong>sq.</strong></span> 
     </span>
    </p>

    <p class='ocr_par' dir='ltr' id='par_1_11' title="bbox 759 1893 1413 2623">
     <span class='ocr_line' id='line_1_59' title="bbox 813 1893 1413 1936; baseline 0.005 -12"><span class='ocrx_word' id='word_1_330' title='bbox 813 1894 888 1934; x_wconf 72' lang='grc' dir='ltr'><strong>τὴν</strong></span> <span class='ocrx_word' id='word_1_331' title='bbox 929 1895 1102 1936; x_wconf 73' lang='grc' dir='ltr'><em>ἐμμανῆ</em></span> <span class='ocrx_word' id='word_1_332' title='bbox 1150 1893 1413 1936; x_wconf 72' lang='grc' dir='ltr'><em>εὐλαβουμέ-</em></span> 
     </span>
     <span class='ocr_line' id='line_1_60' title="bbox 766 1939 1413 1982; baseline 0.006 -13"><span class='ocrx_word' id='word_1_333' title='bbox 766 1939 887 1982; x_wconf 75' lang='grc' dir='ltr'><em>νους]</em></span> <span class='ocrx_word' id='word_1_334' title='bbox 920 1958 965 1963; x_wconf 91' lang='grc'><strong>-</strong></span> <span class='ocrx_word' id='word_1_335' title='bbox 1007 1940 1145 1980; x_wconf 71' lang='grc' dir='ltr'><em>ἐμμανῆ</em></span> <span class='ocrx_word' id='word_1_336' title='bbox 1175 1940 1254 1972; x_wconf 82' lang='lat' dir='ltr'><strong>libri</strong></span> <span class='ocrx_word' id='word_1_337' title='bbox 1291 1949 1413 1974; x_wconf 82' lang='lat' dir='ltr'><strong>omnes</strong></span> 
     </span>
     <span class='ocr_line' id='line_1_61' title="bbox 766 1984 1413 2029; baseline 0 -12"><span class='ocrx_word' id='word_1_338' title='bbox 766 1995 830 2027; x_wconf 89' lang='lat' dir='ltr'><strong>pro</strong></span> <span class='ocrx_word' id='word_1_339' title='bbox 856 1996 909 2022; x_wconf 86' lang='lat' dir='ltr'><strong>eo,</strong></span> <span class='ocrx_word' id='word_1_340' title='bbox 933 1984 1024 2027; x_wconf 87' lang='lat' dir='ltr'><strong>quod</strong></span> <span class='ocrx_word' id='word_1_341' title='bbox 1045 1984 1165 2024; x_wconf 83' lang='lat' dir='ltr'><strong>Steph.</strong></span> <span class='ocrx_word' id='word_1_342' title='bbox 1191 1985 1293 2018; x_wconf 85' lang='lat' dir='ltr'><strong>habet</strong></span> <span class='ocrx_word' id='word_1_343' title='bbox 1309 1987 1413 2029; x_wconf 80' lang='grc' dir='ltr'><em>ἐκμα-</em></span> 
     </span>
     <span class='ocr_line' id='line_1_62' title="bbox 766 2029 1413 2074; baseline 0.006 -14"><span class='ocrx_word' id='word_1_344' title='bbox 766 2034 817 2071; x_wconf 68' lang='grc' dir='ltr'><strong>νῆ.</strong></span> <span class='ocrx_word' id='word_1_345' title='bbox 867 2030 938 2063; x_wconf 89' lang='lat' dir='ltr'><strong>Sed</strong></span> <span class='ocrx_word' id='word_1_346' title='bbox 967 2029 1111 2073; x_wconf 73' lang='grc' dir='ltr'><em>ἐκμανῆς</em></span> <span class='ocrx_word' id='word_1_347' title='bbox 1144 2034 1199 2063; x_wconf 78' lang='lat' dir='ltr'><strong>est</strong></span> <span class='ocrx_word' id='word_1_348' title='bbox 1231 2030 1250 2062; x_wconf 86' lang='lat' dir='ltr'><strong>o‘</strong></span> <span class='ocrx_word' id='word_1_349' title='bbox 1280 2030 1413 2074; x_wconf 77' lang='grc' dir='ltr'><strong>ἐξεστη-</strong></span> 
     </span>
     <span class='ocr_line' id='line_1_63' title="bbox 764 2074 1413 2118; baseline 0.005 -11"><span class='ocrx_word' id='word_1_350' title='bbox 764 2075 840 2117; x_wconf 74' lang='grc' dir='ltr'><em>κώς,</em></span> <span class='ocrx_word' id='word_1_351' title='bbox 870 2074 887 2107; x_wconf 78' lang='grc' dir='ltr'>ὁ</span> <span class='ocrx_word' id='word_1_352' title='bbox 914 2075 1133 2117; x_wconf 75' lang='grc' dir='ltr'><em>έκσταιικός,</em></span> <span class='ocrx_word' id='word_1_353' title='bbox 1164 2078 1235 2118; x_wconf 80' lang='lat' dir='ltr'><strong>qui</strong></span> <span class='ocrx_word' id='word_1_354' title='bbox 1259 2077 1413 2111; x_wconf 79' lang='lat' dir='ltr'><strong>furore</strong></span> 
     </span>
     <span class='ocr_line' id='line_1_64' title="bbox 766 2123 1407 2165; baseline 0.002 -11"><span class='ocrx_word' id='word_1_355' title='bbox 766 2127 970 2162; x_wconf 81' lang='lat' dir='ltr'><strong>tanquam</strong></span> <span class='ocrx_word' id='word_1_356' title='bbox 989 2127 1121 2154; x_wconf 84' lang='lat' dir='ltr'><strong>extra</strong></span> <span class='ocrx_word' id='word_1_357' title='bbox 1147 2133 1191 2155; x_wconf 88' lang='lat' dir='ltr'><strong>se</strong></span> <span class='ocrx_word' id='word_1_358' title='bbox 1216 2123 1407 2165; x_wconf 80' lang='lat' dir='ltr'><strong>rapitur,</strong></span> 
     </span>
     <span class='ocr_line' id='line_1_65' title="bbox 767 2168 1407 2211; baseline 0.005 -12"><span class='ocrx_word' id='word_1_359' title='bbox 767 2178 982 2207; x_wconf 81' lang='lat' dir='ltr'><strong>vesanus,</strong></span> <span class='ocrx_word' id='word_1_360' title='bbox 1007 2168 1211 2207; x_wconf 53' lang='lat' dir='ltr'><strong>insanum</strong></span> <span class='ocrx_word' id='word_1_361' title='bbox 1240 2169 1407 2211; x_wconf 83' lang='lat' dir='ltr'><strong>quemad-</strong></span> 
     </span>
     <span class='ocr_line' id='line_1_66' title="bbox 765 2214 1409 2257; baseline 0.003 -11"><span class='ocrx_word' id='word_1_362' title='bbox 765 2214 904 2246; x_wconf 87' lang='lat' dir='ltr'><strong>modum</strong></span> <span class='ocrx_word' id='word_1_363' title='bbox 933 2214 1035 2246; x_wconf 89' lang='lat' dir='ltr'><strong>etiam</strong></span> <span class='ocrx_word' id='word_1_364' title='bbox 1059 2216 1244 2254; x_wconf 69' lang='grc' dir='ltr'><em>ἐκμανῆναι</em></span> <span class='ocrx_word' id='word_1_365' title='bbox 1263 2224 1409 2257; x_wconf 86' lang='lat' dir='ltr'><strong>usurpa-</strong></span> 
     </span>
     <span class='ocr_line' id='line_1_67' title="bbox 765 2259 1408 2301; baseline 0.006 -10"><span class='ocrx_word' id='word_1_366' title='bbox 765 2264 829 2291; x_wconf 88' lang='lat' dir='ltr'><strong>tur.</strong></span> <span class='ocrx_word' id='word_1_367' title='bbox 880 2259 979 2296; x_wconf 77' lang='lat' dir='ltr'><strong>Quod</strong></span> <span class='ocrx_word' id='word_1_368' title='bbox 1019 2263 1117 2301; x_wconf 85' lang='lat' dir='ltr'><strong>patet</strong></span> <span class='ocrx_word' id='word_1_369' title='bbox 1152 2261 1197 2293; x_wconf 80' lang='lat' dir='ltr'><strong>ab</strong></span> <span class='ocrx_word' id='word_1_370' title='bbox 1229 2260 1294 2292; x_wconf 90' lang='lat' dir='ltr'><strong>hoc</strong></span> <span class='ocrx_word' id='word_1_371' title='bbox 1325 2261 1408 2295; x_wconf 87' lang='lat' dir='ltr'><strong>loco</strong></span> 
     </span>
     <span class='ocr_line' id='line_1_68' title="bbox 764 2305 1406 2348; baseline 0.006 -12"><span class='ocrx_word' id='word_1_372' title='bbox 764 2305 969 2346; x_wconf 84' lang='lat' dir='ltr'><strong>ahhorrere3</strong></span> <span class='ocrx_word' id='word_1_373' title='bbox 997 2306 1060 2337; x_wconf 85' lang='lat' dir='ltr'><strong>nisi</strong></span> <span class='ocrx_word' id='word_1_374' title='bbox 1085 2305 1173 2339; x_wconf 79' lang='lat' dir='ltr'><strong>sorte</strong></span> <span class='ocrx_word' id='word_1_375' title='bbox 1191 2306 1313 2348; x_wconf 82' lang='lat' dir='ltr'><strong>aliquis</strong></span> <span class='ocrx_word' id='word_1_376' title='bbox 1330 2317 1406 2340; x_wconf 87' lang='lat' dir='ltr'><strong>cre·</strong></span> 
     </span>
     <span class='ocr_line' id='line_1_69' title="bbox 764 2350 1408 2390; baseline 0.006 -8"><span class='ocrx_word' id='word_1_377' title='bbox 764 2350 908 2390; x_wconf 80' lang='lat' dir='ltr'><strong>diderit,</strong></span> <span class='ocrx_word' id='word_1_378' title='bbox 955 2351 1135 2385; x_wconf 86' lang='lat' dir='ltr'><strong>Platonem</strong></span> <span class='ocrx_word' id='word_1_379' title='bbox 1178 2353 1326 2385; x_wconf 82' lang='lat' dir='ltr'><strong>indolem</strong></span> <span class='ocrx_word' id='word_1_380' title='bbox 1363 2363 1408 2386; x_wconf 79' lang='lat' dir='ltr'><strong>ac</strong></span> 
     </span>
     <span class='ocr_line' id='line_1_70' title="bbox 763 2397 1406 2431; baseline 0.005 -3"><span class='ocrx_word' id='word_1_381' title='bbox 763 2401 918 2429; x_wconf 75' lang='lat' dir='ltr'><strong>naturam</strong></span> <span class='ocrx_word' id='word_1_382' title='bbox 941 2397 1212 2431; x_wconf 81' lang='lat' dir='ltr'><strong>adolescentium</strong></span> <span class='ocrx_word' id='word_1_383' title='bbox 1233 2401 1338 2431; x_wconf 77' lang='lat' dir='ltr'><strong>talem</strong></span> <span class='ocrx_word' id='word_1_384' title='bbox 1358 2399 1406 2431; x_wconf 86' lang='lat' dir='ltr'><strong>in-</strong></span> 
     </span>
     <span class='ocr_line' id='line_1_71' title="bbox 762 2442 1405 2485; baseline 0.006 -12"><span class='ocrx_word' id='word_1_385' title='bbox 762 2442 912 2483; x_wconf 78' lang='lat' dir='ltr'><strong>dicasse,</strong></span> <span class='ocrx_word' id='word_1_386' title='bbox 933 2452 1020 2484; x_wconf 78' lang='lat' dir='ltr'><strong>qnae</strong></span> <span class='ocrx_word' id='word_1_387' title='bbox 1037 2453 1204 2485; x_wconf 78' lang='lat' dir='ltr'><strong>nunquam</strong></span> <span class='ocrx_word' id='word_1_388' title='bbox 1223 2454 1289 2476; x_wconf 89' lang='lat' dir='ltr'><strong>non</strong></span> <span class='ocrx_word' id='word_1_389' title='bbox 1304 2448 1405 2477; x_wconf 85' lang='lat' dir='ltr'><strong>extra</strong></span> 
     </span>
     <span class='ocr_line' id='line_1_72' title="bbox 762 2490 1404 2533; baseline 0.002 -13"><span class='ocrx_word' id='word_1_390' title='bbox 762 2498 802 2520; x_wconf 89' lang='lat' dir='ltr'><strong>se</strong></span> <span class='ocrx_word' id='word_1_391' title='bbox 828 2490 994 2532; x_wconf 85' lang='lat' dir='ltr'><strong>rapiatur.</strong></span> <span class='ocrx_word' id='word_1_392' title='bbox 1027 2490 1139 2523; x_wconf 80' lang='lat' dir='ltr'><strong>Recte</strong></span> <span class='ocrx_word' id='word_1_393' title='bbox 1164 2491 1270 2532; x_wconf 84' lang='lat' dir='ltr'><strong>igitur</strong></span> <span class='ocrx_word' id='word_1_394' title='bbox 1295 2490 1404 2533; x_wconf 68' lang='grc' dir='ltr'><em>ἐμμα-</em></span> 
     </span>
     <span class='ocr_line' id='line_1_73' title="bbox 759 2532 1405 2576; baseline 0.003 -10"><span class='ocrx_word' id='word_1_395' title='bbox 759 2536 813 2574; x_wconf 77' lang='grc' dir='ltr'><strong>νῆ,</strong></span> <span class='ocrx_word' id='word_1_396' title='bbox 830 2532 860 2567; x_wconf 89' lang='lat' dir='ltr'><strong>h.</strong></span> <span class='ocrx_word' id='word_1_397' title='bbox 882 2546 911 2568; x_wconf 85' lang='lat' dir='ltr'><strong>e.</strong></span> <span class='ocrx_word' id='word_1_398' title='bbox 927 2534 1156 2576; x_wconf 80' lang='lat' dir='ltr'><strong>furiosam,</strong></span> <span class='ocrx_word' id='word_1_399' title='bbox 1180 2535 1405 2568; x_wconf 84' lang='lat' dir='ltr'><strong>vehemen-</strong></span> 
     </span>
     <span class='ocr_line' id='line_1_74' title="bbox 759 2580 1405 2623; baseline 0.005 -12"><span class='ocrx_word' id='word_1_400' title='bbox 759 2583 842 2612; x_wconf 88' lang='lat' dir='ltr'><strong>tem.</strong></span> <span class='ocrx_word' id='word_1_401' title='bbox 887 2581 982 2614; x_wconf 87' lang='lat' dir='ltr'><strong>Usus</strong></span> <span class='ocrx_word' id='word_1_402' title='bbox 1007 2580 1232 2623; x_wconf 84' lang='lat' dir='ltr'><strong>philosophus</strong></span> <span class='ocrx_word' id='word_1_403' title='bbox 1260 2586 1314 2614; x_wconf 88' lang='lat' dir='ltr'><strong>est</strong></span> <span class='ocrx_word' id='word_1_404' title='bbox 1339 2581 1405 2614; x_wconf 87' lang='lat' dir='ltr'><strong>hoc</strong></span> 
     </span>
    </p>
   </div>
   <div class='ocr_carea' id='block_1_8' title="bbox 758 2626 1405 2715">
    <p class='ocr_par' dir='ltr' id='par_1_12' title="bbox 758 2626 1405 2715">
     <span class='ocr_line' id='line_1_75' title="bbox 759 2626 1405 2670; baseline 0 -11"><span class='ocrx_word' id='word_1_405' title='bbox 759 2626 928 2660; x_wconf 77' lang='lat' dir='ltr'><strong>vocabulo</strong></span> <span class='ocrx_word' id='word_1_406' title='bbox 946 2628 1164 2670; x_wconf 71' lang='lat' dir='ltr'><strong>saepissime,</strong></span> <span class='ocrx_word' id='word_1_407' title='bbox 1178 2628 1283 2660; x_wconf 85' lang='lat' dir='ltr'><strong>veluti</strong></span> <span class='ocrx_word' id='word_1_408' title='bbox 1296 2627 1405 2668; x_wconf 81' lang='lat' dir='ltr'><strong>Legg.</strong></span> 
     </span>
     <span class='ocr_line' id='line_1_76' title="bbox 758 2670 1403 2715; baseline 0.003 -11"><span class='ocrx_word' id='word_1_409' title='bbox 758 2670 802 2704; x_wconf 83' lang='lat' dir='ltr'><strong>V.</strong></span> <span class='ocrx_word' id='word_1_410' title='bbox 818 2683 850 2714; x_wconf 91' lang='lat' dir='ltr'><strong>p.</strong></span> <span class='ocrx_word' id='word_1_411' title='bbox 873 2672 950 2708; x_wconf 78' lang='lat'><strong>734.</strong></span> <span class='ocrx_word' id='word_1_412' title='bbox 971 2675 1010 2706; x_wconf 71' lang='lat' dir='ltr'><strong>A.</strong></span> <span class='ocrx_word' id='word_1_413' title='bbox 1029 2672 1178 2707; x_wconf 85' lang='lat' dir='ltr'><strong>Phaedr.</strong></span> <span class='ocrx_word' id='word_1_414' title='bbox 1203 2683 1239 2715; x_wconf 91' lang='lat' dir='ltr'><strong>p.</strong></span> <span class='ocrx_word' id='word_1_415' title='bbox 1258 2672 1337 2708; x_wconf 84' lang='lat'><strong>251.</strong></span> <span class='ocrx_word' id='word_1_416' title='bbox 1361 2671 1403 2706; x_wconf 75' lang='lat' dir='ltr'><strong>E.</strong></span> 
     </span>
    </p>
   </div>
   <div class='ocr_carea' id='block_1_9' title="bbox 1471 736 1512 777">
    <p class='ocr_par' dir='ltr' id='par_1_13' title="bbox 1471 736 1512 777">
     <span class='ocr_line' id='line_1_77' title="bbox 1471 736 1512 777; baseline 0 0"><span class='ocrx_word' id='word_1_417' title='bbox 1471 736 1512 777; x_wconf 89' lang='lat' dir='ltr'><strong>B</strong></span> 
     </span>
    </p>
   </div>
  </div>
 </body>
</html>
