1612 2872
254 113 331 152 100

772 109 1147 153 PLATONIS

251 229 353 279 λέγε.
391 226 489 283 τῇδε
524 223 607 277 γὰρ
644 223 742 273 ἴσως
778 223 984 275 ἀκήκοας,
1021 223 1076 273 ὡς
1107 224 1373 280 Ἐπιμενίδης
1407 230 1580 280 γέγονεν

254 358 334 383 tnm
361 351 531 392 quidem
550 351 602 382 ad
619 361 681 382 me
700 351 880 391 attinet3

254 409 284 428 v.
310 398 353 428 ad
377 397 497 436 Remp.
524 396 547 428 l.
571 406 604 436 p.
629 396 707 430 329.
735 396 775 427 B.

300 461 391 502 τῇδε
427 459 502 504 γὰρ
534 463 635 495 ἴσως
666 459 880 505 ἀκήκοας]

253 506 350 538 Soita
376 512 428 538 est
451 508 570 539 Astii
595 509 807 546 coniectura,
831 510 879 540 le-

253 553 403 603 gendum
426 554 598 593 putantis:
619 550 682 594 ἤδη
709 551 773 595 γὰρ
799 555 882 586 ἴσως

252 608 304 627 ακ-

298 661 353 694 ιῦε
381 659 660 704 Ἐπιμενίδης
699 663 884 705 γέγονεν

258 705 364 750 ἀνὴρ
399 708 526 739 θεῖος
561 709 624 751 -Ῑ
672 708 792 741 Nudus
831 708 885 740 est

252 753 436 786 admodum
470 753 636 793 difficilis,
673 754 727 794 qui
760 754 790 785 i'n
821 753 884 785 hoc

254 800 329 830 loco
373 798 500 830 haeret.
561 799 793 832 Quamobrem
836 798 884 830 his

250 853 388 884 qnoque
414 843 527 875 verbis
557 853 662 885 nuper
687 853 768 875 usus
792 843 883 875 Zel-

253 890 369 920 lerus
395 893 449 920 est
473 888 570 919 stud.
588 889 747 920 Platonn.
775 899 806 929 p.
829 889 882 922 70.

252 938 287 965 et
312 933 373 966 111
401 944 450 974 sq.
476 932 517 964 ad
543 933 762 966 evertendam
791 933 884 964 huius

250 979 364 1019 operis
402 978 502 1010 fidem
546 982 580 1010 et
628 978 883 1010 auctoritatem.

249 1022 385 1056 Etenim
411 1023 504 1063 quod
526 1022 749 1065 Epimenides
772 1032 885 1055 narra-

252 1070 302 1099 lur
347 1066 414 1109 πρὸ
471 1069 535 1099 τῶν
576 1067 752 1109 Περσικῶν
807 1066 886 1099 δέκα

251 1113 342 1144 ἔτεσί
357 1111 525 1155 πρότερον
538 1113 691 1146 Athenas
711 1113 885 1154 profer-tus

252 1168 349 1199 esse,
390 1159 422 1190 id
465 1165 560 1191 certe
596 1168 662 1190 non
694 1161 884 1190 concordat

251 1212 327 1236 cum
358 1204 498 1236 aliorum
528 1203 733 1245 scriptorum
768 1213 881 1236 narra-

251 1248 354 1280 tione.
402 1249 486 1281 Nam
519 1248 550 1281 hi
583 1258 659 1281 enm
696 1250 881 1280 memoriae

248 1294 472 1334 prodiderunt
496 1296 563 1325 iam
581 1298 662 1335 post
679 1297 808 1326 trucem
837 1295 876 1325 il-

251 1340 314 1370 lam
347 1339 614 1371 internecionem
655 1348 790 1377 eorum,
826 1339 881 1379 qni

249 1393 313 1415 nna
363 1393 438 1416 cum
477 1383 609 1425 Cylone
656 1384 744 1415 inter
783 1394 879 1415 sacra

249 1428 406 1470 Olympia
438 1439 550 1461 arcem
577 1428 790 1460 Athenarum
820 1439 879 1460 oc-

248 1476 450 1514 cupassent,
503 1474 595 1506 iussu
633 1474 761 1505 oraculi
799 1473 883 1505 Del-

249 1517 334 1559 phici
358 1517 514 1550 Athenas
539 1523 696 1550 vocatum
723 1529 818 1557 esse,
847 1524 882 1550 nt

248 1563 479 1595 Athenienses
505 1564 662 1605 expiaret
683 1569 883 1604 pestemque

247 1609 447 1641 saevissime
467 1612 680 1649 grassantem
698 1613 879 1640 averteret.

246 1653 333 1690 Iam
362 1662 444 1685 vero
485 1655 648 1685 tumultus
693 1663 711 1684 a
750 1653 879 1693 Cylone

247 1698 330 1729 moti
370 1698 524 1738 Megacle
572 1696 770 1735 Archonte,
815 1698 878 1729 hoc

247 1746 299 1774 est
341 1742 477 1783 Olymp.
509 1741 565 1776 42.
598 1743 629 1776 1.
659 1753 702 1773 Ξ
737 1742 813 1776 612.
847 1753 877 1774 a.

246 1787 326 1819 Chr.
349 1797 381 1818 n.
407 1791 610 1826 evenerunt3
635 1787 677 1819 de
702 1788 822 1827 quihus
847 1797 876 1818 v.

244 1832 458 1864 Herodot.
496 1833 537 1863 V.
571 1833 624 1866 71.
665 1831 876 1872 Thucydi-

245 1877 318 1908 des
351 1877 379 1908 Ι.
416 1877 493 1911 126.
537 1877 756 1909 Plutarch.
803 1877 874 1908 Vit.

244 1922 363 1953 Solon.
397 1932 425 1954 c.
451 1922 506 1955 12.
542 1922 722 1963 Diogen.
759 1921 875 1954 Laert.

243 1967 272 1998 Ι.
298 1967 376 2001 110.
428 1967 604 1999 Adventus
638 1971 750 1998 autem
793 1966 874 2008 Epi-

243 2012 387 2043 menidis
413 2012 445 2043 in
470 2012 624 2044 Atticam
656 2011 772 2043 incidit
810 2012 874 2043 cir-

241 2057 326 2088 citer
350 2057 383 2088 in
408 2057 543 2098 Olymp.
567 2056 624 2090 46.
649 2056 719 2088 init.
747 2055 776 2088 h.
796 2067 824 2088 e.
842 2067 871 2088 a.

242 2102 319 2136 596.
346 2113 376 2134 a.
398 2101 479 2134 Chr.
506 2112 535 2133 n.
585 2101 804 2142 Quamquam
832 2102 874 2134 de

240 2148 306 2178 hac
332 2157 367 2179 re
391 2147 535 2179 nonnihil
559 2146 751 2188 discrepant
776 2152 871 2179 vete-

242 2202 313 2223 rum
341 2193 544 2233 scriptorum
579 2191 795 2231 testimonia,
831 2191 872 2224 de

240 2236 362 2277 quihus
380 2237 546 2269 subtiliter
561 2237 722 2277 exposuit
746 2236 777 2268 H
791 2237 822 2268 ei
834 2246 872 2268 n-

241 2281 331 2313 rich
366 2282 398 2312 in
433 2281 631 2323 Epimenide
663 2292 696 2322 p.
729 2281 773 2315 15
798 2292 868 2322 sqq.

241 2335 389 2367 quocum
423 2326 512 2358 conf.
544 2327 646 2358 etiam
679 2326 870 2358 Siehelis

238 2371 280 2402 ad
323 2371 468 2402 Pausan.
511 2371 534 2402 l.
567 2370 631 2411 28,
664 2371 697 2405 5.
730 2381 761 2412 p.
793 2371 869 2405 102.

239 2415 308 2447 Sed
339 2416 428 2447 circa
463 2415 542 2447 illud
583 2420 870 2457 tempus‚tnme11

238 2460 412 2501 probabile
444 2464 498 2492 est
533 2469 606 2492 eum
641 2461 867 2493 celebratissi-

227 2503 312 2536 'mas
342 2505 417 2536 illas
451 2504 663 2537 Athenarum
694 2506 868 2538 lustratio-

237 2558 297 2581 nes
322 2549 521 2588 instituisse,
548 2548 592 2581 de
615 2549 736 2590 quibus
761 2561 866 2591 expo-

237 2597 319 2625 nunt
346 2593 526 2634 Diogen.
571 2593 686 2626 Lae‘rt.
724 2595 754 2626 in
787 2597 867 2628 Vita

238 2637 426 2680 Epimenid.
455 2639 482 2669 1.
509 2648 536 2669 c.
566 2638 618 2672 10.
645 2639 674 2680 ᾗ.
702 2638 768 2672 109
793 2651 865 2682 sqq.

950 352 1175 385 Plutarch.
1228 353 1291 384 vit.
1341 352 1414 387 Sol.
1457 363 1485 384 c.
1525 352 1579 385 12.

949 396 1105 429 Snidas
1144 408 1170 429 s.
1203 408 1233 429 v.
1265 395 1475 439 Ἐπιμενίδης
1510 397 1577 436 alii,

949 452 1092 484 quornm
1128 445 1222 474 locos
1256 445 1396 484 egregie
1420 442 1578 474 tractavit

952 488 1169 520 Heinrich.
1195 488 1217 521 l.
1244 499 1272 520 c.
1301 499 1332 529 p.
1357 488 1401 521 87
1428 506 1472 511 —-
1498 486 1575 520 118.

952 533 1108 564 Hoeck.
1136 533 1239 564 Kreta
1268 534 1340 565 Vol.
1367 530 1434 564 ΙΙΙ.
1461 543 1492 574 p.
1512 531 1580 565 246

949 596 991 601 -
1008 577 1085 611 286.
1124 577 1223 615 Quod
1250 578 1350 619 igitur
1378 578 1476 609 Plato
1502 587 1577 608 uar-

950 628 1000 654 rat
1043 623 1274 664 Epimeniden·
1312 623 1431 654 decern
1481 622 1578 653 annis

950 672 1030 699 ante
1063 669 1228 700 bellorum
1266 668 1480 700 Persicorum
1517 666 1578 697 ini-

945 713 1030 754 ·tinm
1053 712 1199 744 Athenas
1226 714 1371 752 venisse,
1399 712 1430 743 id
1457 714 1578 744 mirum

900 746 1111 798 ‘'‘xquantum
1145 757 1186 788 ab
1211 758 1351 789 aliorum
1388 756 1580 789 narratione

950 802 1090 834 recedit.
1139 802 1380 834 Difficultatem
1414 802 1578 842 interpre-

948 846 1051 878 tando
1083 849 1204 879 tollere
1241 852 1383 878 conatus
1422 851 1475 879 est
1513 848 1577 879 Al-

951 891 1309 924 dobrandinns
1353 891 1394 923 ad
1435 893 1577 932 Diogen.

952 937 1066 968 Laert.
1094 939 1113 968 l.
1140 947 1182 969 c..
1209 938 1264 977 qui
1291 937 1391 968 rerba
1410 937 1578 969 Platonis:

952 979 1018 1021 πρὸ
1054 983 1118 1012 τῶν
1155 981 1328 1023 Περσικῶν
1367 980 1445 1012 δέκα
1493 982 1579 1013 ἔτεσι

952 1024 1132 1068 πρότερον,
1157 1028 1322 1068 explicat:
1348 1032 1577 1068 antequam

957 1072 1121 1104 Persae
1155 1072 1192 1103 in
1242 1072 1416 1115 Lydiam
1466 1073 1578 1104 veni-

952 1121 1061 1150 rent.
1123 1117 1176 1148 Ita
1224 1118 1335 1148 enim>
1362 1121 1457 1158 putat
1502 1127 1577 1150 cum

955 1162 1091 1193 Laertio
1147 1163 1339 1194 consentire
1388 1162 1579 1201 Platonem,

951 1207 1112 1247 siquidem
1153 1206 1264 1249 Cyrus
1304 1216 1360 1238 res
1398 1207 1577 1240 Persarum

950 1251 1078 1283 Sardes
1112 1252 1287 1293 ingressus
1319 1252 1495 1283 sit'vietor
1519 1262 1578 1284 au-

950 1297 998 1337 nis
1031 1296 1148 1328 decem
1184 1301 1362 1338 postquam
1401 1297 1577 1338 Epimeni—

949 1341 1011 1372 des
1036 1341 1151 1373 urbem
1185 1341 1341 1373 Athenas
1372 1343 1576 1383 purgaverit.

949 1387 999 1418 At
1024 1387 1195 1419 enimvero
1228 1388 1258 1418 in
1290 1387 1421 1418 irritum
1454 1387 1578 1420 cadere

949 1431 1032 1463 hanc
1071 1433 1256 1469 rationem,
1305 1432 1474 1464 subtiliter
1516 1432 1576 1464 de-

951 1478 1153 1509 monstravit
1219 1476 1577 1509 Hemsterhusius

949 1521 992 1552 ad
1022 1522 1159 1553 bur-iani
1185 1522 1322 1554 Timo).
1350 1521 1391 1552 T.
1408 1522 1436 1552 I.
1453 1532 1484 1563 p.
1502 1523 1577 1556 111.

948 1576 975 1599 s.
1007 1577 1038 1607 p.
1065 1567 1131 1601 379
1157 1578 1229 1608 sqq.
1256 1568 1308 1599 ed.
1336 1567 1458 1598 Lehm.
1504 1568 1576 1599 Pri-

948 1621 1039 1642 mum
1076 1614 1161 1643 enim
1194 1613 1244 1644 vir
1279 1613 1400 1643 doctus
1429 1612 1576 1645 calculos

947 1657 1034 1687 male
1058 1657 1239 1695 suhduxit,
1282 1657 1309 1687 si
1340 1655 1479 1696 quidem
1506 1658 1574 1698 ipsi

943 1711 1004 1741 pro
1030 1700 1149 1733 decem
1180 1702 1275 1733 annis
1309 1701 1436 1732 rectius
1461 1700 1574 1734 dicen-

946 1745 1027 1777 dum
1069 1745 1128 1778 fuit
1170 1746 1391 1788 Olympiadas
1440 1746 1572 1779 decem.

947 1789 1081 1822 Deinde
1107 1801 1147 1822 ne
1174 1793 1256 1831 legit
1287 1790 1420 1831 quidem
1458 1792 1574 1832 proxi-

946 1845 1018 1866 ma:
1046 1836 1098 1866 καὶ
1125 1834 1166 1876 δὴ
1192 1837 1245 1867 καὶ
1259 1836 1491 1876 φοβουμένων
1515 1834 1575 1868 τὸν

946 1879 1116 1921 Περσικὸν
1146 1877 1219 1912 Ἀθ.
1256 1880 1391 1918 στόλον,
1423 1892 1452 1912 κ.
1492 1893 1517 1913 t.
1545 1883 1571 1914 λ.

943 1935 1029 1965 qnae
1062 1926 1140 1966 quin
1174 1926 1215 1958 ad
1253 1926 1422 1958 Mardonii
1458 1926 1487 1958 in
1514 1927 1574 1959 Io-

942 1971 1042 2009 niam,
1069 1970 1251 2003 Thraciam
1271 1982 1310 2003 ac
1323 1969 1572 2011 Macedoniam,

942 2019 999 2046 aut
1023 2016 1136 2056 potins
1163 2016 1262 2047 Datis
1295 2020 1328 2048 et
1353 2015 1572 2057 Artaphernis

942 2060 973 2091 in
1002 2061 1147 2093 Atticam
1183 2060 1435 2102 expeditionem
1465 2062 1570 2101 perti—

941 2110 1060 2143 neant,
1098 2106 1207 2137 nullus
1236 2110 1289 2138 est
1316 2105 1492 2137 dubitandi
1518 2107 1569 2138 lo-

941 2159 1010 2180 cus.
1072 2150 1194 2190 Itaque
1242 2151 1340 2182 Plato
1385 2150 1570 2183 manifesto

939 2195 1080 2235 statuit,
1137 2194 1376 2236 Epimenidem
1432 2195 1570 2228 Athenis

937 2239 1046 2271 fuisse
1093 2239 1242 2271 secundo
1291 2240 1436 2272 tertiove
1482 2250 1570 2273 anno

938 2283 1072 2324 Olymp.
1101 2283 1279 2323 LXVlll.,
1308 2286 1370 2316 hoc
1396 2290 1470 2323 est,
1507 2296 1567 2318 sex

939 2333 972 2360 et
997 2329 1132 2369 triginta
1154 2330 1228 2369 plus
1251 2330 1358 2361 minus
1377 2331 1471 2362 annis
1490 2335 1568 2371 post

936 2378 1117 2414 occupatas
1147 2384 1166 2405 a
1199 2376 1289 2415 Cyro
1319 2375 1468 2415 Sardes,
1499 2380 1567 2412 aut,

936 2418 962 2449 si
998 2420 1103 2449 mavis
1150 2419 1214 2450 snb
1260 2419 1390 2451 initium
1431 2420 1566 2462 Olymp.

934 2461 1042 2495 LXX.
1091 2464 1182 2503 quod
1233 2469 1444 2505 postremum
1494 2466 1564 2506 pla·

933 2507 1006 2539 cuit
1038 2508 1135 2540 etiam
1174 2508 1383 2541 Bentleio
1423 2510 1455 2540 iu
1496 2509 1564 2542 Re-

934 2561 1051 2592 spons.
1078 2553 1119 2584 ad
1140 2553 1236 2594 Boyl.
1253 2554 1381 2595 Opusc.
1408 2553 1512 2587 critic.
1533 2564 1564 2595 p.

936 2595 1011 2630 182.
1054 2597 1141 2629 conf.
1191 2597 1242 2630 Cl
1262 2598 1270 2629 i
1287 2608 1305 2630 n
1322 2602 1335 2630 t
1354 2609 1374 2630 ο
1392 2607 1423 2629 n.
1470 2596 1563 2632 Fast.

937 2641 1069 2676 Hellen.
1100 2653 1131 2683 p.
1152 2643 1230 2678 255.
1283 2643 1464 2675 Praeterea
1491 2642 1562 2683 phi-
