1612 2872
205 536 212 556 1

268 103 344 144 MG

740 98 1111 142 ‘PLATONIS

266 219 339 260 καὶ
358 215 466 270 πρὸς
494 214 542 258 τὸ
577 217 714 270 γῆρας
737 217 1015 269 παρεγένετο·
1045 218 1182 266 τέλεος
1208 216 1240 258 δ’
1287 211 1366 260 οὖν
1390 218 1466 261 ἔστ’
1501 218 1578 263 ἄν·

266 286 450 337 θρωπος
484 283 623 322 ταῦτα
660 282 730 322 καὶ
772 278 826 321 τὰ
871 285 916 322 ὲν
951 280 1119 331 τούτοις
1149 280 1294 324 πάντα
1329 289 1579 339 κεκτημένος

198 345 236 386 Β
264 346 438 402 ἀγαθά.
480 348 679 388 παιδείαν
712 344 763 398 δὴ
800 349 902 400 λέγω
938 345 1018 398 τὴν
1057 354 1431 404 παραγιγνομένην
1466 353 1577 408 πρῶ-

355 544 498 576 τὲλεοε
534 539 571 573 δ’
606 535 701 582 οὖν]
746 543 781 574 V.

819 545 950 577 τέλειος.

995 546 1147 587 Recepta
1155 557 1184 579 m
1219 548 1418 589 scripturam
1458 546 1579 578 habent

266 591 305 621 Α
321 590 358 624 Ξ.
375 588 412 621 9.
429 600 458 622 v.
471 590 494 622 f.
509 589 538 622 h.
554 599 584 621 a.
599 600 626 622 c.
643 600 671 621 ο.
687 589 715 621 δ.
769 592 854 624 Dein
886 602 948 634 pro
980 591 1068 623 ἔστιν
1097 589 1285 634 ἄνθρωπος
1310 594 1347 624 Α.
1374 592 1411 623 Β.
1434 591 1470 626 Ξ.
1509 588 1577 623 ἔστ’
1610 635 1612 638 ⁴

264 633 461 679 ἅνθρωπος.

353 681 394 713 Β.
421 680 800 735 παραγιγιομὲνην
832 680 1020 722 πρῶτον]
1061 681 1193 725 πρώτην
1229 681 1284 720 9.,
1316 682 1375 713 sed
1408 682 1439 713 in
1472 692 1565 723 marg
1610 686 1612 690 ⁴

265 736 351 759 corr.
379 730 412 759 et
435 726 458 757 f.
483 725 563 759 Mox
591 724 648 757 ἐὰν
679 722 797 768 ὀρθωε
822 726 903 760 Eus.
930 727 1152 771 Praep.X11.
1179 729 1231 764 18
1257 740 1289 770 p.
1319 728 1396 763 591.
1424 728 1462 762 Ι),

308 883 348 915 Β.
388 883 586 916 παιδείαν
614 880 662 925 δὴ
694 883 796 927 λέγω
828 883 888 926 -]

264 928 378 961 Locus
404 939 563 970 perquam
589 928 744 961 difficilia.
770 928 836 962 Qui
854 932 890 960 ut

263 978 356 1007 recte
380 975 585 1016 explicetur,
611 978 688 1005 ante
713 973 823 1006 omnia
847 972 890 1006 de

262 1019 440 1052 verborum
451 1020 615 1051 sententia
623 1019 777 1052 universe
787 1027 890 1059 quae-

262 1063 401 1097 rendum
428 1069 490 1098 eet.
518 1064 623 1096 Redit
643 1069 756 1097 autem
782 1073 832 1102 ea,
856 1064 886 1096 ai

261 1108 698 1151 quidiudicarepossnmus,
714 1111 786 1142 fere
802 1108 884 1141 huc:

262 1154 532 1196 „Educationem
568 1155 639 1187 sive
675 1154 885 1197 disciplinam

260 1200 362 1242 igitur
373 1210 497 1233 censeo
523 1201 553 1232 in
574 1211 615 1232 eo
634 1202 778 1242 positam
796 1209 885 1241 esse,

260 1250 300 1278 ut
323 1246 434 1287 pueris
459 1245 599 1286 primum
632 1247 738 1278 virtus
761 1246 886 1286 imper-

261 1290 384 1324 tiatur=
409 1290 469 1323 ned
493 1300 593 1332 quum
618 1290 652 1323 id
678 1296 738 1324 aut
753 1291 801 1323 sic
813 1289 885 1322 fieri

261 1336 387 1378 possit,
411 1341 448 1368 ut
473 1337 564 1378 pueri
590 1346 711 1368 sensus
736 1341 770 1369 et
793 1335 886 1377 cupi-

260 1381 382 1414 ditatos
411 1391 485 1414 cum
516 1381 645 1414 ratione
677 1380 886 1414 concordan-

261 1431 314 1460 ten
338 1425 501 1466 habeant,
525 1428 677 1468 quamvis
701 1427 830 1459 ratione
854 1426 886 1458 in

258 1472 342 1515 ipsis
366 1471 512 1505 nondum
548 1473 742 1505 confirmata
770 1475 805 1505 et
827 1481 885 1503 ro-

259 1517 399 1558 borata,
435 1520 493 1550 aut
517 1527 559 1549 eo
583 1518 704 1558 modo,
736 1522 773 1550 ut
805 1526 886 1548 con-

259 1572 380 1596 sensu·
409 1563 467 1595 ille
504 1563 635 1596 ratione
670 1563 737 1595 iam
772 1562 886 1595 adulta

257 1608 291 1640 iu
314 1608 398 1650 ipsis
410 1607 604 1649 reperiatur,
623 1608 793 1650 posterius
813 1606 886 1648 qui—

260 1652 337 1686 dem
368 1662 434 1685 non
466 1651 600 1686 videtur
633 1653 675 1685 ad
707 1653 884 1685 educatio·

258 1708 332 1732 nem
368 1698 557 1739 pertinere,
591 1699 715 1740 quippe
753 1699 785 1730 in
816 1708 883 1740 quo

259 1747 418 1776 cernatur
440 1743 558 1782 virtus,
583 1754 670 1786 quae
692 1747 785 1777 recta
801 1743 883 1776 edu-

242 1788 394 1821 >*catione
419 1785 560 1821 efficitur
579 1789 722 1831 quidem,
746 1799 808 1821 nec
826 1799 883 1820 ve-

258 1844 297 1867 ro
315 1833 384 1866 ad·
375 1833 480 1876 lpsiufl
493 1834 559 1866 vim
577 1839 794 1875 naturamque
808 1843 884 1876 per-

257 1881 353 1913 tinet.
400 1879 473 1912 Imo
505 1879 679 1913 educatio·
696 1880 882 1913 subiectam

258 1926 320 1960 sibi
343 1926 438 1968 quasi
455 1927 640 1967 materiam,
664 1928 697 1959 in
721 1937 787 1969 qua
812 1927 882 1959 ela-

257 1972 374 2009 boret,
403 1970 466 2003 hoc
490 1980 591 2005 unum
619 1972 742 2006 habere
766 1971 882 2005 existi-

256 2016 378 2050 manda
403 2020 465 2055 est,
491 2021 530 2050 ut
542 2019 751 2061 voluptatum
766 2027 806 2050 ac
822 2016 883 2049 do-

256 2064 366 2095 lorum
391 2071 511 2094 sensus
534 2067 628 2096 recte
653 2066 884 2105 temperentur

257 2112 359 2150 atque
394 2108 644 2149 gubernentur,
680 2118 746 2150 quo
787 2107 884 2149 pueri

256 2163 295 2186 ea
319 2152 451 2185 discant
474 2157 634 2195 expetere
665 2157 700 2185 et
723 2154 883 2193 aversari,

255 2207 340 2239 quae
351 2198 566 2231 conveniat.“
585 2198 685 2231 Haec
702 2199 804 2240 igitur
816 2198 880 2232 1081

256 2243 424 2276 sententia
447 2247 510 2275 est.
537 2243 637 2277 Quod
661 2245 688 2276 ei
713 2254 792 2277 vere
810 2248 881 2276 sta—

255 2287 399 2326 mimus,
428 2287 506 2330 quid
537 2287 580 2320 de
605 2289 784 2322 verborum
814 2289 881 2322 sin-

255 2333 410 2375 guiorum
447 2334 726 2375 interpretatione
765 2334 880 2370 existi-

257 2377 414 2412 mnndum
449 2378 511 2416 sit,
547 2379 680 2412 facinus
710 2379 882 2413 diiudicari

257 2423 395 2466 poterit.
433 2422 553 2464 Itaque
578 2425 720 2466 primum
745 2425 879 2467 quidem

257 2468 444 2502 cavendum
473 2472 543 2507 est,
577 2480 616 2501 ne
644 2468 724 2503 'cnm
748 2470 879 2503 Aetio

256 2514 396 2554 aiiieque
432 2514 583 2546 voculam
620 2515 659 2547 δέ
693 2516 725 2547 in
772 2514 879 2548 hiace=

256 2556 358 2601 ἡδονῆ
384 2558 428 2590 δὲ
450 2557 504 2589 καὶ
526 2559 619 2600 φιλία
642 2559 710 2592 κτλ.
730 2569 792 2601 pro
815 2558 879 2603 γάρ

255 2603 399 2646 potitam
423 2613 501 2635 esse
522 2604 764 2645 existimemus.
811 2606 880 2638 ve÷

256 2650 391 2687 irssime
405 2652 491 2686 enim
511 2653 706 2688 Bremius
729 2653 773 2686 ad
794 2654 880 2698 Epi-

956 885 1033 917 stol.
1051 885 1183 918 Socrat.
1202 897 1234 928 p.
1257 886 1334 920 323.
1359 886 1492 918 censuit
1505 896 1577 927 par-

956 930 1091 964 ticulam
1112 931 1361 964 adversativam
1385 931 1518 973 propria
1544 931 1576 963 vi

955 986 994 1008 ac
1018 981 1187 1016 potestate
1217 987 1277 1009 sua
1308 987 1476 1018 nunquam
1508 977 1577 1018 pri-

955 1021 1035 1058 vari,
1059 1022 1192 1054 etiamsi
1224 1022 1389 1054 interdurn
1415 1031 1488 1054 cum
1512 1019 1578 1065 γάρ

954 1067 1138 1108 permutari
1154 1067 1424 1108 possevideatur.
1463 1067 1576 1099 Acce-

953 1111 1001 1144 dit
1028 1122 1125 1152 vero,
1157 1111 1250 1154 quod
1285 1122 1350 1144 non
1381 1111 1417 1143 δὲ
1447 1111 1508 1144 aed
1533 1109 1574 1152 δή

951 1156 1132 1199 legendum
1165 1168 1241 1190 esne
1278 1156 1377 1189 codd.
1407 1158 1576 1197 evincunt,

953 1202 1017 1236 hoc
1038 1212 1156 1235 sensu:
1182 1204 1386 1244 voluptas
1414 1201 1577 1235 scilicet

953 1253 998 1281 et
1048 1249 1241 1281 amicitia
1283 1251 1407 1288 atque
1456 1247 1578 1280 dolor

953 1299 995 1326 et
1020 1293 1157 1326 odium
1189 1294 1223 1324 ni
1255 1294 1396 1325 statim
1427 1292 1577 1325 abini-

951 1340 1013 1372 tio
1035 1338 1202 1381 (πρῶτον)
1223 1343 1338 1371 recte
1362 1338 1401 1370 in
1425 1337 1575 1371 animis

952 1395 970 1416 e
980 1395 999 1416 x
1011 1385 1018 1416 i
1028 1389 1091 1416 sta
1102 1387 1142 1416 nt
1154 1383 1430 1425 ctrJtaqueistnd
1440 1382 1575 1424 quidem

950 1430 983 1462 in
1000 1430 1116 1472 aprico
1135 1433 1198 1461 est.
1232 1429 1300 1462 Sed
1317 1428 1405 1461 aliud
1422 1427 1500 1470 quid
1523 1432 1576 1460 est

950 1475 983 1506 in
1008 1474 1187 1517 proximis,
1212 1473 1254 1506 de
1278 1484 1348 1516 quo
1372 1483 1481 1515 nuper
1504 1483 1585 1507 mo-¹

951 1523 1008 1552 tae
1022 1523 1103 1552 sunt
1121 1520 1384 1552 controversiae.
1410 1518 1493 1552 Nam
1514 1527 1576 1560 pro

950 1566 1039 1606 vulg.
1065 1564 1253 1606 δυναμένων
1282 1563 1368 1606 λόγῳ
1393 1561 1577 1606 λαμβάνειν

950 1609 1195 1642 Boeckhius
1220 1618 1261 1640 ex
1279 1609 1426 1641 Euseb.
1450 1609 1573 1650 Praep.

949 1654 1010 1686 Ev.
1035 1653 1110 1687 XH.
1136 1654 1191 1688 18.
1218 1664 1248 1695 p·
1264 1654 1341 1688 591.
1358 1655 1397 1686 D.
1424 1653 1574 1687 revocari

949 1701 1035 1731 vult:
1077 1698 1147 1731 δυν.
1180 1697 1281 1740 λόγον
1320 1699 1446 1742 impp„
1483 1697 1573 1740 quod

948 1744 1073 1784 placuit
1093 1745 1197 1776 etiam
1214 1744 1372 1786 Vigero
1387 1744 1428 1776 ad
1447 1744 1572 1776 Euseb.

949 1800 981 1830 p.
1007 1789 1132 1822 Enseb.
1168 1800 1200 1831 p.
1225 1790 1280 1824 57.
1313 1790 1441 1822 Aetio
1476 1793 1510 1821 et
1533 1789 1572 1821 C.

950 1834 1011 1866 Fr.
1038 1835 1294 1872 Hermanno,
1317 1834 1371 1876 qui
1398 1836 1506 1867 locum
1529 1834 1573 1865 ita

949 1880 1101 1912 refictum
1127 1879 1314 1912 ediderunt.
1340 1880 1392 1912 Ac
1416 1879 1573 1921 profecto

948 1923 1051 1966 λόγον
1079 1923 1257 1966 λαμβάνειν
1292 1925 1490 1966 saepissime
1522 1923 1572 1956 di-

949 1973 1071 2002 cuntur
1094 1970 1148 2012 qui
1172 1980 1324 2002 causeam
1352 1973 1386 2002 et
1408 1971 1573 2003 rationem

948 2015 1089 2047 alicuius
1115 2015 1165 2047 rei
1194 2015 1382 2057 percipiunt
1414 2018 1450 2047 et
1473 2014 1572 2046 intel—

948 2060 1073 2102 ligunt,
1104 2060 1206 2092 veluti
1238 2059 1398 2100 Legv.1.
1429 2070 1462 2101 p.
1494 2058 1572 2094 645

950 2105 989 2138 Β.
1005 2105 1158 2144 DeRep.
1172 2104 1228 2139 111.
1249 2115 1281 2146 ρ.
1296 2104 1374 2139 401.
1399 2105 1438 2136 D.
1460 2104 1515 2138 Vl.
1536 2114 1570 2145 p.

947 2149 1024 2185 534.
1053 2150 1091 2184 B.
1116 2149 1258 2182 Theaet.
1287 2161 1318 2192 p.
1342 2150 1419 2184 148.
1449 2149 1490 2182 Β.
1525 2151 1570 2181 al.

947 2195 1016 2227 Sed
1048 2205 1113 2228 nec
1151 2191 1334 2236 λαμβάνειν
1367 2194 1473 2236 λόγῳ,
1509 2204 1571 2226 1·8-

947 2241 1062 2273 tione
1099 2239 1461 2281 comprehendere
1500 2239 1570 2272 vel

947 2285 1220 2327 inteiligere‚
1268 2285 1457 2328 infrequens
1506 2288 1570 2324 est,

947 2340 1046 2374 quam
1071 2331 1102 2362 in
1125 2340 1197 2362 rem
1224 2331 1296 2371 ipse
1318 2328 1570 2363 Boeckhiua

948 2379 1123 2418 comparat
1155 2375 1261 2414 Legg.
1295 2376 1320 2408 1.
1353 2386 1385 2418 p.
1419 2374 1496 2410 638.
1529 2375 1568 2407 C.

947 2422 1096 2464 Sophist.
1123 2432 1155 2462 p.
1178 2420 1256 2455 249.
1283 2422 1322 2453 1).
1342 2422 1418 2454 Jon.
1443 2431 1475 2461 p.
1490 2418 1568 2454 532.

946 2467 986 2501 E.
1014 2467 1168 2499 Pnrmen.
1184 2477 1217 2508 p.
1228 2465 1359 2511 135.[·E.
1375 2466 1494 2506 quibus
1508 2464 1568 2496 ad-

945 2512 1006 2545 das
1030 2513 1110 2544 licet
1132 2511 1188 2543 De
1213 2512 1300 2553 Rep.
1327 2511 1407 2543 VII.
1430 2521 1463 2553 p.
1489 2510 1566 2544 529.

944 2557 989 2590 D.
1006 2556 1096 2589 Tim.
1113 2567 1144 2599 p.
1156 2557 1209 2591 29.
1231 2559 1267 2589 Α.
1285 2556 1423 2589 Lachet.
1441 2566 1472 2598 p.
1486 2554 1565 2590 194.

948 2603 986 2635 Β.
995 2603 1037 2635 81.
1054 2603 1215 2639 Quocirca
1225 2602 1281 2634 ubi
1293 2600 1497 2635 intellexeris
1507 2599 1536 2634 h.
1547 2600 1568 2632 1.

945 2646 1029 2682 αὐτὰ
1038 2649 1067 2682 h.
1077 2660 1106 2682 e.
1117 2646 1241 2691 ἡδονὴν
1248 2647 1420 2693 καὶφιλίαν
1429 2648 1499 2680 κτλ.
1514 2648 1565 2681 vel
