1612 2872
241 110 322 150 ‘286
747 104 1118 147 PLATONIS

238 226 361 275 γίστη
399 223 482 262 τῶν
515 225 742 278 μέμψεων,
788 219 966 270 ἰσότητα
1013 218 1164 267 αὐτοῖς
1198 217 1294 259 τινὰ
1331 231 1564 259 κατασκευ-

238 287 391 338 άζουσι
426 287 504 335 τῆς
539 284 712 334 οὐσίας,
757 283 865 340 ἥπερ
901 289 945 326 ὲν
979 281 1131 332 ἄλλαις
1167 286 1566 337 νομοθετουμέναις

240 350 388 394 πόλεσι
420 352 600 399 πολλαῖς
633 354 847 403 γίγνεται,
880 350 958 391 ὲοὶν
996 366 1059 398 τις
1095 351 1196 408 ζητῇ
1227 351 1305 401 γῆς
1340 365 1382 390 τε
1418 349 1566 398 κτῆσιν

240 423 371 458 κινεῖν
407 419 476 455 καὶ
511 415 648 470 χρεῶν
685 415 900 465 διάλυσιν,
942 414 1057 468 ὁρῶν
1092 413 1148 462 ὡς
1182 412 1259 455 οὐκ
1294 411 1351 455 ἂν
1385 403 1564 455 δύναιτο

238 480 343 522 ἄνευ
381 479 546 521 τούτων
581 485 791 535 γενέσθαι
826 483 931 523 ποτὲ
967 478 1015 522 τὸ
1040 479 1134 521 ἰ’σον
1171 481 1350 527 ἱκανῶς·
1387 477 1443 527 ὡς
1476 476 1565 519 ἔπιέ

236 548 452 600 χειροῦντι
497 545 548 596 δὴ
588 550 814 604 νομοθέτῃ
860 554 991 587 κινεῖν
1037 547 1122 586 τῶν
1159 543 1368 586 τοιούτων
1406 560 1445 585 τι
1479 545 1567 592 πᾶς

238 610 417 665 ἀπαντᾷ
454 613 585 663 λέγων
619 612 677 666 μὴ
712 619 843 653 κινεῖν
887 609 941 652 τὰ
980 609 1185 660 ἀκίνητα,
1235 612 1305 651 καὶ
1349 610 1566 662 ἐπαρᾶται

238 679 316 729 γῆς
359 693 402 717 τε
438 676 723 731 ἀναδασμοὺς
767 675 1071 729 εὶςηγούμενον
1114 678 1195 727 και
1224 678 1360 729 χρεῶν
1401 673 1566 716 ἀποκο-

239 743 350 793 πάς,
393 739 500 783 ὥστε
545 747 603 791 εὶς
647 741 839 795 ἀπορίαν
885 744 1198 783 καθίστασθαι
1233 738 1366 782 πάντ’
1408 737 1565 794 ἄνδρα.

239 815 330 856 τοῖς
365 808 408 848 δὲ
444 805 496 857 δὴ
534 810 740 862 Δωριεῦσι
775 809 845 849 καὶ
881 805 1007 849 τοῦθ’
1058 804 1194 854 οὕτως
1230 804 1392 859 ὑπῆρχε
1428 806 1567 853 καλῶς

332 946 414 987 Cap.
452 945 504 977 v.1
546 947 583 978 D.
617 944 721 987 ἥπερ
757 945 801 977 ἐι
825 944 984 986 ἄλλαις]
1018 942 1172 985 ἀλλήλαις
1205 942 1285 975 ΩἛ
1256 955 1292 977 ς..
1304 954 1331 975 v.
1342 944 1521 976 s.....hrac
1535 942 1563 974 δ.

242 1014 270 1032 ο.
282 1012 314 1033 x.
341 1002 381 1032 Iu
407 1001 492 1032 Ven.
520 1001 558 1035 Ξ.
583 1005 671 1033 teste
699 1002 816 1034 Bastio
831 1002 939 1034 media
954 1002 1081 1044 syllaba
1102 1002 1138 1042 λη
1153 1001 1286 1054 punt-lis
1305 1005 1430 1031 notata.
1465 999 1565 1037 Quod

244 1047 420 1079 Bekkerus
445 1050 558 1078 narrat
583 1049 680 1079 etiam
705 1047 735 1078 in
761 1050 835 1079 Par·
864 1051 901 1078 Α.
928 1047 1090 1088 scriptum
1123 1046 1186 1086 legi
1212 1041 1380 1085 ἀλλήλαις,
1410 1044 1460 1084 id,
1499 1045 1565 1076 ssa-
1591 1053 1594 1054 ⁷

241 1155 451 1197 μοθέταις
495 1153 511 1195 ἡ
556 1157 739 1197 μεγίστη
792 1158 869 1186 τῶν
937 1155 1025 1187 dicat
1049 1155 1394 1195 illoslegnmlatores‚
1418 1152 1566 1194 quisine

239 1203 443 1242 μέμψεων]
471 1200 561 1232 Νοιι
583 1201 868 1232 incurrebant

242 1247 563 1286 legumlatores
588 1247 627 1276 in
649 1245 866 1277 maximam

240 1290 352 1321 illam
373 1291 867 1331 vituperationem,quum

240 1335 548 1375 aequalitatem
657 1335 866 1367 bonorum

241 1389 259 1410 c
270 1390 289 1411 ο
303 1390 320 1410 ιι
334 1390 348 1409 s
359 1383 370 1410 t
381 1380 392 1409 i
403 1384 414 1410 t
425 1390 443 1410 u
455 1390 472 1411 e
484 1383 588 1411 rent.
649 1381 867 1411 Constructio

240 1426 436 1456 verborum:
472 1423 489 1463 ἡ
523 1424 662 1466 μεγίστη
693 1426 760 1455 τῶν
787 1426 869 1466 μέμ-

239 1477 343 1509 ψεων,
379 1478 541 1509 perquam
575 1470 698 1501 usitata
730 1469 868 1502 Graecis

240 1514 310 1545 fult.
337 1514 428 1546 Infra
456 1514 510 1546 Ul.
539 1524 569 1554 p.
591 1515 668 1548 702
695 1515 732 1545 C‘
766 1527 782 1554 η
804 1527 869 1556 γαρ

239 1560 374 1599 πλειστη
399 1570 459 1610 1ch
485 1557 621 1599 Κρήτης
646 1561 752 1598 ἐπιχει
744 1562 819 1599 «pri,
846 1560 865 1590 i.

241 1614 269 1633 e.
321 1604 496 1635 maxima
545 1613 641 1642 pars
701 1604 865 1634 Cretae.

241 1647 394 1689 Sympos
427 1658 458 1688 p
488 1647 566 1680 209.
601 1649 651 1678 A=
685 1646 702 1686 ἦ
728 1648 866 1688 μεγίστη

237 1693 294 1723 καὶ
317 1692 377 1722 κα)
384 1694 476 1732 λίστη
501 1695 561 1731 ’τῆς
585 1690 785 1732 φρονήσεως.
818 1693 867 1724 De

238 1737 327 1778 Rep.
354 1737 407 1770 ill.
443 1747 474 1777 p·
499 1735 576 1769 416.
607 1737 650 1770 B:
684 1749 744 1776 την
772 1737 864 1778 μεγί-

238 1793 318 1821 στην
350 1785 412 1821 τῆς
441 1780 632 1834 εὐλαβείας.
671 1781 796 1822 Cratyl
832 1791 864 1821 p.

237 1826 314 1859 391.
351 1826 396 1857 B:
437 1824 453 1865 ἡ
488 1821 671 1866 ἅρθοτιίτη
705 1829 765 1866 τῆς
794 1826 866 1856 σκέ-

238 1880 336 1910 ψεως.
364 1870 469 1912 legg.
501 1881 532 1912 p.
559 1869 637 1905 689.
664 1871 711 1903 D:
748 1883 764 1910 η
792 1869 868 1901 καλ-

239 1916 331 1955 λίστη
355 1918 418 1946 τῶν
442 1915 653 1956 §ipwtpwudm
681 1915 865 1956 Thucyd.

237 1961 265 1992 Ι.
281 1959 317 1993 5:
345 1958 406 1991 τᾶν
424 1961 576 1991 πλεῖστον
592 1963 655 1991 τοῦ
676 1960 765 2001 βίου.
783 1959 868 1991 lbid.

237 2005 263 2038 l.
295 2004 353 2038 78:
389 2007 454 2035 τοῦ
485 2005 634 2044 πολέμου
663 2005 726 2035 τὸν
758 2003 868 2046 παρά-

238 2051 350 2091 λογον.
380 2049 460 2080 lbid.
485 2049 516 2081 2.
543 2049 605 2083 56:
639 2053 697 2089 τῆς
722 2053 782 2091 γῆς
807 2047 868 2088 τήν

240 2093 383 2134 πολλήν,
435 2094 524 2135 quod
571 2095 680 2136 ipsum
724 2095 870 2126 recurrit

240 2140 340 2171 etiarn
367 2138 425 2170 Vl.
454 2140 484 2172 7.
511 2139 689 2172 105.1bid.
714 2138 790 2170 VII.
804 2137 866 2172 38:

237 2182 298 2223 τὴν
323 2183 475 2224 πλείστην
500 2188 561 2224 τῆς
586 2188 758 2227 στρατιᾶς.
785 2183 867 2216 lbid.

240 2227 329 2260 Vlll.
362 2228 398 2261 ὃς
430 2231 493 2268 τῆς
524 2231 612 2264 λείας
644 2228 706 2269 τὴν
730 2227 868 2268 πολλήν.

239 2272 315 2303 Alia
340 2274 367 2303 si
392 2272 586 2312 desideres,
617 2273 761 2307 adeundi
791 2277 868 2304 sunt

240 2318 867 2360 Dorvill.adCharit.p.281.Hem-

240 2360 420 2393 aternus.
447 2362 656 2396 aerucian.
682 2364 711 2395 Ι.
739 2374 769 2404 ρ.
788 2361 866 2396 356.

239 2405 359 2438 Wolf.
392 2406 433 2438 ad
458 2407 634 2440 Demos'th.
668 2408 802 2448 Leptin.
836 2407 866 2448 ξ.

239 2451 268 2484 7.
296 2450 515 2482 Heindorf.
550 2452 592 2484 ad
619 2453 746 2493 Cratyl.
784 2453 803 2484 Ι.
838 2462 866 2484 c.

235 2497 342 2538 intpp.
373 2494 414 2527 ad
442 2495 561 2528 Lamb.
586 2497 668 2529 Bos.
703 2497 758 2528 De
784 2496 866 2528 Elli-

237 2541 288 2581 pni
314 2551 344 2581 ρ.
378 2540 454 2574 274.
483 2546 516 2572 et
539 2540 616 2575 306.
645 2548 666 2575 Α
684 2542 792 2573 etius
823 2540 865 2573 ad

236 2585 360 2626 Remp.
394 2585 423 2618 Ι.
448 2583 479 2617 2.
517 2596 548 2622 p.
575 2586 652 2620 328.
703 2587 863 2618 Ceterum

236 2629 325 2671 quod
339 2629 561 2671 philosophus
576 2630 627 2664 hic
639 2631 755 2664 felices
766 2641 865 2672 prae-

908 2276 1124 2311 ,moveat,

936 1201 1129 1240 cuiusquam
1148 1199 1271 1231 damno
1289 1203 1347 1232 aut
1360 1197 1479 1230 invidia
1504 1207 1565 1239 po-

936 1246 1061 1276 tuerint
1084 1245 1250 1275 bonornm
1274 1244 1510 1285 aequalitatem
1533 1242 1565 1272 in

936 1289 1127 1321 civitatibus
1163 1300 1181 1320 a
1221 1300 1258 1321 se
1289 1289 1433 1320 conditio
1471 1287 1565 1318 insti-

934 1338 1032 1366 tuere
1056 1339 1156 1374 atque
1181 1334 1328 1374 sancire,
1360 1332 1450 1367 idem
1480 1332 1566 1363 libro

939 1380 976 1410 V.
993 1390 1023 1420 p.
1037 1379 1113 1412 736.
1125 1379 1162 1410 C.
1180 1377 1436 1419 quodammodo
1451 1377 1566 1417 iterat,

937 1423 1209 1465 quandoquidem
1251 1424 1293 1455 ibi
1335 1422 1565 1464 sibimetipsi

937 1470 1140 1510 gratulatur,
1167 1468 1257 1509 quod
1282 1469 1315 1499 in
1341 1467 1470 1508 legibus
1495 1468 1565 1498 suis

938 1513 1084 1545 serendis
1113 1513 1229 1545 eadem
1257 1517 1370 1544 utatur
1394 1511 1566 1550 felicitate,

936 1569 999 1598 qua
1025 1559 1102 1589 olim
1129 1558 1178 1588 usi
1204 1558 1329 1589 fuerint
1349 1555 1563 1588 Heraclidae.

935 1603 985 1634 De
1036 1603 1240 1642 aequalitate
1278 1610 1435 1642 agrorum
1475 1599 1563 1641 apud

936 1646 1126 1688 Spartanos
1141 1647 1324 1688 disputavit
1343 1644 1445 1676 C.Fr.
1459 1645 1489 1676 H
1503 1654 1563 1676 er-

937 1701 1119 1723 mannus
1154 1692 1203 1723 De
1243 1689 1397 1730 vestigiis
1427 1689 1565 1721 institu-

935 1740 1046 1768 torum
1078 1741 1248 1774 veterum,
1285 1734 1440 1775 inprimis
1471 1733 1564 1766 Atti-

934 1791 1062 1823 corum,
1089 1790 1149 1822 per
1175 1780 1328 1811 Platonis
1354 1779 1397 1810 de
1417 1778 1565 1820 Legibus

934 1826 1040 1857 libros
1064 1825 1276 1866 indagandis,
1301 1835 1332 1866 p.
1359 1824 1404 1859 25
1429 1834 1500 1865 sqq.

980 1874 1053 1912 γῆς
1081 1881 1124 1901 τε
1155 1873 1304 1909 κτῆσιν
1335 1872 1462 1900 κινεῖν
1494 1867 1565 1898 καὶ

933 1918 1066 1957 χρεῶν
1102 1911 1321 1955 διάλυσιν]
1358 1922 1562 1955 agrorum

936 1959 1275 2001 possessionem
1297 1963 1461 1991 mutare
1504 1961 1564 1989 at-

936 2014 1017 2046 que
1057 2004 1172 2036 neris
1211 2003 1337 2035 alieni
1375 2002 1564 2034 solutio-

935 2060 1023 2082 nem
1051 2048 1159 2090 (noxis
1183 2048 1304 2079 tabulis
1326 2045 1562 2088 introductis).

936 2093 1161 2135 Cogitandum
1193 2092 1254 2124 de
1263 2094 1368 2133 χρεῶν
1395 2089 1563 2132 ἆποκοπῆ

981 2140 1106 2179 λέγων
1137 2135 1189 2178 μή
1224 2140 1361 2169 κινεῖν
1399 2133 1444 2167 td
1477 2124 1561 2167 α’κί-

935 2183 1060 2225 νητα]
1081 2182 1123 2216 H.
1142 2193 1171 2214 e.
1194 2191 1285 2214 eum
1304 2191 1452 2213 severe
1468 2190 1561 2222 gra

936 2229 1135 2268 vitorque
1158 2225 1407 2266 admonens,
1444 2230 1486 2257 nt
1515 2234 1563 2257 ne

1185 2281 1325 2310 quae·
1356 2270 1562 2303 movenda

937 2327 1018 2350 non
1048 2317 1146 2348 sint.
1173 2315 1319 2347 Κινεῖν
1348 2313 1393 2346 ‘ni
1426 2313 1561 2355 ἀκίνη-

937 2373 982 2393 τα
1027 2362 1059 2393 in
1113 2361 1308 2405 proverbio
1343 2360 1424 2392 dicti
1469 2364 1561 2399 sunt,

935 2406 989 2448 qui
1023 2410 1210 2446 mutarent,
1238 2415 1327 2446 quae
1357 2405 1478 2437 mutari
1507 2404 1565 2436 vel

934 2461 999 2483 non
1031 2456 1174 2492 possent
1210 2451 1261 2482 vel
1299 2448 1393 2481 nefas
1422 2448 1561 2481 habere-

934 2500 997 2528 tur.
1032 2495 1144 2527 Schol.
1179 2495 1221 2527 ad
1246 2492 1562 2535 Theaet.p.181.

935 2543 979 2572 A:
1009 2540 1174 2582 παροιμία
1194 2535 1274 2571 καθ’
1289 2536 1523 2591 ὑπερβολήν,“
1508 2536 1562 2568 α’·ιι

930 2582 975 2638 μὴ
1004 2584 1056 2616 δεῖ
1085 2583 1139 2626 ἕδη
1152 2583 1263 2640 Ημηδὲ
1295 2580 1433 2636 βωμοὺς
1462 2585 1563 2614 κινεῖν

932 2627 952 2670 η’
982 2627 1112 2672 τάφους
1144 2627 1166 2670 ἢ
1197 2627 1312 2672 δ’ροις.
1345 2625 1498 2669 ἐμνήσθη
1530 2627 1565 2658 δὲ
