1612 2872
247 99 328 138 316

724 100 1091 145 PLATONIS

248 215 424 266 μέγιστα
473 215 523 273 τῇ
572 217 656 256 τῶν
698 217 908 268 βασιλέων
953 215 1173 269 ποιήσασα
1219 218 1413 275 δυνάμει.
1457 218 1480 263 ὁ
1525 223 1568 263 δὲ

246 281 391 336 τρίτος
437 278 578 334 σωτὴρ
621 278 724 334 ὑμῖν
768 284 830 323 ἔτι
873 285 1136 337 σπαργῶσαν
1179 286 1250 326 καὶ
1285 288 1570 341 θυμουμένην

246 343 328 395 τὴν
363 342 503 399 ἀρχὴν
538 344 653 399 ὁρῶν
688 345 784 389 οἷον
817 348 986 406 ψάλιον
1021 350 1218 404 ἐνέβαλεν
1249 350 1359 412 αὐτῇ
1383 350 1462 404 τὴν
1482 355 1568 396 τῶν

278 450 283 455 ’
336 471 376 502 Ρ.
401 471 479 505 692.
528 469 628 505 οἷον
661 470 811 513 ψάλιον
846 473 1039 518 ἐνέβαλε]
1076 477 1120 509 v.
1151 475 1300 517 ψάλλων.
1349 475 1419 512 sed
1443 478 1568 524 ψάλιον

291 571 333 604 Ρ.
355 570 433 606 692.
491 568 509 603 ὁ
543 571 586 604 δὲ
619 575 765 615 τρίτος
797 583 869 606 σω-

245 614 320 661 τὴρ
345 614 448 658 ὑμῖν
473 619 535 659 -]
566 619 708 651 Praeter
733 625 873 662 senato-

245 672 300 694 res
331 662 453 695 delecti
491 668 570 695 sunt
600 665 700 696 etiam
727 666 873 706 quinque

244 706 378 749 ephori,
415 708 471 749 qui
509 709 772 743 iurisdietionem
816 711 871 743 hn-

244 753 374 785 berent.
437 753 535 786 Quos
567 754 700 795 quidem
740 756 795 788 alii
828 756 872 788 ab

243 795 321 838 ipso
373 798 530 840 Lycurgo
573 799 619 840 (H
636 800 806 835 erodot.
846 801 870 833 l.

243 843 299 877 65.
323 843 435 877 Plat.
462 844 526 886 Ep.
554 844 650 876 VIII.
680 844 870 887 Xenoph.

243 889 299 921 De
318 889 405 930 Rep.
425 889 550 921 Laced.
563 890 771 932 VI11.3.n1.)
784 891 836 923 alii
852 902 871 923 a

245 934 475 976 Theopompo
499 935 672 966 institutos
693 946 769 968 esse
794 946 872 968 nar-

243 983 329 1014 rant.
377 980 461 1011 Cum
488 978 536 1012 his
563 980 742 1013 manifesto
768 982 871 1014 etiam

244 1024 345 1056 Plato
378 1024 407 1058 h.
446 1026 466 1056 Ι.
498 1025 590 1057 facit.
640 1025 725 1058 Sunt
757 1031 870 1060 autem

245 1071 428 1103 Aristot.
457 1070 558 1102 Polit.
585 1071 629 1103 V.
654 1072 688 1110 9,
714 1071 745 1106 1.
774 1072 871 1105 Plu-

245 1115 376 1148 tarel».
415 1116 563 1157 Lycurg.
603 1126 631 1148 c.
673 1117 703 1151 7.
744 1122 778 1149 et
816 1117 870 1152 27.

244 1161 420 1194 Cleomen.
467 1171 496 1192 c.
535 1161 589 1195 10.
638 1161 774 1194 Cicer.
821 1163 871 1195 De

242 1205 329 1248 Rep.
358 1206 466 1240 n.33.
491 1207 599 1248 Legg.
617 1207 684 1239 ΙΙΙ.
712 1208 765 1242 77.
791 1209 870 1240 Va-

245 1252 319 1283 ler.
348 1251 450 1284 Max.
478 1253 533 1285 lV.
561 1253 593 1290 1,
616 1252 648 1286 8.
676 1253 732 1285 alii
758 1254 870 1293 multi,

243 1306 330 1338 quos
363 1303 554 1330 memorant
586 1298 691 1339 intpp.
711 1298 764 1330 ‘ad
792 1299 869 1331 He-

243 1342 387 1375 rodot.
429 1342 471 1374 T.
509 1344 551 1374 V.
585 1354 618 1385 p.
653 1344 694 1378 77
730 1353 781 1385 sq.
816 1343 869 1376 ed.

243 1387 428 1430 Schweigh.
452 1391 476 1420 Α
489 1389 524 1420 el
535 1389 545 1420 i
555 1398 612 1420 an.
625 1389 724 1421 Varr.
739 1389 871 1421 Histor.

245 1432 303 1465 ill.
330 1433 384 1467 17.
407 1434 496 1465 conf.
526 1434 667 1466 Manno
693 1435 808 1475 Spart.
825 1435 869 1466 T.

244 1477 270 1510 l.
297 1477 339 1510 T.
364 1478 394 1510 1.
421 1490 452 1520 p.
479 1479 556 1513 243.
588 1480 758 1512 Miiller.
794 1479 868 1512 Ge-

244 1523 474 1556 schichten
522 1525 689 1558 Hellen.
731 1524 869 1557 Stam-

245 1578 306 1600 me
334 1579 365 1600 u.
393 1569 549 1602 Stiidte
575 1570 726 1602 Vol.lll.
745 1580 776 1611 p.
804 1570 868 1604 111

244 1623 318 1654 sqq.
343 1614 398 1654 qui
423 1614 549 1647 docere
574 1621 734 1654 collatur,
765 1614 869 1655 epho-

241 1667 299 1703 ros
324 1668 386 1690 nec
410 1670 428 1691 a
447 1659 606 1701 Lycurgo
631 1670 694 1692 nec
719 1670 736 1691 a
754 1659 869 1692 Theo-

244 1713 371 1744 pompo
397 1714 490 1745 rege,
516 1704 577 1736 sed
592 1706 698 1736 multo
718 1709 798 1746 post
821 1705 869 1737 in-

242 1749 384 1781 stitutos
398 1749 738 1788 esse3Tittmann.
764 1750 867 1782 Dar·

245 1795 445 1835 stellung
490 1794 564 1826 der
600 1794 866 1837 griechisch.

243 1839 720 1882 Staatsverfassungen
748 1851 779 1882 p.
803 1839 870 1875 104

243 1894 293 1925 sq.
348 1883 593 1917 Scho'mann.
655 1885 869 1926 Antiquitatt.

242 1929 314 1962 Iur.
345 1929 446 1962 Publ.
479 1930 603 1963 Graec.
627 1941 660 1972 p.
684 1930 762 1965 128.
809 1931 870 1964 Ni-

245 1976 368 2008 mirum
394 1978 472 2006 sunt
496 1977 614 2014 etiam,
640 1977 697 2018 qui
722 1987 783 2009 eos
811 1986 872 2008 vo-

243 2021 319 2052 lunt
343 2031 361 2052 a
387 2020 530 2053 Chilone
554 2032 630 2054 esse
646 2021 872 2056 introductos.

244 2065 298 2098 Ea
334 2075 416 2098 vero
456 2067 699 2100 sententiarum
747 2066 872 2100 discre-

244 2112 361 2154 pantia
386 2111 478 2143 facili
496 2113 634 2154 negotio
655 2113 727 2144 tolli
753 2122 795 2144 ac
818 2122 872 2145 re-

245 2156 372 2189 moveri
399 2158 540 2198 poterit,
565 2158 591 2189 si
616 2157 734 2189 audias
756 2157 867 2190 Titt-

243 2211 440 2234 mannum
467 2202 487 2234 Ι.
515 2213 543 2234 c.
593 2202 695 2234 Hunc
724 2202 812 2235 enim
838 2203 867 2234 si

243 2256 407 2287 sequare,
453 2256 516 2279 nec
558 2248 757 2291 Lycurgus,
805 2257 868 2280 nec

243 2290 490 2333 Theopompus
511 2292 656 2334 ephoros
681 2293 866 2325 constituit.

243 2336 317 2369 lmo
355 2337 399 2368 illi
439 2337 566 2371 dudum
607 2342 687 2371 ante
720 2338 867 2380 Lycurgi

243 2385 398 2423 tempora
434 2383 632 2424 viguerunt,
663 2384 866 2424 fueruntque

244 2426 287 2458 ab
317 2426 414 2458 initio
444 2429 610 2461 antistites
641 2430 867 2461 communita-

244 2471 290 2503 tis
321 2472 462 2511 civium,
496 2474 551 2514 qui
585 2474 628 2506 de
660 2475 869 2516 privatorum

245 2518 488 2550 controversiis
523 2518 734 2560 iudicarent,
768 2519 868 2552 sicuti

244 2562 334 2603 apud
375 2562 558 2596 Cretenses
599 2562 742 2604 κόσμοι,
779 2563 870 2606 apud

245 2607 456 2650 Messenios,
490 2609 756 2650 Heracleenses‚
786 2610 871 2643 alios

246 2652 430 2686 Dorienses
463 2655 631 2697 populos,
675 2656 802 2698 ephori.
839 2665 869 2686 v.

940 577 1118 610 Aristot.
1145 577 1311 611 P01.111.
1338 579 1376 619 1,
1402 579 1431 613 7.
1460 579 1565 612 Mill-

938 622 1012 654 ler.
1051 625 1070 655 l.
1104 634 1132 655 c.
1160 635 1191 665 p.
1218 624 1294 658 115.
1350 623 1452 658 Quod
1483 635 1566 657 vero

937 676 1023 699 nunc
1033 679 1051 700 a
1064 668 1232 711 Lycurge,
1242 679 1326 701 nunc
1336 680 1356 701 a
1368 669 1565 711 Theopom-

937 722 981 754 po
997 735 1005 750 ‚
1035 723 1121 745 nunc
1146 715 1188 746 ab
1209 714 1274 746 alio
1298 719 1478 746 narrantur
1503 726 1564 757 po-

937 762 1066 790 testate.
1086 769 1145 791 sua
1175 761 1283 791 ornati
1305 770 1393 799 esse,
1418 760 1452 791 id
1468 762 1562 793 exin·

937 802 980 835 de
1005 804 1180 845 idoneam,
1207 805 1348 846 opinor,
1379 804 1478 837 habet
1502 815 1562 838 ex·

937 849 1163 889 plicationem‚
1188 850 1279 890 quod
1305 849 1382 882 aliis
1397 850 1563 883 aetatibus

937 895 1034 925 aliam
1085 893 1275 926 habuerunt
1313 895 1562 927 auctoritatem.

938 937 1021 970 Nam
1054 939 1165 981 ⁴quod
1204 939 1362 981 Lycurgo
1410 939 1564 972 dicuntur

938 982 1064 1016 debere
1112 985 1274 1026 originem
1322 994 1438 1022 suam,
1491 985 1563 1017 fieri

937 1033 1072 1070 potest,
1099 1033 1135 1061 ut
1156 1031 1185 1061 is
1209 1031 1334 1071 primus
1358 1030 1398 1062 iis
1424 1040 1563 1063 eonces-

938 1075 1020 1105 serit
1049 1074 1193 1115 aliquam
1220 1075 1388 1117 publicam
1415 1076 1563 1117 dignita-

937 1125 1022 1159 tem,
1050 1130 1154 1160 quum
1184 1125 1280 1152 antea
1306 1119 1448 1152 fuissent
1470 1122 1562 1153 inva-

937 1164 994 1198 lidi
1019 1164 1202 1198 admodum
1220 1175 1329 1207 neque
1342 1165 1473 1207 publica
1498 1176 1562 1198 au—

936 1212 1095 1243 ctoritate
1127 1211 1260 1242 muniti·
1275 1211 1395 1243 civium
1427 1211 1562 1243 antisti-

937 1260 989 1287 tes
1028 1265 1068 1286 ac
1108 1255 1272 1297 magistri.
1334 1255 1436 1289 Quod
1478 1251 1562 1290 ver'o

937 1300 1184 1342 Theopompus
1219 1305 1373 1334 narratur
1407 1311 1467 1333 eos
1501 1311 1562 1343 pu-

938 1346 1023 1377 blice
1048 1346 1282 1386 constituisse,
1308 1346 1490 1379 verisimile
1510 1347 1562 1379 iu-

937 1390 1108 1431 dicamus,
1150 1401 1210 1432 per
1241 1390 1327 1424 hunc
1359 1392 1404 1423 ita
1435 1392 1560 1424 factum

938 1446 1031 1475 esse,
1063 1440 1100 1467 ut
1125 1436 1163 1468 iis
1191 1439 1298 1469 multo
1323 1438 1430 1469 maior
1461 1447 1560 1479 quam

936 1480 1076 1513 antehac
1115 1482 1358 1514 concederetur
1398 1483 1561 1523 potentia.

936 1536 966 1557 v.
993 1527 1093 1558 etism
1120 1527 1338 1569 G6ttling.
1358 1528 1399 1558 ad
1422 1528 1559 1560 Aristot.

938 1571 1039 1602 Polit.
1075 1571 1216 1602 Excurs.
1242 1572 1266 1604 l·.
1291 1583 1323 1613 p.
1347 1571 1426 1606 466.
1474 1571 1559 1604 Nam

935 1616 1044 1647 crevit
1074 1615 1229 1656 profecto
1263 1617 1469 1657 procedente
1500 1626 1559 1648 ae-

935 1664 1009 1696 tate
1034 1670 1149 1692 eorum
1175 1662 1362 1693 auctoritas
1389 1661 1497 1700 adeo9
1523 1665 1560 1693 ut

934 1715 1051 1736 omnes
1077 1706 1294 1746 magistratus
1328 1710 1428 1746 atque
1454 1707 1559 1746 cives,

934 1750 1002 1782 imo
1027 1751 1126 1782 etiam
1151 1749 1214 1792 ipsi
1238 1761 1350 1792 reges,
1374 1751 1420 1783 illi
1445 1755 1560 1783 essent

935 1795 1092 1836 obnoxii,
1129 1805 1230 1836 quum
1260 1797 1328 1838 ipsi
1365 1795 1408 1828 ad
1446 1806 1558 1829 rerum

935 1850 1069 1872 suarum
1103 1840 1309 1873 reddendam
1342 1841 1508 1873 rationem
1540 1851 1560 1874 a

935 1886 1067 1918 nemine
1106 1889 1246 1927 possent
1287 1886 1397 1927 adigi,
1440 1886 1502 1918 nisi
1540 1897 1560 1919 a

937 1931 1006 1962 suis
1052 1931 1295 1963 sucessoribus.
1318 1928 1319 1933 ’
1344 1941 1374 1963 v.
1424 1931 1558 1963 Solio·-

938 1985 1067 2008 mann.
1095 1977 1114 2008 Ι.
1142 1986 1171 2008 c.
1197 1986 1230 2017 p.
1255 1976 1322 2010 128
1346 1986 1419 2017 sqq.
1458 1976 1558 2008 Mfll-

937 2022 1008 2053 ler.
1045 2022 1065 2053 l.
1097 2031 1125 2052 c.
1153 2022 1220 2053 alii.
1272 2022 1507 2056 Quamobrem
1538 2031 1558 2053 a

937 2065 1146 2098 Cicerone
1170 2067 1278 2108 Legg.
1304 2066 1361 2098 ΙΙΙ.
1387 2066 1419 2106 7,
1444 2065 1500 2099 16.
1524 2070 1559 2098 et

937 2111 988 2143 De
1011 2111 1099 2153 Rep.
1125 2112 1191 2143 111.
1218 2111 1273 2145 33.
1301 2115 1385 2143 extr.
1416 2121 1481 2143 non
1505 2111 1556 2142 in-

935 2156 1019 2188 iuria
1049 2162 1287 2197 comparantur
1319 2166 1392 2189 cnm
1428 2156 1557 2188 Roma-

934 2211 1053 2234 norum
1082 2203 1225 2234 tribunis
1250 2202 1375 2244 plebis,
1401 2202 1559 2242 adeoque

934 2247 1040 2288 gratia
1074 2247 1224 2288 populari
1252 2248 1357 2287 gavisi
1383 2251 1460 2279 sunt
1484 2255 1556 2278 ma-

933 2293 1035 2331 xima,
1061 2294 1187 2334 qnippe
1212 2293 1266 2333 qni
1282 2302 1400 2334 regum
1427 2297 1462 2324 et
1485 2301 1557 2323 ma-

932 2336 1131 2378 gistratuum
1177 2337 1316 2370 arbitrio
1363 2337 1557 2369 viderentur

931 2381 1052 2414 iustum
1072 2381 1208 2415 modum
1225 2386 1394 2424 statuere3
1419 2382 1450 2414 id
1466 2381 1556 2423 quod

935 2427 1033 2460 etiam
1053 2428 1152 2460 Plato
1178 2427 1207 2460 h.
1227 2429 1245 2460 Ι.
1272 2429 1447 2469 significat,
1470 2436 1556 2467 quo-

935 2482 1009 2505 cum
1045 2472 1201 2506 conferas
1225 2473 1452 2505 Aristotel.
1477 2472 1554 2503 Pol.

937 2518 976 2551 ll.
1008 2517 1049 2558 3,
1085 2518 1138 2552 10.
1192 2518 1290 2551 Hanc
1323 2528 1403 2550 vero
1429 2521 1553 2549 tantam

935 2566 1138 2606 potestatem
1178 2564 1217 2596 iis
1250 2565 1315 2596 iam
1346 2573 1365 2595 a
1398 2562 1555 2604 Lycurgo

936 2608 1039 2641 fuisse
1078 2610 1256 2649 trssbntam,
1292 2611 1385 2640 certe
1420 2606 1555 2638 minime

936 2652 1102 2687 videbitur
1121 2654 1298 2688 verisimile
1313 2653 1364 2693 iis,
1387 2651 1442 2693 qui
1456 2661 1553 2684 caus-
