1612 2872
252 91 275 128 4
694 84 1137 127 ARGUMENTUM

364 197 617 241 Sciscitatur
655 195 764 236 enim
806 195 1080 238 Atheniensis
1117 197 1239 239 initio
1276 198 1374 240 libri
1411 198 1463 240 de
1492 201 1572 242 ori—

252 255 352 311 gine
390 254 531 308 legum
571 251 833 292 Creticarum
876 256 919 291 et
963 251 1411 296 Lacedaemoniarum.
1492 254 1573 296 Cui

250 308 487 364 respondet
536 306 723 359 Clinias,
773 313 971 361 acceptas
1008 307 1102 349 illas
1144 310 1291 350 referri
1329 310 1434 365 ipsis
1475 309 1573 364 diis,

252 362 602 421 quandoquidem
639 361 754 416 apud
799 362 948 404 Cretes
979 362 1167 418 Iupiter,
1207 364 1321 420 apud
1356 366 1576 408 Lacedae—

251 420 416 463 monios
456 429 596 459 autem
644 418 802 474 Apollo
857 424 1006 460 auctor
1058 426 1188 474 atque
1230 436 1382 476 parens
1434 437 1577 464 earum

252 477 474 518 habeatur.
533 474 686 528 Itaque
713 474 991 516 Atheniensis
1021 482 1189 531 gratum
1220 477 1300 518 sibi
1330 477 1576 519 iucundum-

254 547 338 586 que
366 531 459 572 fore
490 530 571 583 ait,
614 530 649 571 si
680 531 882 584 quoniam
910 536 1092 585 uterque
1121 532 1164 573 in
1193 532 1286 574 istis
1314 534 1504 575 moribus
1535 540 1578 576 et

251 587 460 629 institutis
504 587 591 628 sint
621 585 808 638 edueati,
840 600 985 628 secum
1013 602 1126 629 nunc
1155 588 1288 629 velint
1318 589 1372 630 de
1402 590 1578 631 civitate

252 659 330 686 sua
360 648 489 697 atque
531 642 681 697 patriis
712 642 879 697 legibus
911 657 1126 685 sermones
1156 645 1371 696 conferre3
1413 661 1510 687 nam
1538 652 1579 687 et

250 700 393 742 locum
433 705 475 739 et
512 704 680 752 tempus
708 699 782 738 tali
821 698 1035 752 colloquio
1065 715 1268 755 perquam
1298 715 1391 743 esse
1422 717 1577 757 oppor—

251 761 402 797 tunum
454 758 515 809 (p.
557 755 654 795 624.
697 756 750 795 A.
781 778 835 784 —-
866 755 958 795 625.
991 753 1076 809 0.).
1103 754 1160 786 ’-
1229 755 1356 809 Quod
1409 757 1578 811 quidem

253 811 477 853 consilium
506 810 683 858 ubisillis
702 809 875 865 placuit,
898 810 1157 862 ¹'Athensiensi
1186 828 1264 885 «pr
1292 819 1418 854 tenus
1449 829 1580 868 quae-

252 883 344 909 rere
373 866 564 908 instituit
587 865 647 907 'de
670 862 1111 920 conviViis²²publiois‘,
1136 826 1437 923 ‘dsss-gffmnicis
1462 884 1579 910 exer-

253 922 542 976 citationibus,
574 921 758 976 denique
789 921 841 971 de
869 922 1035 975 ratione
1060 929 1104 978 „et
1134 938 1214 965 usu
1233 939 1445 966 armorum
1466 924 1580 981 apud

253 979 349 1021 illos
378 979 677 1032 frequentato,
728 976 887 1032 quippe
920 981 1034 1031 'quae
1082 965 1225 1020 bmnia
1271 980 1386 1034 apud
1429 979 1580 1022 Cretes

254 1042 298 1077 et
326 1033 696 1076 Lacedaemonios
741 1033 927 1087 publicis
953 1033 1120 1089 legibus
1150 1035 1236 1076 sint
1264 1037 1438 1079 sancita.
1497 1037 1579 1077 Re-

254 1090 438 1147 spondet
467 1089 522 1131 ad
551 1089 659 1130 haec
688 1087 874 1140 Clinias,
909 1088 991 1130 ista
1019 1089 1160 1131 omnia
1190 1098 1233 1131 et
1292 1097 1436 1146 ropter
1463 1092 1578 1142 1000,-

254 1163 346 1189 rum
387 1151 581 1188 naturam
623 1152 668 1189 et.
706 1145 811 1189 alias
840 1145 896 1186 ob
928 1159 1103 1191 caussas
1132 1145 1187 1191 ad
1219 1105 1324 1187 nibil
1353 1146 1468 1197 aliud
1497 1143 1580 1198 nis}

254 1203 310 1245 ad
347 1203 505 1245 bellum
544 1208 788 1257 comparata
839 1215 945 1244 esse.
1023 1201 1136 1243 Nam
1183 1201 1340 1245 bellum
1387 1202 1582 1259 omnibus

254 1274 349 1302 esse
379 1264 635 1315 perpetuum
656 1273 751 1311 cum
783 1256 980 1299 omnibus
1007 1271 1100 1299 esse
1118 1257 1368 1314 gerendum,
1398 1255 1447 1301 ut
1475 1257 1581 1301 adeo

251 1315 372 1371 pacis
409 1329 562 1356 nomen
601 1328 749 1355 revera
794 1328 951 1355 vanum
991 1312 1048 1355 sit
1095 1320 1231 1368 atque,
1269 1314 1408 1368 inane.
1484 1314 1583 1369 Hoc

252 1372 387 1428 igitur
432 1370 653 1412 intellecto
704 1368 880 1410 Cretum
930 1368 1220 1425 legislatorem
1268 1370 1582 1425 sapientissime

255 1441 402 1470 omnes
440 1426 557 1482 leges
598 1434 720 1478 suas,
760 1430 802 1466 et
830 1424 1026 1480 publicas
1071 1431 1114 1481 et
1138 1422 1355 1481 privatas,
1399 1425 1454 1467 ad
1482 1423 1583 1468 belli

253 1499 377 1527 usum
407 1481 811 1534 accommodavisse,
842 1495 999 1537 easque
1037 1481 1243 1532 voluisse
1263 1481 1583 1539 religiosissime

255 1539 419 1582 servari
449 1544 704 1594 propterea,
739 1535 855 1592 quod
886 1537 960 1591 qui
992 1552 1078 1578 non
1108 1537 1339 1582 eraderent
1368 1537 1582 1593 bellosu-

253 1595 468 1652 periores,
518 1595 572 1636 iis
621 1590 811 1643 aliarum,
836 1607 985 1645 :rerum
1032 1593 1218 1639 omnium
1251 1593 1421 1636 ‘utilitas
1463 1592 1584 1647 nulla

252 1656 517 1707 suppeteret,
549 1649 707 1704 quippe
739 1663 851 1703 quae,
878 1648 939 1689 ita
967 1647 1165 1703 facillime
1194 1649 1238 1690 in
1267 1650 1480 1704 victorum
1509 1664 1582 1692 ce-

254 1706 405 1749 derent
433 1711 690 1761 potestatem
722 1704 783 1760 (p.
807 1704 900 1748 625.
930 1701 978 1750 C.
1008 1727 1062 1734 —-
1093 1704 1186 1746 626.
1208 1705 1300 1760 Β),
1321 1730 1374 1735 ——
1431 1704 1584 1759 Itaque

255 1762 420 1809 Clinias
460 1767 503 1803 et
531 1760 738 1818 Megillus
767 1759 1049 1813 arbitrantur,
1094 1759 1258 1813 civitati
1286 1760 1394 1814 b'evne
1423 1761 1583 1811 eonstir

253 1825 372 1861 tutae
403 1818 587 1872 denique
628 1816 734 1859 nihil
771 1815 888 1858 aliud
916 1815 1186 1871 propositum
1215 1831 1354 1870 esse,
1377 1832 1503 1872 quam
1536 1824 1584 1859 ut

254 1875 359 1917 alias
397 1873 666 1929 respublicas
709 1871 841 1927 bello·
866 1866 1037 1913 vincere
1085 1885 1136 1912 ac
1184 1886 1388 1927 superare
1411 1917 1414 1924 ,
1433 1873 1583 1929 possit.

255 1931 343 1975 Sed
372 1930 483 1981 hanc
511 1930 647 1986 ipsam
676 1927 928 1971 sententiam
949 1926 1106 1984 hospes
1130 1927 1408 1984 Atheniensis
1439 1935 1585 1980 censet

257 1987 508 2041 neutiquam
535 2001 681 2029 veram
711 1998 832 2037 esse,
877 1997 1004 2037 quam
1050 1983 1178 2040 etiam
1202 1983 1405 2039 ,longiore
1437 1982 1583 2040 dispu:

253 2044 415 2086 tatione
454 2042 579 2084 redar
611 2055 710 2085 uere
749 2046 963 2095 conatur„
1009 2038 1165 2094 Itaque
1192 2039 1375 2095 primum
1402 2040 1584 2087 interro-

255 2105 353 2156 gat,
394 2099 503 2141 sitne
533 2113 584 2140 ea
617 2113 683 2140 em
721 2096 847 2153 plane
870 2095 1095 2151 3vicorum,
1122 2088 1360 2150 domorum,
1401 2094 1584 2150 denique

253 2155 519 2211 singulorum
552 2154 772 2196 hominum
794 2151 920 2207 ratio,
951 2165 1060 2206 quae
1091 2145 1258 2205 dicatur
1288 2151 1461 2207 propria
1490 2154 1584 2199 esse

255 2211 522 2263 civitatum„
542 2215 605 2252 ut.
629 2223 776 2252 omnes
814 2222 983 2262 semper
1020 2205 1583 2264 int-ersi,seffbelligerenturf3

255 2266 355 2320 Quo
387 2267 607 2322 explicator
625 2265 695 2309 ille
719 2263 861 2313 etiam
889 2260 1398 2361 ulterius-progrgditum
1435 2269 1585 2317 censet

255 2323 367 2365 enim
407 2335 752 2377 unumquemque
799 2317 907 2361 adeo
948 2317 1161 2371 hominem
1192 2334 1232 2374 ,a
1264 2333 1412 2374 versus
1439 2325 1585 2374 ςββωθῐ

253 2379 394 2436 ipsum
425 2393 644 2433 pugnare,
685 2375 897 2431 siquidem
941 2370 1122 2429 quilibet
1161 2369 1411 2430 saepissime
1438 2366 1583 2417 semim

253 2435 350 2491 ipso
388 2433 606 2476 dissideat.
682 2433 774 2474 Iam
816 2446 917 2473 vero
967 2428 1131 2474 Clinias
1170 2437 1213 2471 et
1258 2431 1333 2473 Me
1366 2431 1464 2473 illus
1509 2431 1583 2473 ubi

254 2495 584 2543 concesserunt,
636 2503 782 2530 omnes
837 2486 1055 2530 omnibus*
1075 2486 1258 2529 existere
1296 2502 1351 2533 so
1366 2501 1439 2529 ere
1475 2493 1583 2528 tam-

255 2562 383 2602 quam
419 2545 566 2588 hostes
604 2550 647 2586 et
675 2543 874 2599 privatim
906 2548 948 2584 et
977 2541 1168 2599 publice,
1201 2548 1583 2598 eamque-‘senten-

254 2604 360 2646 tiam
396 2601 568 2658 penitus
597 2601 911 2657 probaverunt,
942 2597 1245 2651 ille-protenus
1268 2598 1390 2645 ¹huno,
1419 2598 1462 2640 in
1493 2614 1583 2640 mo-

1240 2363 1261 2372 ar
