1612 2872
144 111 226 153 DE
260 107 537 153 LEGIBUS
571 107 688 151 [AB.
724 106 806 149 ΙΙΙ.
838 105 883 147 P.
917 108 1010 148 (399.
1046 107 1139 146 700.
1173 103 1236 146 St.
1299 104 1377 144 351

30 232 190 282 δῆμον,
212 227 315 283 ἡμῖν
353 225 393 269 δ’
437 218 495 268 αὖ
533 226 799 270 τούναντίον
833 227 902 268 ἐπὶ
937 227 1086 268 πᾶσαν
1120 227 1383 278 ἐλευθερίαν

29 299 325 351 προτρέπουσι
358 290 412 335 τὰ
450 290 623 345 πλήθη,
647 296 738 344 πῶς
760 292 814 345 δὴ
845 296 917 335 καὶ
955 296 998 335 τί
1030 295 1218 348 λέγωμεν
1254 291 1384 335 τούν-

31 363 221 411 τεῖ·θεν,·
258 379 299 405 οι
336 359 656 415 πρυμγονότες
700 358 806 416 ἡμῖν
841 363 1096 416 ἔμπροσθεν
1130 357 1251 413 λόγοι
1285 356 1386 417 τρό-

30 444 117 473 πον
151 428 250 472 τινὰ
286 429 431 477 καλῶς
461 429 568 470 εἰσὶν
604 432 832 484 εἰρημένοι.

132 499 236 540 ΜΕ.
305 497 458 546 Λέγεις
492 486 564 536 εὖ·
604 495 738 550 πειρῶ
783 493 822 537 δ’
872 496 934 536 ἔτι
973 497 1247 553 σαφέστερον
1282 490 1387 548 ἡμῖν

31 566 226 618 σημῆναι
261 561 312 607 τὸ
347 562 430 603 νῦν
465 560 715 616 λεγόμενον.

134 633 231 674 ΑΘ.
290 628 447 670 Ἔσται
493 630 649 672 ταῦτα.
686 627 767 671 οὐκ
810 621 888 680 ἦν,
925 621 956 669 ὦ
995 630 1144 686 φίλοι,
1180 624 1286 683 ἡμῖν
1317 627 1387 668 ἐπὶ

125 761 166 792 Ε.
213 758 377 802 ἄγουσι
402 755 478 788 τὸν
503 756 661 802 δῆμον]
689 754 858 800 ἀγαγοῦσι
874 755 915 788 Β.
935 753 974 788 Ω.
990 765 1016 788 r.
1039 766 1070 790 a.
1097 754 1127 788 δ.
1156 756 1250 799 quod
1286 757 1390 790 etiam

33 806 233 849 Stephanus
254 805 449 839 annotavit.

36 917 168 952 Hfitte
206 920 358 952 solche
395 920 563 953 Fureht
606 921 674 953 da-

36 966 141 999 mals
179 965 348 998 Keiner
392 967 677 1009 empfunden,

35 1022 81 1043 so
127 1010 308 1044 wiirden
357 1013 449 1045 sich
494 1013 678 1045 niemals

39 1058 136 1089 Alle
168 1067 240 1089 zur
272 1057 548 1100 Gegenwehr
587 1068 679 1091 ver·

35 1104 179 1144 einigt
226 1105 314 1136 und
366 1105 543 1147 Tempel
593 1105 680 1138 und

35 1147 322 1182 Grabmiihler
376 1152 464 1183 und
530 1152 678 1183 Vater-

35 1195 140 1228 land
173 1197 262 1228 und
293 1198 547 1229 ausserdem
590 1199 679 1230 Ver-

37 1241 215 1274 wandte
252 1244 338 1275 und
375 1243 578 1275 Freunde
616 1254 682 1285 ge·

36 1287 213 1321 schfitzt
252 1290 336 1322 und
374 1290 684 1331 vertheidiget

36 1335 192 1374 haben,
225 1335 309 1367 wie
343 1345 385 1367 es
420 1335 584 1368 damals
615 1346 682 1377 ge-

38 1380 405 1420 sehah‚sondern
430 1382 683 1414 vereinzelt

36 1426 189 1459 winde
224 1427 266 1458 in
307 1428 552 1469 damaliger
582 1429 682 1460 Zeit

37 1473 176 1505 Jeder
217 1483 300 1505 von
344 1484 443 1514 uns,
473 1475 550 1506 der
586 1476 682 1506 eine

39 1519 172 1551 dahin
200 1519 272 1551 der
295 1520 458 1552 andere
476 1520 681 1559 dorthin,

40 1569 269 1597 zerstreut
316 1567 402 1597 und
450 1567 680 1607 geworfen

40 1611 217 1643 worden
234 1612 338 1644 sein
347 1611 551 1644 Badham.
562 1613 679 1646 Praef.

38 1658 84 1689 ad
126 1656 277 1689 Phaedr.
317 1667 350 1698 p.
391 1658 459 1689 XI.
495 1668 559 1700 pro
602 1657 682 1691 δέος

39 1703 260 1735 scribendum
283 1704 419 1736 censuit
447 1702 568 1747 δῆμος,
586 1706 682 1752 quod

42 1749 96 1781 vel
140 1749 221 1781 ideo
259 1749 439 1791 displicet,
476 1752 559 1791 quia
597 1762 685 1792 opus

40 1795 135 1827 foret
168 1795 329 1828 articulo.
378 1794 570 1829 Nobiscum
601 1798 688 1829 facit

41 1840 81 1872 C.
115 1839 318 1872 Schmidt
351 1840 482 1874 Lectt.-
505 1842 612 1875 Platt.
651 1854 685 1885 p.

41 1888 75 1921 9.
102 1887 170 1918 nisi
202 1887 297 1927 qnod
327 1887 435 1919 verba
462 1888 516 1919 καὶ
543 1886 688 1930 ἄφοβος

43 1932 161 1964 deleta
192 1933 287 1972 vult,
324 1937 358 1964 et
394 1932 575 1973 ξυνελθὼν
606 1940 687 1968 ante

44 1975 196 2020 ἠμύνατο
223 1978 389 2010 extrudit.

90 2024 177 2066 Cup.
216 2024 300 2056 XV.
362 2024 408 2056 D.
473 2022 685 2056 κοινωνὸν

45 2071 90 2112 τῇ
115 2070 194 2102 τῶν
219 2069 415 2111 πατέρων
434 2081 518 2112 γεγ.
538 2068 683 2112 φύσει]

42 2117 151 2149 Recte
180 2116 383 2148 Ficinus=
418 2117 490 2158 qu'i
528 2127 684 2159 paren-

45 2168 129 2195 tum
161 2167 359 2195 naturam
396 2173 570 2203 servas,
596 2164 629 2195 h.
655 2174 685 2196 e.

46 2210 104 2249 qui
128 2218 241 2250 aeque
271 2208 463 2241 benevolus
493 2219 529 2242 es
560 2219 601 2242 ae
625 2221 685 2251 pa-

45 2259 172 2292 rentes,
197 2265 226 2286 s.
250 2256 400 2287 maiores
427 2256 498 2295 tui,
526 2257 584 2297 qui
608 2267 684 2288 eum

45 2301 321 2333 Atheniensibus
346 2301 598 2342 hospitalitatis
623 2303 683 2334 be-

46 2347 249 2379 nevolentia
287 2346 384 2379 fuere
421 2349 612 2380 coniuncti.
653 2359 685 2380 v.

45 2393 143 2424 Libr.
169 2393 199 2424 Ι.
226 2403 261 2434 p.
287 2392 367 2427 642.
391 2391 434 2426 Β.
475 2393 578 2432 Quod
605 2395 686 2427 Ald.

47 2438 148 2471 Bass.
173 2439 206 2473 1.
232 2439 266 2472 2.
291 2439 421 2471 habent
445 2438 624 2481 πατρώων,
649 2441 687 2476 id

48 2485 231 2517 verissime
263 2483 518 2526 Stephanus
556 2488 591 2519 in
625 2497 686 2518 πα-

48 2531 155 2573 τέρων
193 2532 435 2571 eommutavit,
472 2533 574 2566 codd.
615 2533 689 2565 fere

48 2578 210 2610 omnibus
235 2577 521 2618 suffragantibus.

93 2623 136 2655 εἴ
162 2634 196 2655 ιι
235 2620 348 2665 πρὸς
384 2619 461 2665 τήν
497 2623 686 2664 νομοθε-

52 2667 456 2711 otavnp.]numqu2“2
476 2670 687 2712 dieamus,

51 2715 685 2758 qtaeendlegislationemper-

743 921 928 953 tineant.
984 920 1235 963 Stephanus
1275 923 1389 954 corri-

743 968 894 1009 gendum
920 968 1066 1009 putabat
1089 966 1123 998 εἰ
1143 965 1183 999 τὰ
1210 978 1266 1009 πρ.
1292 968 1386 1010 quod

745 1013 909 1055 probavit
940 1014 1056 1046 editor
1080 1013 1312 1055 Biponfinus,
1337 1015 1390 1046 in-

747 1060 1005 1092 consideratius
1041 1060 1144 1092 etiam
1170 1061 1328 1092 Astius
1353 1061 1389 1092 in

748 1106 908 1138 Platonis
924 1107 1121 1138 orationem
1134 1107 1279 1139 invexit.
1305 1106 1388 1138 Non

749 1152 912 1184 viderunt
935 1153 1021 1184 boni
1046 1153 1126 1192 viri,
1142 1154 1174 1184 τί
1184 1163 1262 1185 esse
1288 1162 1390 1185 accu-

749 1199 901 1230 sativum
932 1199 1148 1238 absolutum,
1178 1199 1274 1231 haud
1307 1209 1392 1232 sane

749 1244 1008 1286 infrequentem
1033 1245 1144 1277 illum.

796 1286 846 1321 οὕ
871 1287 949 1333 γὰρ
973 1288 1126 1331 μύθων
1157 1290 1281 1322 ἕνεκα
1305 1289 1335 1323 δ.
1361 1302 1391 1323 κ.

751 1348 776 1369 τ.
809 1337 858 1378 L]
896 1347 981 1370 non
1021 1338 1136 1369 enim
1172 1337 1278 1370 haee
1306 1337 1392 1370 dis-

749 1392 851 1415 sero
875 1383 1192 1415 confabulandi
1228 1385 1392 1425 gratia,

749 1429 823 1462 sed
847 1435 1034 1471 propter
1064 1430 1195 1473 illud,
1224 1431 1275 1462 de
1306 1441 1390 1472 quo

752 1476 954 1516 disputo,
985 1487 1013 1508 s.
1057 1477 1287 1517 disputare
1329 1478 1390 1509 in-

751 1522 899 1561 stitui;
929 1522 952 1554 i.
984 1533 1014 1554 e.
1047 1527 1086 1553 ut
1118 1523 1312 1554 illustretur
1341 1523 1391 1563 id,

751 1568 846 1610 quod
882 1569 918 1600 in
953 1569 1245 1610 disceptationem
1268 1579 1391 1608 ,voca-

750 1614 876 1646 vimus.

793 1659 836 1690 E.
887 1656 1017 1700 όρᾶτε
1078 1657 1172 1701 γάρ·
1241 1657 1393 1703 ἐπειδή

751 1716 843 1737 τινα
869 1706 934 1747 -]
968 1706 1115 1738 videte
1150 1706 1261 1738 enim
1296 1706 1391 1738 hoe:

752 1761 876 1793 quum
914 1752 1026 1784 idem
1067 1752 1392 1795 quodammodo

751 1798 883 1830 nobis
908 1799 1130 1831 acciderit
1154 1800 1267 1840 quod
1292 1798 1392 1831 Per-

753 1844 830 1884 sis,
857 1844 1024 1885 quippe
1047 1845 1117 1877 his
1147 1845 1199 1876 ad
1229 1854 1395 1877 omnem

753 1890 1021 1922 servitutem
1098 1891 1394 1931 adigentibus

753 1935 973 1976 populum,
982 1936 1111 1969 nobis
1128 1940 1272 1968 autem
1289 1937 1395 1968 mul-

751 1981 995 2013 titudinem
1014 1982 1065 2014 ad
1086 1991 1246 2014 omnem
1264 1982 1394 2015 liber-

751 2031 886 2059 tatem
909 2027 1265 2069 impellentibu83
1290 2029 1395 2071 quid

752 2073 835 2105 iam
861 2074 1033 2106 tandem
1051 2085 1183 2116 porro
1200 2073 1394 2108 dissera-

754 2129 844 2151 mus
870 2125 910 2151 et
930 2122 1168 2161 quomodo?
1193 2121 1395 2153 nimirum

754 2165 1093 2207 disputationes
1120 2172 1301 2200 nostrae
1329 2177 1393 2200 su-

754 2212 961 2252 periores
988 2214 1305 2253 quodammodo
1327 2213 1393 2246 he-

755 2267 804 2289 ne
846 2258 1094 2291 institutae
1137 2261 1255 2292 sunt!
1291 2260 1326 2292 h.
1362 2270 1393 2292 e.

754 2313 825 2335 non
852 2305 996 2335 omnino
1027 2306 1237 2338 aberrarunt
1271 2314 1294 2338 a
1325 2307 1397 2339 fine

754 2351 950 2391 proposito,
970 2352 1254 2394 quandoquidem
1280 2362 1398 2385 exem-

754 2396 814 2437 plo
837 2398 938 2441 regni
958 2396 1090 2430 Persici
1113 2403 1220 2440 atque
1241 2399 1398 2431 civitatis

755 2441 1025 2475 Atheniensium
1050 2445 1326 2478 demonstratum
1344 2448 1400 2477 est

756 2488 995 2529 aliquatenus,
1035 2491 1120 2532 quid
1157 2488 1195 2525 in
1239 2491 1397 2523 ferendis

755 2533 893 2575 legibus
939 2536 1200 2570 observandum
1245 2539 1306 2578 sit,
1350 2547 1398 2569 ne

755 2581 954 2622 respublica
993 2583 1031 2615 in
1072 2584 1264 2625 perniciem
1302 2587 1397 2616 ruat.

755 2624 816 2659 Sic
845 2627 932 2660 haee
972 2630 1184 2671 explicanda
1218 2630 1398 2668 videntur,

755 2673 791 2704 in
804 2674 930 2714 quibus
947 2679 1063 2707 tamen
1078 2676 1224 2708 moleste
1241 2675 1398 2713 ferimus,

756 2719 848 2759 quod
880 2725 1077 2762 postrema:
1114 2719 1152 2754 οἱ
1180 2731 1320 2762 moy-e).
1355 2737 1396 2744 -—

1417 361 1501 402 700
