1612 2872
529 92 902 137 PRAEFATIO.
1289 92 1409 135 XIII

54 215 273 271 scriptura
314 223 513 254 constare
553 218 596 252 et
627 222 734 251 vero
773 207 903 250 etiam
944 212 1108 263 quanta
1145 205 1234 248 fide
1275 212 1319 248 et
1345 222 1411 248 re-

55 271 216 328 ligione
243 269 334 312 lm.
365 267 658 310 Bekkerus
687 266 730 308 in
769 264 931 307 chartis
961 264 1154 319 antiquis
1186 263 1411 306 excutien-

54 328 122 370 dis
162 332 360 369 versatus
401 325 460 367 sit
508 324 666 367 clarius
705 322 890 379 intelligi
919 336 1050 378 posse
1078 320 1291 364 videatur.
1324 321 1414 363 .-·Et

86 383 329 441 ercepimus
369 397 471 426 sane
511 380 667 424 exinde
696 380 780 422 hoc
811 379 1034 433 utilitatis,
1065 384 1114 421 ut
1142 393 1230 421 non
1259 379 1412 435 paucis

53 402 164 485 focis
204 441 331 497 primi
361 439 630 496 potuerimus
660 436 916 490 decernere,
963 435 1069 491 quid
1096 435 1151 479 de
1183 436 1413 479 verborum

54 499 274 555 scriptura
314 503 358 540 et
393 495 692 539 emendatione
723 493 1003 536 statuendum
1035 500 1174 548 esset,
1214 492 1262 535 id
1294 493 1414 550 quod

54 557 146 599 suis
185 555 294 597 locis
332 555 378 595 in
416 551 737 596 commentariis
775 551 937 593 nostris
967 551 1081 607 grati
1121 551 1308 608 professi
1339 566 1430 601 su-,

55 627 164 655 mus.
226 610 522 664 Quamobrem
553 610 696 652 facere
726 623 815 650 non
836 622 1068 664 possumus
1095 609 1202 663 quin
1232 608 1412 651 Baeh-

55 669 162 723 rio‚
194 668 303 710 Viro
345 666 645 710 Illustrissimo
677 671 810 720 atque
840 665 1194 720 Humanissimo‚
1234 666 1305 709 cui
1334 665 1413 708 du-

55 725 158 768 dum
186 726 322 768 tacito
345 730 526 781 pectore
542 723 774 766 maximam
800 722 1031 765 habuimus
1063 723 1264 779 gratiam,
1296 739 1413 766 nunc

55 784 185 825 etiam
225 782 368 838 palam
441 797 488 823 ro
530 780 691 837 insigni
730 780 869 835 ipsius
907 794 1011 837 erga
1049 795 1128 822 nos
1170 779 1320 823 favore
1361 796 1412 823 ac

54 840 358 883 benevolentia
428 839 568 881 ebitas
617 837 770 879 rratias
808 852 1003 895 agamus.
1075 835 1197 891 Quas
1236 837 1413 893 quidem

58 897 222 954 gratias
253 897 382 939 etiam
413 896 467 939 ab
499 856 699 940 omnibus
727 894 798 949 iis,
830 895 903 951 qui
933 895 1146 937 bonarum
1173 895 1413 938 litterarum

53 961 248 996 amantes
274 959 392 1009 sunt,
425 954 464 996 ei
492 953 607 996 ultro
631 951 825 994 oblatum
854 952 923 1006 iri,
953 951 1000 994 id
1030 967 1133 995 vero
1162 958 1288 995 tanto
1319 968 1412 996 cer-

54 1012 141 1053 tius
181 1026 406 1067 speramus
446 1017 578 1066 atque
609 1007 892 1064 confidimus,
932 1025 1020 1066 quo
1051 1009 1300 1067 religiosius
1331 1026 1412 1054 nos

55 1083 230 1111 munere
262 1069 315 1110 ab
345 1069 442 1125 ipso
473 1067 628 1109 litteris
658 1066 822 1109 tributo
855 1067 923 1110 usi
960 1067 1093 1110 fuisse
1135 1069 1411 1124 reperiemur.

167 1159 282 1202 Sunt
317 1165 462 1201 autem
504 1157 704 1211 codices,
758 1173 941 1213 quorum
994 1158 1131 1215 copiis
1172 1159 1235 1201 uti
1283 1161 1410 1204 nobis

54 1231 310 1259 concessum
340 1215 438 1270 fuit,
470 1215 537 1258 hi:

148 1298 186 1351 1)
230 1295 266 1336 P
273 1295 613 1393 larisinusIA.
646 1296 954 1394 mgnefxoklssffl
985 1295 1411 1396 inSiffiplltus⁹t·C9n-

223 1358 269 1393 tu
289 1359 323 1393 it
387 1366 483 1395 eum
577 1369 632 1395 m.
741 1368 764 1395 e
858 1367 1010 1403 erus3
1110 1368 1153 1394 ιι
1188 1368 1242 1396 en
1265 1370 1412 1398 issime

227 1410 330 1451 item
377 1410 568 1453 excussit
617 1409 878 1464 Bastius,
940 1410 1063 1452 cuius
1121 1369 1297 1454 scgliedis
1343 1414 1412 1456 usi

225 1481 386 1509 sumus.

141 1523 188 1577 12)
226 1523 524 1566 Parisinus
561 1524 613 1568 B.
655 1541 680 1567 a
707 1525 905 1568 Bastio
945 1524 1002 1566 ad
1044 1525 1238 1581 quinque
1276 1526 1412 1569 libros

225 1581 390 1637 priores
431 1589 476 1622 et
505 1583 619 1624 sexti
647 1583 819 1625 initium
850 1581 1047 1625 collatus.
1108 1582 1154 1625 Is
1185 1583 1295 1626 liber
1325 1599 1412 1639 quo

226 1654 405 1680 numero
436 1638 482 1680 iu
502 1640 703 1698 catalogo
733 1639 1024 1683 bibliothecae
1054 1647 1231 1684 notatus
1262 1641 1410 1696 fuerit,

224 1695 499 1752 ignoramus,
556 1696 910 1753 quandoquidem
960 1696 1006 1739 id
1060 1713 1147 1740 non
1200 1698 1412 1742 indicavit

225 1753 333 1794 Bas
348 1753 478 1795 tius.

143 1808 190 1866 3)
236 1811 268 1850 V
285 1818 480 1852 enetus
523 1810 571 1855 Ξ.
618 1827 797 1854 numero
851 1811 932 1853 184
980 1812 1191 1868 signatus.
1278 1813 1412 1855 Hunc

231 1882 405 1921 quoque
433 1875 719 1911 excusserunt
746 1866 1046 1910 Bekkerus
1081 1875 1126 1911 et
1154 1869 1409 1924 Bastius,

226 1923 350 1964 euius
379 1924 604 1980 utriusque
633 1925 864 1968 collatione
891 1924 961 1967 usi
992 1940 1157 1968 sumus·
1217 1927 1315 1969 Nec
1345 1934 1411 1969 ta-

226 1994 325 2021 men
365 1979 593 2024 Bastius
635 1981 876 2038 exploravit
912 1988 1076 2036 totum,
1116 1983 1240 2026 cuius
1278 1999 1412 2041 opera

223 2036 326 2079 inde
357 2052 383 2078 a
411 2037 597 2094 septimo
628 2038 739 2081 libro
769 2038 969 2081 cessavit.

141 2093 188 2147 4)
228 2093 550 2137 Vaticanus
594 2096 648 2138 Ω.
688 2096 733 2137 in
772 2094 972 2152 catalogo
1010 2111 1050 2137 n.
1094 2097 1177 2138 796
1215 2103 1409 2141 notatus.

226 2149 338 2192 Eum
377 2158 515 2194 totum
555 2159 687 2208 atque
724 2153 939 2210 integrum
970 2153 1249 2197 contulerunt
1276 2155 1409 2198 Bek—

227 2207 394 2250 kerus
435 2215 479 2251 et
509 2208 761 2265 Basffius,
794 2208 955 2252 additis
986 2209 1115 2252 etiam
1146 2211 1410 2256 lectionibus

227 2265 409 2320 margini
440 2265 672 2323 adscriptis
713 2268 855 2323 iisque
886 2280 1015 2323 saepe
1045 2283 1254 2324 perquam
1284 2286 1409 2326 prae-

227 2321 466 2366 stabilibus.
526 2323 683 2380 Itaque
715 2324 769 2367 de
799 2325 893 2366 eius
927 2324 1089 2368 virtute
1121 2331 1165 2368 et
1195 2327 1410 2370 excellen-

226 2378 289 2420 tia
317 2380 423 2422 satis
452 2381 656 2436 utrinque
687 2387 872 2424 constat.

145 2436 191 2489 5)
230 2435 566 2493 Angelicus,
608 2453 634 2480 a
675 2439 801 2481 uobis
841 2447 885 2481 et
924 2438 1178 2482 Bekkero
1207 2440 1355 2483 littera
1385 2458 1409 2481 v

226 2492 473 2547 insignitus.
504 2494 555 2538 C.
590 2499 624 2539 1.
660 2497 698 2537 7.
731 2496 852 2538 form.
880 2496 1053 2538 maxim.
1083 2497 1199 2539 Eum
1219 2501 1413 2542 excussit

230 2548 533 2595 Bekkerus.

143 2604 189 2658 ὕ)
229 2605 468 2652 Palatin.
516 2610 832 2653 Vaticanus
882 2611 898 2652 f
950 2610 1242 2665 (Bekkero
1283 2612 1328 2666 Ῑ)
1369 2627 1410 2653 n.

235 2664 326 2706 177.
355 2672 555 2719 ornatus,
586 2683 714 2724 quem
745 2667 849 2710 item
880 2667 1064 2711 contulit
1103 2668 1412 2711 Bekkerus.
