1612 2872
250 102 331 145 DE
360 101 636 146 LEGIBUS
668 100 787 144 1218.
818 100 902 144 111.
932 99 979 142 P.
1012 101 1108 143 678.
1143 98 1207 142 St.
1334 101 1410 144 261

169 223 263 265 Ae.
340 219 518 264 Οὐκοῦν
540 219 776 276 προϊόντος
807 222 889 274 μὲν
924 219 1004 262 τοῦ
1030 217 1209 275 χρόνου,
1235 219 1416 273 πληθυ-

69 306 200 340 onoc
246 287 286 331 δ’
338 286 462 344 ἡμῶν
506 289 590 332 τοῦ
631 293 810 343 γένους,
846 291 905 338 εὶς
942 286 1091 329 πάντα
1122 284 1176 329 τὰ
1211 287 1294 330 νῦν
1326 304 1413 330 xa—

68 355 320 409 ι’)εστηκότα
357 353 641 411 προελήλυθε
678 356 856 408 πάντα,-

169 425 268 467 ΚΛ.
336 422 609 479 ’(Ιρθότατα.

162 492 262 534 ΑΘ.
334 489 425 533 Οὐκ
459 491 664 547 ἐξαίφνης
710 507 782 544 γε,
818 487 876 538 ὡς
915 487 1049 538 εἰκός,
1081 487 1194 531 κατὰ
1229 487 1412 546 σμικρὸν

67 561 112 602 δὲ
150 566 196 601 ἐν
229 558 476 613 παμπόλλῳ
514 560 598 600 τινὶ
630 558 791 613 χρόνῳ.

167 627 268 669 ΚΛ.
340 625 430 667 Καὶ
463 623 584 678 μάλα
622 630 770 680 πρέπει
808 621 944 666 τοῦθ’
988 619 1141 673 οὕτως.

161 693 259 735 ΑΘ.
326 690 396 734 Ἐκ
428 690 514 747 γὰρ
549 693 638 734 τῶν
671 690 860 750 ὑψηλῶν
881 695 943 741 εὶς
971 687 1026 732 τὰ
1051 692 1177 733 πεδία
1195 692 1410 745 καταβαί-

61 777 163 810 νειν,
202 758 338 814 οἶμαι,
375 760 485 801 πᾶσι
519 758 663 819 φόβος
699 761 883 808 ἔναυλος
914 755 1115 812 ἐγεγόνει.

162 828 264 870 ΚΛ.
337 826 443 877 Πῶς
476 825 518 869 δ’
555 824 634 877 οὕς

161 894 258 937 ΑΘ.
316 885 409 951 'Ap‘
463 893 542 937 οὐκ
585 890 770 948 ἅσμενοι
812 895 893 947 μὲν
942 892 1129 943 ἑαυτοὺς
1172 892 1319 949 ἑώρων
1354 893 1402 937 δι’

61 960 295 1014 ὀλιγότητα
318 964 365 1004 ὲν
398 969 492 1011 τοῖς
528 963 624 1018 περὶ
659 965 824 1004 ἐκεῖνον
842 959 922 1004 τὸν
947 959 1130 1017 χρόνον,
1159 968 1316 1016 πορεῖα
1352 963 1410 1013 δὲ,

60 1027 151 1078 ὥςτ’
191 1027 260 1071 ἐπ’
302 1027 523 1081 ἀλλήλους
557 1028 655 1072 τότε
693 1028 966 1084 πορεύεσθαι
991 1026 1103 1071 κατὰ
1127 1027 1210 1083 γῆν
1240 1027 1267 1081 ἢ
1292 1027 1406 1072 κατὰ

61 1095 326 1146 θάλατταν,
361 1094 443 1140 σὺν
477 1104 574 1147 ταῖς
609 1103 796 1151 τέχναις,
831 1094 890 1146 ὡς
921 1099 1024 1146 ἔπος
1061 1101 1219 1145 εἰπεῖν,
1257 1096 1405 1140 πάντα

154 1235 433 1279 πληθύοντος
460 1231 494 1267 δ’
520 1232 654 1278 ἡμῶν]
692 1235 751 1268 Sic
778 1235 857 1268 Par.
886 1239 930 1269 A.
958 1237 1058 1270 Rice.'
1084 1237 1116 1268 h.
1142 1236 1236 1268 Flor.
1261 1247 1292 1271 a.
1319 1248 1347 1268 c.
1375 1235 1404 1267 δ.

59 1293 94 1317 et
118 1294 225 1326 marg.
253 1283 330 1315 Vat.
361 1280 399 1314 Ω.
424 1291 488 1324 pro
520 1283 612 1323 vulg,
638 1279 892 1324 πληθύιόντοε.

151 1327 425 1372 προελήλυθε
449 1327 603 1373 πάντα]
630 1329 674 1360 V.
701 1326 842 1367 ἅπαντα,
868 1330 963 1372 quod
987 1334 1156 1362 mutatum
1181 1339 1224 1361 ex
1250 1328 1331 1363 Par.
1358 1330 1403 1362 A.

58 1383 92 1409 et
115 1387 223 1419 marg.
255 1373 293 1407 Ω.
316 1381 422 1417 atque
444 1385 478 1407 a.

150 1423 190 1457 C.
240 1425 392 1463 πορεῖα
417 1419 498 1465 δέ,]
528 1420 565 1452 V.
592 1419 723 1462 πόρεια.
773 1420 938 1454 Correxit
960 1421 1173 1463 Stephanus.
1199 1422 1292 1453 Ann.

59 1547 114 1582 27.
142 1545 362 1578 Demosth.
392 1545 446 1576 De
475 1544 582 1577 Falsa
605 1546 692 1587 Leg.

57 1592 184 1635 Ρ.328.
206 1591 246 1624 C.
272 1589 354 1624 κατὰ
379 1588 521 1632 σμικρὸν
545 1588 693 1634 ὖπυρῤέ-

59 1648 148 1671 ovam
179 1633 325 1679 ἀθρόως
357 1637 396 1677 τῇ
427 1635 522 1668 πόλει
547 1641 695 1680 γίγνεται

58 1682 184 1728 βλάβη.
246 1684 417 1725 Usurpari
461 1684 568 1716 etiam
612 1682 696 1716 κατὰ

58 1728 196 1773 σμικρά,
226 1731 347 1762 docuit
369 1729 398 1762 P
417 1740 435 1762 e
450 1740 467 1762 r
486 1731 531 1762 iz
551 1741 573 1763 ο
587 1742 622 1764 n.
649 1732 693 1764 ad

25 1776 29 1790 ⁴
59 1778 136 1811 Ael.
163 1777 204 1809 V.
228 1777 272 1810 Η.
297 1776 346 1809 11.
371 1775 426 1810 22.

104 1823 145 1858 C.
192 1822 293 1854 πᾶσι
332 1819 474 1862 φόβος
511 1818 695 1852 &navius

59 1869 135 1911 ἐγ]
153 1869 294 1900 omnib
307 1878 352 1900 us
372 1868 519 1899 inerat
543 1875 694 1898 recens

58 1915 183 1957 quasi
207 1913 415 1951 formido,
435 1921 546 1953 quae
570 1912 694 1954 ipsos

58 1961 338 2003 impediebat,
385 1968 439 1991 ne
488 1967 539 1989 ex
584 1968 694 1990 mon-

59 2009 168 2039 tium
204 2007 319 2047 iugis
350 2008 395 2037 in
427 2013 597 2045 campos
628 2005 693 2037 de·

58 2053 336 2086 scenderent.
375 2049 543 2083 Ἐναυλος
566 2051 695 2083 dicitur

57 2099 231 2142 exquisite
255 2103 326 2131 tam
353 2098 397 2129 de
422 2107 523 2137 son0‚
537 2107 606 2139 quo
632 2098 694 2129 ad—

57 2145 125 2178 huc
152 2155 256 2178 aures
287 2148 494 2187 personant,
519 2153 622 2185 quam
651 2144 695 2175 de

60 2192 215 2233 qualibet
237 2202 292 2232 re,
316 2191 415 2224 cuius
441 2190 609 2221 memoria
633 2190 694 2221 ad-

60 2237 127 2269 huc
150 2247 270 2270 recens
294 2242 357 2269 est.
405 2235 503 2274 Quae
531 2237 620 2268 scita
643 2241 695 2268 est

58 2283 258 2316 observatio
272 2283 365 2316 Ruh
374 2293 396 2315 n
407 2283 431 2315 k
440 2292 459 2314 e
468 2282 530 2314 nii
545 2283 591 2315 ad
602 2282 694 2317 Tim.

59 2329 177 2363 Gioss.
193 2340 226 2372 p.
240 2330 333 2371 100„
351 2330 487 2361 idoneis
501 2329 564 2361 illa
575 2339 692 2361 exem—

59 2374 125 2419 plis
149 2375 193 2408 ab
219 2386 260 2408 eo
284 2375 499 2408 confirmata.

106 2418 294 2454 ἑαυτούς
317 2418 458 2463 ἑώρων
475 2417 533 2452 δι’
550 2417 693 2463 ὀλιγό-

63 2478 163 2509 τητα
192 2468 261 2510 -]
306 2473 540 2510 propterea
583 2469 694 2510 quod

61 2519 204 2546 erant·
243 2514 502 2556 paucissimi
556 2524 696 2556 eoque

61 2561 227 2592 maiore
251 2562 371 2592 inter
396 2570 443 2592 se
466 2561 695 2593 coniuncti

60 2617 116 2639 ea
135 2608 315 2640 ritate.
369 2606 455 2638 Mox
485 2617 518 2648 p.
544 2607 623 2642 678.
650 2608 695 2639 E:

63 2650 205 2695 ἠγάπων
273 2652 327 2685 καὶ
397 2650 697 2696 ἐφιλοφρονοῦντο

58 2697 228 2741 ἄλλήλουι·
253 2696 293 2731 δι’
311 2697 460 2740 ἐρημίαν.
486 2700 574 2733 Dein
592 2702 698 2742 vulgo

763 1544 900 1588 πόρεια,
935 1554 999 1587 pro
1039 1554 1108 1585 quo
1148 1541 1405 1585 Stephanus

762 1593 911 1634 requirit
957 1593 1094 1632 πορεῖα,
1135 1594 1172 1620 ut
1216 1594 1269 1622 est
1311 1590 1405 1632 apud

762 1639 935 1672 Polluc.
961 1637 991 1672 I.
1017 1636 1073 1671 83.
1100 1635 1156 1668 ΙΙΙ.
1181 1635 1239 1670 92.
1265 1636 1402 1678 Etym.

762 1686 811 1720 M.
844 1684 972 1717 Phot.
1003 1687 1039 1716 et
1069 1682 1188 1716 Suid.
1224 1693 1252 1715 s.
1285 1693 1317 1717 v.
1342 1686 1403 1724 qui

762 1733 1037 1773 interpretantur
1078 1725 1116 1760 τὰ
1163 1727 1214 1761 εἰς
1261 1731 1404 1770 πορείαν

762 1775 917 1820 χρήσιμα.
951 1776 1059 1809 Recte
1083 1785 1178 1808 vero.
1222 1775 1314 1808 Nam
1340 1785 1401 1807 πο-

764 1828 837 1866 ρεῖα
874 1823 1112 1860 scribendum,
1151 1821 1262 1854 sicubi
1302 1832 1403 1854 voca-

763 1871 884 1901 bulum
919 1869 1072 1901 nominis
1118 1867 1326 1901 substantivi
1369 1870 1403 1899 vi

763 1920 798 1947 et
831 1915 1088 1956 significatione
1117 1914 1266 1954 potitur,
1300 1918 1338 1945 ut
1370 1915 1402 1948 h.

762 1962 800 2000 l..
819 1961 879 1992 ubi
903 1961 1046 1992 omnino
1070 1959 1315 2000 intelliguntur
1339 1970 1403 1991 ve-

763 2007 910 2039 hicula
939 2007 1245 2047 cuiuscunque
1276 2015 1404 2046 gene-

762 2054 832 2086 ris.
868 2053 994 2085 Haesit
1017 2061 1102 2084 vero
1118 2051 1156 2083 in
1174 2052 1229 2083 his
1243 2051 1399 2085 Boeck-

762 2100 875 2132 hius.
939 2098 1029 2139 Sed,
1069 2097 1238 2138 obsecro,
1273 2098 1402 2140 inquit,

762 2146 904 2188 quinam
955 2145 1059 2178 terris
1109 2153 1202 2186 aqua
1253 2145 1400 2176 obtectis

762 2193 972 2224 terrestri
1026 2191 1152 2223 itinere
1211 2191 1400 2223 convenire

762 2238 978 2280 potuissent,
1002 2237 1139 2269 etiamsi
1162 2237 1400 2270 abundassent

762 2285 875 2317 omnis
904 2285 1042 2326 generis
1067 2283 1244 2325 nopec'ots?
1291 2284 1338 2316 Et
1362 2291 1399 2316 ut

763 2331 951 2364 concedam
984 2331 1160 2373 potuisse,
1189 2330 1272 2371 quid
1310 2341 1400 2372 opus

764 2382 840 2410 erat
888 2376 1072 2417 vehiculis,
1112 2376 1249 2418 quando
1295 2378 1397 2409 sedes

764 2427 898 2456 mutare
934 2424 1098 2456 volebant
1130 2432 1301 2464 pauperes
1334 2423 1396 2456 ho-

763 2471 874 2502 mines
905 2475 940 2502 et
971 2470 1065 2503 omni
1097 2474 1255 2501 carentes
1282 2470 1399 2511 supel-

764 2516 899 2548 lectile?
926 2527 1014 2559 quae
1030 2516 1135 2549 etiam
1147 2516 1396 2557 impedimento

765 2563 913 2595 fuissent
932 2562 1232 2605 proficiscentibus
1250 2572 1313 2603 per
1336 2573 1397 2604 pa-

763 2609 906 2642 ludosas
933 2619 951 2641 e
975 2609 1106 2642 recenti
1132 2608 1253 2640 illuvie
1276 2610 1395 2641 valles.

765 2655 850 2688 Sola
871 2656 980 2695 igitur
995 2655 1151 2697 navigia,
1165 2655 1291 2696 quibus
1309 2656 1398 2686 inter

767 2713 804 2735 se
824 2704 1062 2742 convenirent,
1079 2701 1233 2735 defuisse
1250 2701 1399 2733 debebat
