1612 2872
177 106 261 149 DE
292 104 570 151 LEGIBUS
604 104 724 147 LIB.
757 104 817 148 11.
852 105 901 147 P.
929 105 1024 148 658.
1045 104 1142 148 659.
1175 104 1240 148 St.
1316 107 1393 147 177

28 219 109 264 δὸν
140 224 309 274 ἐκείνην
345 221 458 266 εἶναι
496 224 693 266 Μοῦσαν
728 224 960 274 καλλίςην,
1008 219 1106 274 ἥτις
1154 218 1260 272 τούς
1290 222 1390 277 βελτ

28 290 179 339 τίςους
214 290 289 332 καὶ
330 290 493 338 ἱκανῶς
530 290 903 345 πεπαιδευμένους
935 293 1101 345 τέρπει,
1136 286 1304 344 μάλιςα
1341 289 1387 331 δὲ

28 352 127 408 ἥτις
157 359 234 398 ἕνα
271 353 354 399 τὸν
389 355 526 415 ἀρετῇ
579 372 624 398 τε
660 357 735 398 καὶ
771 357 951 410 παιδείᾳ
987 357 1274 414 διαφέροντα.
1309 351 1382 397 διὰ
1416 361 1500 402 659

29 423 173 464 ταῦτα
223 424 268 465 δὲ
314 420 476 479 ἀρετῆς
519 424 668 480 φαμὲν
713 424 894 466 δεῖσθαι
941 420 1045 472 τοὺς
1086 421 1259 465 τούτων
1292 438 1384 477 κρι-

28 486 133 540 τάς,
176 486 244 532 ὅτι
294 490 376 541 τῆς
421 505 467 532 τε
511 486 650 541 ἄλλης
696 488 911 544 μετόχους
963 486 1131 539 αὐτοὺς
1175 488 1288 533 εἶναι
1322 490 1386 532 δεῖ

29 554 288 613 φρονήσεως
323 558 397 599 καὶ
436 553 488 607 δὴ
526 558 598 598 καὶ
635 559 711 608 τῆς
748 554 970 611 ἀνδρείας.
988 553 1109 604 ,οὔτε
1146 554 1235 611 γάρ
1263 554 1387 610 παρὰ

30 620 237 678 θεάτρου
283 625 347 666 δεῖ
396 621 476 665 τόν
521 639 568 675 γε
613 622 774 676 ἀληθῆ
811 622 967 678 κριτὴν
1002 625 1165 679 κρίνειν
1199 621 1390 678 μανθά-

30 705 167 732 νοντα
204 692 278 732 καὶ
314 688 668 743 ἐκπληττόμενον
712 687 799 732 ὑπὸ
837 686 1048 745 θορύβου
1084 690 1173 732 τῶν
1211 690 1390 733 πολλῶν

30 773 104 799 και
139 757 218 808 τῆς
254 753 395 800 αὑτοῦ
433 755 736 807 ἀπαιδευσίας,
773 752 873 799 οὔτ’
914 748 1296 810 αὗμγνιόσκοντα
1321 754 1380 799 δι’

30 822 279 880 ἀνανδρίαν
316 825 390 866 καὶ
427 825 592 866 δειλίαν
626 828 671 866 ἐκ
703 821 873 866 ταύτοῦ
894 820 1091 878 ςόματος
1111 816 1246 882 οὗπερ
1286 839 1391 873 τους

34 973 96 1009 dv&
122 978 185 1010 ιἀἒ.

100 989 242 1064 ρπαρὰ
266 1021 466 1065 θεάτρου
493 1021 557 1054 δεῖ
583 1022 646 1063 -]
674 1022 831 1055 Pessime
856 1023 959 1064 vulgo
986 1021 1077 1064 παρὰ
1101 1022 1270 1065 θατέρου.
1319 1025 1390 1058 Ve-

34 1079 107 1102 ram
142 1070 327 1102 tentonem
363 1073 546 1101 seriarum
580 1069 624 1100 A.
663 1065 701 1099 Ω.
736 1068 880 1110 (marg.)
917 1078 947 1100 a.
983 1079 1016 1100 x.
1050 1073 1085 1102 et
1119 1069 1250 1102 Enseb.
1307 1070 1392 1102 Dein

37 1114 118 1148 Eue.
146 1111 215 1147 ὑπὸ
244 1115 319 1147 τοῦ
343 1114 525 1170 3001Qssov

128 1161 202 1203 τῆς
233 1158 372 1193 αυτοῦ
405 1157 719 1202 ἀπαιδευσίας]
753 1159 815 1191 Sic
852 1156 890 1190 Ω.
917 1159 955 1192 Ξ.
982 1160 1025 1192 al.
1060 1170 1122 1203 pro
1155 1162 1243 1203 vulg.
1270 1156 1392 1198 αυτοῦ,

35 1206 128 1248 quod
155 1208 267 1240 tenuit
293 1207 413 1240 Herm.
441 1209 471 1239 in
497 1206 579 1239 edit.
605 1204 779 1237 Teubner.

37 1319 292 1361 sapientiae
325 1323 407 1352 tum
436 1318 567 1350 etiam
595 1317 676 1349 for-

35 1364 271 1404 titudinis,
306 1375 336 1400 v
363 1364 406 1397 ad
433 1363 540 1406 Apol.
566 1373 598 1405 Ρ.
621 1363 680 1397 36

36 1410 78 1444 Ε.
98 1409 327 1445 Phaed.110.
352 1410 394 1443 E.
420 1410 584 1454 Sympos.
604 1409 681 1443 191.

37 1455 80 1488 B.
106 1456 164 1488 ubi
189 1457 332 1489 similem
359 1466 458 1489 usum
478 1466 555 1488 voc.
583 1452 683 1487 ἄλλος

38 1502 246 1535 notavimus.
277 1503 432 1534 Consule
453 1501 556 1534 etiam
575 1501 608 1533 H
622 1511 681 1534 er·

38 1557 173 1580 mann.
197 1548 239 1580 ad
269 1546 377 1590 Sopb.
406 1547 553 1580 Plniloct.
579 1555 611 1578 v.
626 1547 682 1581 38.

86 1590 190 1626 οὔτε
214 1594 292 1636 γὰρ
319 1591 431 1636 παρὰ
453 1590 683 1634 θεάτρου]

39 1638 87 1680 H.
120 1650 150 1672 e.
193 1651 212 1672 a
253 1639 616 1681 spectatoribus3
647 1649 678 1670 v.

0 1710 6 1713 —
41 1684 344 1727 wyttenbach.
370 1686 450 1718 Vol.
473 1685 531 1718 lll.
561 1683 678 1716 1².1v.

41 1741 74 1773 p.
107 1731 162 1765 79.
198 1730 241 1763 ud
273 1729 444 1764 Plutarch.
475 1730 517 1763 11.
552 1728 607 1765 79.
639 1731 680 1762 D.

42 1775 123 1811 110.
155 1775 197 1808 C.
228 1777 259 1809 Ι.
292 1776 373 1812 374.
406 1775 450 1810 ad
487 1775 623 1818 Eunap.
648 1786 680 1818 p.

42 1822 122 1856 229.
148 1822 237 1854 conf.
264 1821 377 1854 Plat.
405 1822 525 1863 Symp.
552 1820 682 1863 p.194.

43 1869 84 1901 A.
112 1867 153 1899 B.
207 1868 300 1900 Usu·
333 1866 491 1900 vocabuli
523 1867 684 1907 frequens

41 1912 133 1954 apud
184 1912 383 1951 Libnnium,
441 1911 684 1952 Themistium‚

42 1959 130 1991 alios
155 1958 299 1991 similes.

92 2001 450 2046 ἐκπληττόμενον
491 1999 571 2034 υπὸ
612 2002 686 2035 θο-

47 2048 196 2092 ρύβου
221 2049 312 2104 —]
330 2047 434 2083 Quod
468 2047 542 2081 libri
576 2046 686 2100 ΕΜ.-

46 2095 90 2128 bii
123 2094 252 2128 habent
292 2091 362 2126 ὑπὸ
399 2094 463 2126 τοῦ
506 2091 688 2136 θορύβου,

45 2151 88 2174 eo
112 2150 179 2173 non
204 2141 346 2173 videtur
360 2150 448 2182 opus
462 2150 552 2181 esse,
579 2149 686 2180 quan-

47 2185 232 2227 doquidem
270 2190 366 2219 recte
403 2186 534 2219 dicitur
567 2185 686 2218 indefi-

46 2232 118 2264 nite
144 2228 213 2262 ὖπὸ
238 2229 418 2273 θορύβου.
471 2231 600 2264 Dicitur
624 2241 687 2264 au-

48 2282 118 2310 tem
160 2274 326 2318 θόρυβοε
365 2282 400 2310 et
442 2277 619 2321 θορυβεῖν
654 2278 688 2309 in

46 2327 227 2363 utramque
253 2327 386 2364 partem
411 2322 455 2356 de
476 2324 628 2357 tumultu
653 2327 688 2355 et

48 2369 200 2401 clamore
232 2368 458 2402 multitudinis
483 2369 607 2410 aliquid
632 2369 686 2401 vel

50 2413 228 2456 probantis
260 2414 317 2447 vel
349 2414 600 2456 improbantia,
639 2413 686 2446 si-

50 2458 121 2491 cuti
145 2458 212 2491 iam
237 2459 434 2492 observavit
450 2459 577 2493 Thom.
593 2459 686 2501 Mag.

51 2513 85 2546 p.
111 2503 190 2538 453.
215 2504 273 2537 ubi
298 2515 330 2536 v.
354 2504 462 2548 intpp.
489 2505 579 2538 conf.
606 2515 685 2538 ann.

51 2547 96 2582 ad
124 2549 224 2591 Apol.
251 2549 351 2582 Soet.
375 2560 407 2592 p.
433 2549 488 2585 17.
514 2551 556 2584 D.
583 2555 618 2584 et
632 2550 688 2585 30-

52 2594 91 2628 C.
142 2594 194 2627 De
228 2595 377 2628 tumultu
415 2596 446 2628 in
482 2595 626 2629 theatri·
660 2606 690 2629 v.

52 2639 137 2672 iufra
177 2640 247 2672 111.
287 2651 319 2682 p.
361 2641 438 2676 700.
474 2640 515 2674 Ε.
557 2641 614 2675 1Χ.
656 2652 688 2684 p.

53 2684 131 2720 876.
157 2685 199 2718 Β.

111 2741 199 2774 Plat.
226 2741 315 2783 Opp.
345 2742 423 2774 Vol.
449 2741 491 2775 X.
519 2742 611 2776 Sect.
640 2743 668 2775 Ι.

795 1316 864 1347 καὶ
907 1317 981 1358 τῆς·
1020 1313 1158 1349 αὐτοῦ
1191 1313 1388 1349 ἀπαιδευ-

750 1362 870 1403 σίας]
921 1362 1087 1395 Scribunt
1125 1364 1229 1404 vulgo
1271 1358 1392 1399 αὐτοῦ,

750 1408 842 1450 quod
870 1409 1039 1441 referatur
1066 1409 1109 1441 ad
1135 1407 1305 1450 θόρυβον
1327 1408 1393 1439 τῶν

751 1454 894 1485 πολλῶν.
961 1456 1006 1485 At
1046 1457 1198 1496 scriptor
1245 1455 1394 1497 primum

749 1498 905 1532 ostendit
929 1499 1034 1531 iudici
1054 1510 1142 1543 opus
1160 1511 1238 1533 esne
1254 1500 1392 1541 sapien-

750 1546 797 1578 tia
822 1556 848 1577 s.
878 1543 1065 1588 φρονήσεις
1091 1546 1182 1579 unde
1208 1556 1286 1579 enm
1312 1554 1393 1578 cen·
1434 1579 1439 1583 ,

751 1596 805 1624 set
837 1601 904 1623 non
939 1598 1105 1633 oportere
1144 1601 1187 1624 ex
1223 1591 1393 1625 sententia

750 1648 895 1678 magnae
944 1636 1176 1670 multitudinis
1230 1636 1396 1670 iudicium

749 1684 878 1723 facere,
904 1684 1051 1716 tumultu
1077 1687 1112 1715 et
1137 1684 1292 1716 clamore
1313 1692 1394 1724 spe-

749 1729 914 1762 ctantium
949 1733 1008 1761 aut
1032 1739 1096 1762 sua
1122 1729 1231 1772 ipsius
1256 1728 1392 1762 inscitia

750 1773 1027 1817 obstupefactum
1081 1779 1116 1807 et
1154 1776 1189 1807 iu
1235 1773 1391 1807 fraudem

750 1820 945 1853 seductum.
983 1820 1130 1876 Accedit
1145 1820 1238 1862 quod
1266 1819 1393 1853 deinde

752 1866 942 1907 opponitur
973 1862 1049 1897 οὔτ’
1080 1859 1127 1897 αιῖ
1157 1863 1394 1908 γιγνώσκοντα

753 1923 783 1943 κ.
809 1921 835 1942 t.
862 1911 909 1948 L,
943 1910 972 1943 h.
998 1922 1028 1944 e.
1059 1920 1123 1943 nec
1153 1912 1305 1944 vicissim
1332 1920 1394 1943 co-

751 1956 904 1998 gnitione
930 1956 1126 1997 praeditum
1151 1956 1209 1999 ita,
1235 1960 1273 1988 ut
1297 1956 1394 1998 igna—

753 2003 831 2034 viae
882 2006 942 2033 aut
989 2001 1161 2035 timiditati
1210 2000 1395 2035 concedat.

756 2046 1079 2080 Hermannus
1117 2051 1233 2079 tamen
1273 2043 1396 2085 αυτοῦ,

753 2091 917 2135 ipsius,
944 2102 1063 2126 verum
1089 2103 1168 2125 esse
1194 2096 1304 2134 putat.

801 2136 844 2170 ἐκ
886 2138 961 2169 τοῦ
996 2134 1134 2170 αυτοῦ
1178 2136 1396 2192 στόματος

757 2176 918 2226 οὗπερ]
960 2184 1003 2216 11.
1040 2195 1070 2217 e.
1110 2182 1148 2224 ἐξ
1182 2177 1312 2227 mineo:
1350 2183 1394 2217 de

754 2240 818 2271 qua
875 2230 1040 2270 loquendi
1090 2230 1222 2263 ratione
1269 2239 1299 2262 v.
1349 2229 1393 2262 ad

755 2273 891 2309 Phaed.
921 2276 975 2310 76.
1003 2276 1041 2308 D.
1075 2279 1110 2308 et
1133 2285 1221 2316 quos
1248 2275 1294 2308 ibi
1320 2276 1393 2308 lau-

755 2320 921 2354 davimus.
970 2320 1149 2363 Loquendi
1171 2321 1257 2354 ratio
1282 2331 1394 2364 prope

754 2370 918 2399 constans
956 2370 992 2399 et
1029 2367 1181 2408 legitima
1218 2366 1320 2400 etiam
1360 2368 1393 2399 in

755 2412 806 2445 his
833 2411 968 2454 Legum
993 2412 1087 2445 libris
1115 2412 1287 2454 reperitur
1311 2423 1392 2446 sae-

754 2458 917 2501 pissime,
954 2457 987 2490 id
1025 2455 1119 2500 quod
1152 2458 1306 2490 Aetius
1349 2467 1393 2490 ex

755 2507 852 2546 parte
891 2502 1008 2536 docuit
1049 2504 1263 2544 comparatio
1305 2504 1392 2536 locis

756 2549 798 2582 ll.
824 2548 856 2583 8.
887 2559 920 2590 p.
946 2548 1023 2584 665.
1051 2548 1092 2582 B.
1118 2548 1179 2582 IV.
1206 2548 1238 2583 6.
1265 2559 1298 2590 p.
1312 2548 1392 2585 714.

757 2594 796 2627 C.
834 2593 891 2626 vI.
923 2594 979 2629 14.
1012 2605 1044 2636 p.
1078 2594 1155 2629 770.
1196 2594 1235 2626 Β.
1265 2593 1310 2627 X.
1334 2594 1392 2630 13.

756 2651 788 2682 p.
812 2640 890 2675 905.
919 2640 958 2672 B.
996 2640 1078 2673 ibid.
1105 2640 1160 2675 15.
1187 2650 1219 2682 p.
1245 2640 1324 2675 909.
1351 2640 1392 2672 D.

758 2686 807 2719 De
837 2686 1060 2719 certaminum
1092 2686 1307 2718 scenicorum
1340 2685 1391 2716 iu-

1077 2742 1124 2780 12
