1612 2872
456 97 538 140 DE
570 95 848 142 LEGIBUS
881 104 961 141 ete.
1187 73 1370 142 xcvii

138 211 300 255 Verum
330 211 438 254 haec
469 212 615 254 omnia
643 226 730 267 quo
760 211 918 254 clarius
950 206 1078 253 etiani
1098 212 1367 269 perspician-

21 276 93 312 tur
130 269 378 324 rectiusque.
422 268 738 324 diiudicentur,
788 267 1035 311 faciendum
1074 268 1273 324 videtur,
1318 276 1369 312 ut

21 327 76 369 de
107 325 288 384 singulis
320 325 582 382 quibusdam
620 326 730 369 locis
760 325 846 369 huc
883 326 1200 382 pertinentibus
1238 342 1368 370 accu-

21 384 159 426 ratius
198 383 345 440 paullo
386 383 666 438 disquiratur.
733 383 1070 440 Disputabimus
1109 384 1245 441 igitur
1291 383 1367 426 de-

20 441 172 496 inceps
204 442 389 497 primum
421 441 473 483 de
503 441 638 483 initiis
668 446 801 495 atque
833 441 1082 496 elementis,
1123 457 1176 484 ex
1208 441 1367 497 quibus

21 498 173 540 civitas
215 498 386 555 Legum
424 496 612 540 conflata
658 499 747 548 est;
800 496 958 540 deinde
1003 514 1260 553 quaeremus
1312 498 1367 541 de

20 556 158 597 forma
186 555 410 611 regiminis
441 554 481 596 ei
509 555 708 611 propria3
750 559 841 596 tum
882 553 936 596 de
977 556 1136 598 civium
1175 563 1294 598 statu
1324 564 1368 598 et

20 613 195 654 fortuna
225 612 368 666 deque
400 611 630 668 disciplina
659 610 776 654 civili
806 611 852 652 in
882 611 958 653 illa
987 624 1199 670 regnante
1231 613 1367 669 expli-

21 669 214 720 cabitur3
263 675 419 724 postea
458 668 721 711 disseremus
761 667 815 709 de
862 668 948 710 fine
988 670 1160 726 Legum
1201 671 1368 712 ‹·ivitati

20 725 263 782 proposito,
296 741 382 781 qua
412 726 740 782 opportunitate
767 725 895 767 simul
925 732 1097 769 utemur
1124 726 1181 769 ad
1206 727 1369 771 doctri-

20 799 120 825 nam
156 783 330 826 virtutis
368 782 694 835 illustrandam3
749 782 961 826 addemus
1001 800 1130 841 porro
1178 785 1263 826 alia
1312 784 1367 826 de

19 841 228 897 religione
259 847 303 883 et
331 840 453 883 cultu
484 840 660 883 deorum
691 839 833 895 deque
863 855 947 882 usu
977 841 1245 894 matheseos3
1277 857 1366 898 quo

20 899 137 941 tacto
177 913 457 954 quaeremus,
497 914 601 940 num
638 905 682 940 et
721 903 936 953 quatenus
967 899 1011 940 in
1043 899 1214 957 Legum
1244 899 1366 942 libris

21 955 219 998 doctrina
249 955 302 997 de
331 954 442 998 ideis
467 955 669 1012 neglecta
717 970 768 997 ac
808 956 1117 1011 praetermissa
1158 957 1237 1009 sit3
1290 955 1366 998 de-

20 1013 152 1069 nique
192 1013 321 1055 etiam
363 1012 448 1055 alia
498 1012 712 1068 quaedam
761 1012 1051 1069 attingemus,
1102 1029 1214 1070 quae
1261 1014 1365 1056 viris

21 1069 162 1113 doctis
193 1075 423 1113 moverunt
463 1069 772 1112 dubitationes.
841 1069 1014 1123 Quibus
1052 1072 1252 1114 omnibus
1292 1086 1366 1113 ex-

19 1128 176 1184 positis
217 1127 404 1182 denique
452 1127 732 1183 perspicuum
769 1127 862 1169 fore
905 1143 1154 1184 speramus,
1201 1134 1367 1184 quanta

19 1186 135 1227 inter
163 1184 311 1241 Leges
342 1190 474 1240 atque
514 1183 650 1227 libros
681 1183 867 1227 Politiae
911 1185 1152 1229 intercedat
1183 1188 1364 1241 conjun-

21 1242 110 1285 ctio
142 1256 193 1285 ac
223 1241 510 1285 necessitudo.

555 1450 679 1529 Cap.
724 1451 824 1512 Vll.

45 1562 217 1607 Agitur
246 1562 308 1598 de
346 1563 500 1598 initiis
534 1565 586 1599 et
620 1563 879 1600 elementis
917 1561 1043 1597 unde
1076 1560 1256 1596 civitas
1293 1561 1342 1595 in

168 1612 380 1664 Legibus
415 1621 618 1657 condita
651 1622 815 1655 ortum
846 1620 1036 1655 habeat
1066 1628 1220 1654 suum.

131 1693 403 1748 Quaerentes
442 1694 577 1751 igitur
615 1694 860 1737 accuratius
900 1692 1140 1748 seduloque
1179 1692 1363 1735 circum-

20 1751 278 1807 spicientes,
337 1766 391 1794 ex
447 1751 606 1806 quibus
661 1751 797 1794 initiis
838 1756 883 1794 et
929 1749 1151 1792 elementis
1191 1750 1365 1807 Legum

19 1809 190 1862 civitas,
220 1823 349 1862 quam
367 1822 497 1865 saepe
529 1808 732 1863 diximus,
765 1808 1006 1865 composita
1039 1808 1098 1850 sit
1127 1812 1171 1849 et
1189 1806 1362 1863 effecta,

21 1879 173 1906 cavere
221 1864 348 1906 nobis
401 1880 664 1923 magnopere
727 1865 959 1919 debemus,
1019 1880 1073 1906 ne
1117 1864 1361 1907 incidamus

21 1921 67 1962 in
97 1935 243 1963 eorum
273 1935 483 1976 errorem,
533 1923 608 1977 qui
649 1923 793 1964 omnia
830 1922 915 1965 ista
952 1928 1215 1964 censuerunt
1242 1936 1363 1964 mero

22 1977 188 2035 ingenii
218 1977 316 2020 lusu
347 1984 422 2019 aut
448 1993 536 2021 uno
565 1978 716 2021 iudicii
765 1979 943 2021 arbitrio
982 1993 1008 2019 a
1045 1978 1228 2020 Platone
1259 1993 1364 2020 con-

20 2034 125 2077 ficta
154 2049 250 2076 esse
290 2049 432 2090 neque
470 2035 560 2077 ulla
595 2035 918 2078 necessitudine
955 2050 1054 2077 cum
1083 2034 1191 2091 ipsis
1223 2034 1363 2077 Grae-

21 2107 168 2134 corum
196 2091 404 2146 moribus,
436 2092 648 2136 institutis
679 2109 729 2136 ac
762 2092 934 2150 legibus
964 2092 1210 2135 coniuncta.
1261 2091 1362 2146 Quo

21 2149 192 2191 nomine
229 2148 380 2204 lapsus
420 2156 489 2192 est
533 2150 788 2206 gravissime
839 2148 984 2192 Frid.
1035 2150 1242 2192 Astius
1293 2150 1362 2192 De

20 2206 126 2248 Vita
160 2211 203 2248 et
233 2205 419 2262 Scriptis
451 2207 563 2249 Plat.
603 2224 645 2264 p.
676 2209 757 2251 385
787 2222 870 2262 sq.,
913 2206 988 2263 qui
1015 2206 1134 2263 leges
1166 2207 1362 2250 Platonis

22 2269 172 2306 censet
200 2262 296 2304 fieri
331 2279 421 2306 non
458 2264 654 2321 potuisse
692 2265 797 2321 quin
828 2279 965 2306 vanae
1005 2270 1048 2306 et
1083 2264 1234 2308 inanes
1271 2266 1361 2307 exi-

22 2326 184 2363 sterent
203 2334 253 2362 ac
283 2321 508 2364 scribentis
528 2321 710 2365 consilio
733 2337 885 2379 parum
903 2321 1232 2378 responderent,
1260 2338 1361 2378 pro-

22 2383 172 2433 pterea
201 2375 318 2432 quod
348 2393 479 2434 quum
520 2394 669 2422 omnes
703 2379 845 2436 leges,
887 2379 924 2421 si
961 2378 1064 2434 quid
1107 2380 1361 2437 profuturae

23 2433 136 2488 sint,
177 2448 229 2475 ex
265 2433 360 2490 ipsa
394 2436 548 2493 populi
581 2435 966 2491 cuiusque'indole
995 2435 1212 2493 prodeant
1248 2436 1363 2480 eius-

25 2505 108 2546 que
135 2490 352 2548 ingenium
382 2499 427 2535 et
445 2508 586 2536 mores
606 2494 794 2536 referant
821 2508 1000 2536 necesse
1018 2494 1101 2546 sit,
1139 2499 1232 2536 tum
1256 2493 1362 2536 illae

24 2546 306 2590 fundamento
336 2549 544 2593 historico
575 2552 748 2608 penitus
778 2557 954 2594 careant
993 2557 1038 2593 et
1067 2549 1252 2597 Graecis
1282 2566 1360 2607 po-

26 2604 139 2660 pulis
170 2610 373 2660 tanquam
403 2607 589 2651 alienum
619 2608 825 2664 quiddam
856 2608 1127 2651 extrinsecus
1157 2609 1362 2651 obtrusae

25 2660 262 2704 videantur.
337 2663 568 2708 Enimvero
606 2681 685 2709 nos
729 2665 903 2722 quidem
941 2665 976 2708 si
1020 2664 1125 2720 quid
1165 2665 1361 2707 iudicare

1045 2744 1086 2785 G
