1612 2872
570 82 689 125 PRA
698 82 943 125 EFATIO.
1340 81 1432 124 VII

73 206 205 254 atque
235 196 467 240 emendata
496 196 552 239 ad
573 197 874 254 posteritatem
894 194 1189 253 pervenerint,
1221 195 1430 237 habeant-

73 272 156 312 que
195 255 435 298 orationem
474 254 669 309 facilem,
709 254 910 310 politam,
958 253 1120 306 levem,
1169 251 1428 310 elegantem,

73 327 184 368 quae
223 313 383 354 virtute
427 327 505 354 sua
543 327 686 354 rerum
724 311 852 353 etiam
882 326 908 352 a
937 309 1156 353 commun-i
1183 309 1430 367 intelligen-

70 371 133 412 tia
162 370 336 427 longius
364 368 646 411 abductarum
668 384 721 410 ex
754 368 1001 410 licationem
1027 367 1210 409 multum
1226 365 1427 418 adiuvat3

72 434 162 469 tum
196 427 365 484 Legum
396 426 494 468 libri
525 441 612 468 non
641 385 770 467 mogo
802 423 986 478 subinde
1007 424 1206 467 laborant
1234 423 1427 467 dictione

72 499 251 541 aspera,
290 483 438 525 hiulca
475 497 527 525 ac
566 482 760 536 difficili,
811 481 890 524 sed
929 482 1059 524 etiam
1097 481 1245 523 multis
1286 481 1428 524 modis

72 541 198 583 foede
241 540 435 596 corrupti
483 554 534 582 ac
580 538 808 594 depravati
848 544 976 593 sunt,
1014 544 1063 580 ut
1113 538 1428 582 emendationis

71 598 233 639 auxilio
274 598 459 639 maxime
502 595 742 653 indigeant.
812 596 970 650 Itaque
1017 597 1202 651 primum
1252 595 1429 652 quidem

70 655 114 696 in
154 654 234 696 hac
276 669 424 696 eorum
464 652 655 696 editione
694 653 944 695 necessaria
973 653 1058 695 fuit
1085 652 1262 695 uberior
1291 668 1428 696 anno-

69 711 177 754 tatio
218 711 394 765 critica,
436 726 546 766 quae
590 710 844 753 varietatem
883 710 1120 752 lectionum
1162 718 1429 767 proponeret

70 784 199 824 quam
243 768 561 824 plenissimam,
594 768 766 811 omissis
797 767 1034 810 levioribus
1062 773 1234 809 tantum
1263 768 1427 811 scriba-

69 842 164 868 rum
204 826 423 868 erroribus
453 825 522 867 vel
550 825 681 867 etiam
719 825 796 879 iis,
831 840 942 880 quae
971 840 1062 866 non
1091 825 1266 881 saepius
1297 840 1425 881 quam

71 883 206 926 semel
234 883 381 939 aliqua
419 882 717 924 admonitione
758 881 1029 939 indigerent,
1070 887 1224 939 utpote
1255 897 1427 938 semper

71 947 114 982 et
151 940 315 994 ubique
355 941 400 982 in
450 939 603 982 iisdem
652 939 877 982 codicibus
926 946 1180 982 constanter
1225 940 1425 995 repetita.

70 997 285 1040 Nimirum
326 996 497 1039 adiecto
538 996 711 1039 demum
749 997 902 1039 critico
942 996 1026 1039 hoc
1066 1004 1281 1052 apparatu
1311 997 1427 1040 effici

69 1053 177 1096 illud
216 1055 386 1110 potuit,
419 1053 540 1109 quod
568 1070 672 1097 sane
703 1054 828 1097 nobis
859 1053 1146 1110 spectandum
1174 1053 1272 1108 fuit,
1304 1060 1427 1097 utet

69 1111 399 1168 intelligeretur,
418 1127 506 1166 quo
535 1111 816 1154 fundamento
846 1112 1056 1153 niteretur
1085 1111 1292 1154 orationis
1322 1126 1427 1154 con-

68 1169 294 1222 formatio,
329 1169 470 1223 qualis
511 1175 581 1211 est
619 1168 834 1222 exhibita,
868 1175 912 1210 et
948 1183 1053 1210 vero
1093 1169 1224 1210 etiam
1264 1169 1425 1213 certius

68 1226 406 1282 perspiceretur,
419 1225 551 1279 unde,
564 1225 601 1268 si
623 1241 710 1280 qua
720 1240 830 1282 opus
844 1230 962 1268 esset
979 1225 1211 1268 verborum
1223 1226 1426 1268 emenda-

70 1283 213 1337 tione,
251 1282 468 1339 praesidia
508 1283 601 1324 eius
640 1290 772 1336 atque
802 1283 966 1325 auxilia
992 1282 1232 1339 repetenda
1263 1290 1424 1327 essent.

71 1340 303 1382 Praeterea
348 1355 451 1382 vero
503 1340 632 1382 etiam
684 1340 857 1397 Legum
908 1348 1235 1396 argumentum,
1272 1356 1342 1383 ars
1382 1348 1426 1383 et

69 1397 328 1453 compositio
371 1396 551 1438 multum
583 1396 731 1439 differt
770 1398 826 1440 ab
867 1397 1050 1439 aliorum
1079 1397 1290 1440 librorum
1323 1398 1425 1440 Pla-

67 1453 310 1496 tonicorum
344 1453 600 1496 rationibus.
669 1454 908 1497 Continent
951 1455 1065 1496 enim
1106 1455 1206 1498 illae
1244 1455 1425 1498 immen-

69 1526 161 1554 sam
200 1511 418 1566 quandam
464 1511 632 1568 copiam
673 1518 719 1554 et
767 1513 1025 1554 varietatem
1066 1527 1212 1554 earum
1265 1528 1422 1568 rerum,

70 1583 182 1622 quae
225 1583 279 1610 ex
317 1568 503 1611 historia
542 1575 586 1610 et
615 1569 950 1625 antiquitatibus
994 1569 1279 1612 illustrandae
1309 1577 1424 1612 sunt.

67 1625 247 1668 Habent
289 1625 393 1667 item
435 1625 700 1683 singularem
731 1626 950 1681 quandam
980 1627 1308 1683 compositionis
1336 1628 1425 1670 for-

71 1698 181 1725 mam
228 1689 360 1738 atque
415 1684 629 1740 speciem,
684 1684 857 1738 qualem
906 1683 1010 1726 alibi
1056 1684 1423 1727 adumbravimus.

19 1743 21 1745 ’
67 1740 282 1782 Referunt,
309 1739 498 1795 denique
528 1740 659 1782 etiam
679 1747 855 1784 cursum
883 1756 1131 1784 sermonum
1161 1742 1424 1784 amfractuo-

68 1797 226 1839 siorem
257 1803 302 1839 et
331 1797 664 1853 perplexiorem,
697 1805 746 1840 ut
776 1797 955 1840 difficile
986 1798 1043 1841 sit
1073 1815 1243 1842 omnem
1273 1815 1424 1842 eorum

67 1869 346 1909 progressum
377 1854 722 1897 animadvertere
751 1861 884 1911 atque
908 1857 1168 1912 perspicere.
1227 1857 1298 1898 Ex
1327 1857 1424 1911 qui-

70 1910 150 1952 bus
182 1911 381 1953 omnibus
410 1918 566 1967 sponte
595 1912 872 1969 intelligitur,
904 1913 1035 1955 etiam
1063 1914 1423 1968 interpretatione

69 1981 180 2022 opus
219 1967 356 2009 fuisse
397 1969 595 2010 uberiore
634 1975 766 2024 atque
799 1970 1059 2025 copiosiore,
1092 1987 1221 2026 quam
1250 1970 1296 2012 in
1327 1971 1423 2014 aliis

67 2023 191 2066 libris
224 2025 462 2068 Platonicis
492 2025 586 2067 visa
616 2031 684 2067 est
703 2027 966 2080 necessaria,
997 2028 1256 2083 praesertim
1288 2044 1422 2083 quum

69 2081 403 2136 explicationem
435 2097 576 2124 rerum
607 2098 658 2125 ac
678 2083 908 2125 verborum
939 2084 1068 2126 etiam
1091 2085 1268 2127 criticae
1298 2086 1422 2141 quasi

68 2138 272 2194 opitulari
321 2154 377 2181 ac¹
415 2140 642 2195 suppetias
677 2140 789 2181 ferre
828 2147 1062 2196 oporteret.
1130 2142 1287 2196 Itaque
1335 2144 1422 2199 pri-

68 2211 184 2236 mum
229 2195 403 2250 quidem
452 2197 786 2239 commentarios
834 2198 1085 2254 scripsimus
1133 2200 1282 2256 paullo
1332 2215 1422 2242 am-

67 2252 257 2308 pliores,
299 2253 456 2308 quibus
495 2254 628 2297 verba
671 2260 760 2296 tam
799 2254 972 2311 singula
996 2271 1138 2312 -quam
1176 2257 1325 2299 iuncta
1355 2256 1422 2299 di-

68 2309 254 2365 ligenter
291 2310 634 2366 explicarentur,
665 2326 734 2353 res
779 2311 1052 2356 obscuriores
1085 2314 1419 2368 illustrarentur,

66 2367 304 2408 sententiae
354 2368 668 2410 reconditiores
706 2367 1048 2413 dilucidarentur
1082 2387 1317 2426 earumque
1347 2387 1422 2414 ne-

69 2438 152 2464 xus
197 2429 327 2478 atque
382 2425 490 2467 ordo
538 2425 855 2479 declararetur,
905 2426 1093 2484 denique
1140 2428 1421 2471 difficultates

69 2480 245 2523 criticae
284 2481 586 2537 cuiuscunque
634 2482 831 2538 generis,
871 2484 906 2526 si
947 2500 1059 2540 quae
1097 2485 1271 2528 obviam
1300 2484 1421 2528 veni-

67 2542 189 2590 rent,
230 2538 550 2594 expedirentur.
609 2539 846 2582 Praeterea
879 2557 984 2585 vero
1014 2543 1143 2585 etiam
1173 2542 1421 2585 faciendum

66 2594 336 2650 putavimus,
376 2603 427 2638 ut
462 2597 646 2654 singulis
676 2596 798 2639 libris
828 2600 1202 2654 praemitteremus
1234 2615 1421 2643 summa-

67 2651 147 2704 ria,
180 2666 318 2706 eaque
346 2653 492 2709 paullo
523 2653 731 2710 ampliora
761 2659 891 2709 atque
921 2658 1190 2714 copiosiora,
1223 2656 1423 2713 quando-
