1612 2872
461 61 542 104 DE
577 61 854 106 LEGIBUS
887 68 968 104 etc.
1264 62 1393 105 XLV

42 183 81 222 4.
114 179 185 222 De
225 176 332 222 Isid.
373 184 417 220 et
456 176 572 220 Osir.
614 193 656 234 p.
697 179 794 220 370.
832 177 887 219 Ε.
927 175 999 219 ubi
1037 174 1202 217 diserte
1240 176 1396 219 scribit

43 236 268 280 Platonem
297 235 444 292 Leges
469 234 769 290 composuisse
799 235 1119 289 πρεσβύτερονς
1152 232 1223 275 De
1248 248 1395 276 amore

40 293 176 352 prolis
240 308 278 335 c.
327 295 369 336 4.
415 307 547 348 porro
599 298 753 334 auctor
813 291 956 349 operis
1012 290 1287 333 Aristotelici
1341 290 1396 333 de

39 349 202 393 mundo
234 365 272 393 c.
303 351 342 392 7.
377 347 591 392 Seneca
637 348 823 405 Epistol.
864 348 1029 391 XCIV.
1070 347 1145 403 qui
1174 349 1396 404 prooemia

38 408 78 450 le
113 423 185 450 um
215 422 240 450 a
271 408 456 450 Platone
485 406 657 448 adscita
673 407 729 448 im
764 406 912 457 robat3
942 405 1047 447 Dio
1100 419 1175 447 en.
1207 405 1393 448 Laert.

40 465 88 506 II
118 497 128 507 .
167 467 235 507 34.
276 467 346 507 37.
387 464 456 506 39.
496 465 565 505 57.
604 463 658 504 al.
771 463 899 505 uibus
941 477 1044 505 acce
1079 469 1159 505 unt
1188 462 1394 519 deni-que,

39 537 95 565 ne
142 521 197 564 de
237 520 493 578 Thrasyllo,
553 519 627 575 qui
675 519 936 575 imperatore
995 520 1174 562 Tiberio
1221 519 1394 575 floruit,

39 596 79 621 v.
138 579 296 635 Diog.
342 577 532 620 Laert.
582 576 671 618 ΙΙΙ.
726 578 793 619 56.
834 579 902 619 57.
944 575 1030 618 IX.
1073 579 1141 619 37.
1202 584 1280 620 aut
1339 577 1395 620 de

37 635 302 690 Phavorino,
324 635 539 691 Diogenis
565 633 752 689 aequali,
774 633 828 676 de
850 634 976 676 cuius
999 632 1165 676 iudicio
1186 651 1225 677 v.
1258 635 1392 678 ibid.

38 693 125 735 ΙΙΙ.
158 694 225 735 62.
255 693 390 735 verba
416 692 650 745 faciamus,
691 691 766 733 alii
795 691 920 733 multi
950 691 1206 747 posterioris
1236 693 1395 736 aetatis

37 750 299 806 scriptores,
338 749 503 806 passim
530 763 556 791 a
583 748 712 791 nobis
740 750 786 791 in
805 748 1127 792 commentariis
1151 751 1394 804 memorati,

37 807 234 862 Gellius,
282 807 521 864 Apuleius,
570 805 814 860 Stobaeus‚
867 805 1147 860 Macrobius,
1191 805 1395 850 Clemens

36 864 385 919 Alexandrinus,
440 863 685 917 Eusebius,
745 863 1077 916 Theodoretus,
1126 864 1394 908 recentiores

36 922 265 976 Platonici,
295 921 492 975 Proclus,
512 920 791 975 Iamblichus,
822 920 947 963 Theo
974 918 1258 978 Smyrnaeus,
1287 922 1392 965 item

37 978 323 1022 Grammatici
351 985 395 1021 et
413 978 739 1035 Lexicographi
768 984 954 1032 veteres,
985 992 1170 1033 quorum
1200 980 1394 1022 omnium

37 1051 164 1079 nemo
193 1036 319 1079 facile
348 1036 578 1092 reperitur,
610 1036 715 1090 quin
746 1050 800 1078 ex
830 1035 1002 1093 Legum
1030 1035 1152 1079 libris
1173 1042 1394 1092 tamquam

39 1093 235 1136 Platonis
281 1108 414 1149 opere
463 1099 540 1135 aut
582 1092 777 1150 integros
825 1092 948 1136 locos
994 1093 1275 1150 exscripserit
1317 1101 1395 1136 aut

36 1150 210 1209 singula
249 1150 383 1193 verba
422 1150 491 1192 vel
530 1149 650 1192 dicta
688 1149 745 1192 ad
786 1164 877 1191 rem
915 1165 1037 1193 suam
1068 1149 1319 1194 adhibuerit
1348 1158 1394 1194 et

35 1208 252 1251 illustrare
291 1214 475 1250 conatus
512 1207 582 1252 sit.
657 1207 874 1249 Nimirum
911 1214 961 1249 ut
998 1208 1153 1264 paucis
1193 1207 1392 1251 dicamus

37 1264 156 1321 quod
184 1279 255 1308 res
286 1271 366 1319 est,
396 1264 550 1306 habuit
577 1263 774 1321 profecto
805 1264 1008 1308 universa
1038 1264 1273 1321 antiquitas
1303 1266 1392 1309 Le-

36 1337 137 1380 ges,
177 1337 289 1377 quae
317 1321 374 1364 ad
411 1320 527 1365 hunc
558 1336 697 1376 usque
726 1321 841 1364 diem
873 1322 954 1364 sub
986 1322 1161 1364 nomine
1192 1323 1393 1367 Platonis

34 1379 409 1432 circumferuntur,
441 1394 522 1435 pro
553 1394 761 1436 germano
789 1379 1042 1437 philosophi
1072 1395 1220 1436 opere,
1258 1387 1309 1424 ut
1336 1396 1392 1424 ne

34 1436 254 1480 levissima
290 1435 466 1492 quidem
503 1436 698 1493 suspicio
740 1436 795 1479 de
836 1437 1082 1480 adulterino
1114 1452 1262 1480 earum
1292 1445 1392 1481 ortu

37 1493 137 1536 olim
166 1493 342 1550 prodita
370 1493 440 1536 sit.
499 1493 616 1536 Nam
647 1493 765 1548 quod
803 1494 1144 1537 Fridericus
1190 1495 1391 1538 Thier-

36 1550 226 1594 schius
254 1551 300 1594 in
330 1550 493 1593 Annal.
523 1550 776 1593 Vindobon.
806 1551 907 1594 Vol.
928 1551 1014 1594 ΙΙΙ.
1044 1568 1090 1609 p.
1121 1553 1190 1595 69.
1220 1554 1393 1596 censuit

37 1623 90 1650 ex
125 1608 294 1651 incerto
343 1607 532 1664 quodam
571 1609 787 1665 scriptore
827 1609 944 1651 vitae
989 1609 1134 1652 Procli
1173 1611 1390 1668 suspicari

35 1665 187 1716 licere,
234 1665 559 1708 celeberrimum
603 1665 877 1709 Platonicum
927 1666 1099 1725 Legum
1146 1682 1260 1724 opus
1309 1684 1390 1726 pro

35 1736 110 1766 sus
143 1727 240 1765 ecto
270 1722 503 1775 habuisse,
548 1721 595 1766 id
624 1723 798 1765 omnino
829 1723 1003 1779 quidem
1033 1740 1184 1782 parum
1218 1724 1392 1768 videtur

34 1794 104 1822 cre
137 1780 264 1834 ibile,
304 1794 437 1835 quum
474 1778 656 1823 Proclus
699 1781 743 1822 in
785 1783 1107 1824 commentariis
1145 1782 1237 1825 suis
1272 1783 1389 1826 -illud

36 1836 198 1891 ubique
225 1853 305 1893 pro
336 1851 542 1893 germano
572 1838 814 1894 agnoverit.
873 1838 970 1881 Nec
993 1854 1097 1881 vero
1129 1840 1228 1895 ipsa
1257 1841 1390 1883 verba

35 1895 165 1935 Anon
198 1894 255 1935 mi
293 1908 347 1935 ex
397 1892 506 1938 Cod.
544 1894 848 1937 Bibliothecae
892 1895 1175 1939 Monacensis
1215 1896 1387 1939 CXIlI.

35 1950 107 1995 fol.
188 1950 296 1993 ΠΧ.
325 1949 494 2006 prolata
521 1949 570 1991 id·
597 1951 685 1994 ullo
715 1951 844 1994 modo
869 1953 1070 2009 probant.
1130 1953 1246 1996 Sunt
1273 1954 1387 1997 enim

35 2006 162 2050 haec:
232 2008 293 2051 Τό
326 2005 636 2062 ὲπινόμιον
667 2010 908 2052 νοθεύει
950 2009 974 2051 ὁ
1009 2013 1138 2061 θεῖος
1179 2010 1389 2067 Πρόκλος

34 2062 109 2106 διὰ
150 2064 228 2115 τὰς
266 2068 501 2122 εἰρημένας
541 2069 701 2115 αἰτίας.
769 2064 1034 2120 ἐκβάλλει
1082 2070 1130 2110 δὲ
1181 2071 1254 2111 καὶ
1293 2067 1389 2120 τὰς

36 2122 352 2172 Πολιτείας
398 2121 473 2164 διὰ
512 2119 563 2164 τὸ
605 2122 796 2173 πολλοὺς
844 2123 957 2166 εἶναι
997 2123 1160 2180 λόγους
1200 2128 1274 2168 καὶ
1322 2127 1386 2182 μὴ

34 2180 292 2234 διαλογικῶς
326 2177 602 2236 γεγράφθαι.
645 2183 740 2223 καὶ
786 2179 917 2231 τούς
956 2179 1187 2236 Νόμους
1224 2185 1272 2226 δὲ
1311 2185 1388 2227 διὰ

34 2234 85 2278 τὸ
124 2233 249 2279 αὐτό.
313 2234 437 2278 Idem
473 2235 609 2293 igitur
657 2236 869 2280 iudicavit
904 2237 1086 2282 Proclus
1135 2239 1189 2283 de
1225 2240 1388 2284 Politia

35 2292 197 2391 Kariter
226 2299 357 2348 atque
386 2293 600 2351 Legibus,
633 2301 683 2336 ut
712 2295 748 2338 si
775 2295 920 2360 Leges
938 2295 1224 2351 damnaverit,
1256 2299 1387 2342 etiam

75 2364 141 2392 em
174 2349 363 2393 ublicam
410 2365 436 2392 a
473 2351 660 2394 Platone
710 2352 986 2396 abiudicasse
1022 2354 1267 2398 censendus
1301 2356 1384 2407 sit;

37 2421 122 2461 quo
204 2406 401 2463 profecto
451 2408 506 2450 ab
553 2409 670 2451 omni
731 2409 937 2454 abhorret
992 2412 1384 2456 verisimilitudine.

35 2462 134 2506 Nec
174 2478 275 2507 vero
299 2462 528 2517 ἐκβάλλειν
557 2465 671 2509 idem
693 2473 760 2509 est
788 2467 907 2522 quod
932 2468 1158 2512 νοθεύειν.
1219 2469 1387 2524 Quam-

35 2519 184 2563 obrem
231 2519 411 2564 Proclus
461 2522 610 2578 potius
641 2523 955 2569 existimandus
985 2532 1054 2569 est
1090 2526 1201 2570 haec
1242 2527 1384 2585 philo-

33 2576 160 2634 sophi
201 2592 357 2635 opera,
395 2585 444 2622 ut
474 2592 588 2635 quae
619 2581 1012 2637 complecterentur
1041 2584 1260 2642 longiores
1289 2600 1386 2628 ora-

33 2634 188 2690 tiones,
219 2650 245 2678 a
274 2636 430 2680 ceteris
459 2637 660 2681 Platonis
688 2638 811 2682 libris
840 2641 1079 2685 secrevisse
1094 2673 1107 2695 ,
1147 2642 1193 2684 in
1225 2642 1385 2697 quibus
