1612 2872
149 431 170 467 7
175 430 228 470 02

261 110 343 151 364

735 114 1117 159 PLATONIS

260 229 445 279 πραγιά,
480 230 547 269 ἐπὶ
582 230 626 270 δὲ
663 226 710 270 τὸ
748 226 887 284 ἄκρον
924 230 1180 284 ἀγαγόντων
1216 236 1451 290 ἑκατέρων,
1500 236 1585 276 τῶν

257 293 337 343 μὲν
384 293 606 342 δουλείας,
657 295 742 335 τῶν
786 298 831 338 δὲ
885 296 1168 348 τούναντίου,
1222 298 1273 342 οὐ
1328 300 1583 354 συνήνεγκεν

259 354 359 398 οὔτε
395 365 486 407 τοῖς
521 357 621 401 οὒτε
657 368 762 409 τοῖς.

358 423 462 464 ΜΕ.
525 424 805 477 Ἀληθέςατα
841 430 985 480 λέγεις.

357 490 452 530 ΑΘ.
526 492 614 532 Καὶ
648 491 735 546 μὴν
770 493 917 536 αὐτῶν
951 493 991 549 γ’

1045 499 1168 537 ἕνεκα
1202 498 1273 537 καὶ
1308 495 1357 538 τὸ
1392 495 1582 550 Δωρικὸν

255 553 550 607 ἐθεασάμεθα
589 559 943 614 κατοικιζόμενον
980 560 1267 617 ςρατόπεὸον,
1304 564 1375 603 καὶ
1404 561 1484 612 τὰς
1503 565 1581 606 τοῦ

256 618 490 673 Δαρδάνου
527 621 740 678 ὑπωρείας
775 643 818 668 τε
845 631 916 669 καὶ
953 628 1033 679 τὴν
1067 630 1134 670 ἐπὶ
1167 626 1372 687 θαλάττῃ
1392 633 1581 671 κατοίκι-

256 699 336 734 σιν,
372 689 441 728 καὶ
479 688 580 738 τοὺς
614 689 810 744 πρώτους
845 692 896 745 δὴ
933 698 1034 744 τοὺς
1071 696 1301 748 περιλιπεῖς
1326 700 1581 749 γενομένους

255 753 332 801 τῆς
368 756 575 810 φθορᾶς,
622 761 684 799 ἔτι
729 760 772 800 δὲ
817 759 921 810 τοὺς
965 763 1216 815 ἔμπροσθεν
1253 761 1422 803 τούτων
1456 778 1578 814 γενο-

343 926 382 957 Ρ.
411 928 487 962 702.
540 929 576 961 Β.

252 1033 288 1067 ιὸ
313 1037 448 1080 μέτριον
479 1040 517 1072 in
552 1043 608 1074 iis
633 1043 878 1076 obtinebat.

251 1083 302 1115 De
326 1083 508 1125 λαμβάνειν
532 1088 577 1119 ita
604 1094 767 1129 usurpato
793 1089 879 1121 dixi-

250 1138 325 1161 mus
358 1131 400 1162 ad
437 1131 563 1164 Philel).
621 1135 715 1169 ..23
741 1136 779 1167 C.
813 1135 879 1167 So-

250 1174 350 1216 phist.
389 1187 419 1216 p,
455 1177 533 1211 261.
567 1145 617 1211 Cp
647 1182 745 1222 Apol.
779 1179 878 1212 Socr.

250 1231 282 1262 p.
311 1220 365 1254 24.
395 1221 433 1253 B.
491 1223 590 1257 Hunc
623 1225 724 1267 igitur
754 1227 879 1258 nodum

249 1266 442 1306 expeditum
469 1270 683 1303 arbitramur.
715 1271 879 1312 Sequitur

249 1311 325 1342 dein
362 1323 475 1343 αυτων
506 1314 674 1357 ἑκατέρας.
730 1317 769 1348 In
803 1317 876 1357 qui-

247 1357 310 1388 bus
343 1354 456 1389 αυτῶν
488 1361 702 1394 manifestum
735 1366 788 1394 est
823 1372 876 1393 re-

243 1402 324 1433 ferri
358 1404 400 1435 ad
435 1408 672 1446 antegressum
699 1408 874 1439 πολιτείας.

243 1446 316 1480 Nec
348 1458 429 1480 vero
461 1450 493 1481 id
526 1451 562 1482 fit
592 1453 707 1493 inepte
731 1458 790 1485 aut
814 1454 874 1484 ab·

244 1492 358 1527 surde.
414 1495 539 1528 Quidni
576 1498 662 1529 enim
697 1503 793 1531 recte
823 1498 873 1529 di-

244 1547 324 1570 cere
365 1539 512 1575 licuerit:
559 1544 784 1584 utriusque
826 1553 872 1575 ex

243 1583 333 1615 illis
381 1586 730 1621 moderationem
775 1599 871 1630 spe-

245 1629 475 1667 ctavimus
507 1641 610 1671 ιμιιιιιι
645 1637 744 1665 autea
770 1643 872 1674 rega·

244 1674 284 1705 lis
314 1684 355 1705 ac
389 1676 582 1709 liberrimae
617 1679 761 1710 civitatis
794 1688 871 1720 spe-

243 1718 311 1750 eies
344 1721 503 1752 universo
543 1722 719 1755 civitatum
754 1722 872 1765 generi

241 1764 393 1796 subiecta
432 1766 504 1798 sit?
553 1767 636 1799 Plus
669 1778 750 1801 vero
784 1768 871 1800 diffi-

241 1810 378 1841 cultatis
393 1809 517 1843 habent
532 1815 704 1853 proxima:
724 1813 796 1844 τῶν
811 1812 872 1852 μὲν

242 1855 304 1885 τοῦ
344 1853 518 1896 δεσπόζειν
548 1876 590 1880 ——
623 1856 868 1900 ἐλευθεριάσαι.

240 1899 355 1933 Quum
383 1902 469 1934 enim
495 1904 676 1935 antecedat
701 1903 870 1946 ἑκατέρας,

240 1947 384 1998 quisque
408 1951 661 1988 exspectaverit
675 1952 787 2003 potius
813 1950 871 1991 τῆς

239 1989 299 2029 μέν
330 2010 373 2015 -
403 1992 461 2030 τῆς
493 1991 540 2025 δέ.

239 2043 301 2068 nec
326 2035 409 2069 llaec
424 2048 484 2070 eur
501 2039 740 2080 sollicitemus,
767 2042 868 2073 unam

240 2091 396 2114 caussam
431 2087 587 2124 putamus
619 2096 706 2119 esse.
764 2085 866 2118 Libe-

239 2127 329 2158 riore
359 2129 446 2160 enim
481 2131 650 2163 sermonis
674 2131 865 2163 conforma-

238 2172 331 2204 tione
366 2170 432 2204 τῶν
455 2174 514 2213 μέν
537 2194 581 2199 -—
606 2177 671 2208 τῶν
695 2175 732 2208 δέ
761 2176 867 2209 refer-

238 2220 293 2248 tur
323 2218 366 2250 nd
400 2216 528 2258 αὐτῶν,
559 2220 590 2253 h.
616 2233 646 2255 e.
683 2222 867 2259 πολιτειῶν,

237 2271 339 2301 quum
378 2266 514 2305 proprie
549 2267 592 2298 ad
625 2267 783 2309 ἑκατέρας
812 2277 866 2299 ac-

234 2309 447 2344 commodari
464 2311 630 2345 debuerit.
666 2314 865 2354 Eodemque

238 2354 384 2392 pertinet
407 2355 529 2388 deinde
555 2359 656 2390 etiam
689 2358 725 2390 έν
739 2355 864 2397 αὑταῖς,

235 2398 275 2449 in,
291 2407 360 2438 quo
385 2400 465 2432 item
493 2402 717 2436 offenderunt.
754 2405 864 2437 Porro

237 2452 311 2474 τοτε
342 2449 410 2476 est:
449 2456 573 2485 quum
609 2450 768 2483 iustam
798 2449 861 2482 lna-

237 2488 391 2522 berent
431 2491 861 2533 moderationem,

234 2534 324 2574 quod
349 2534 470 2566 dicitur
494 2546 556 2577 per
579 2541 725 2581 synesin,
750 2540 863 2573 habita

236 2580 367 2612 ratione
404 2581 582 2633 vsrborum
619 2582 730 2617 αὕτωι
754 2585 862 2617 ἐκατέ-

237 2634 298 2666 ρας
319 2623 522 2668 μετριότητα.
553 2629 648 2661 Haec
663 2633 773 2663 omnia
799 2632 860 2672 igi-

235 2676 289 2703 tur
314 2671 357 2703 ita
384 2680 578 2715 comparata
604 2681 697 2717 sunt,
724 2682 760 2709 ut
785 2657 861 2708 nillil

600 1998 640 2026 At
671 1997 758 2028 enim
785 2006 891 2040 vero-

626 930 734 972 πρὸς
767 930 1080 974 ἦμᾶςμΰτούς]
1106 930 1195 972 ιῖμᾶς
1220 937 1301 969 vett.
1329 933 1438 971 editt„
1464 933 1577 964 invitis

948 1044 1125 1077 continere
1151 1041 1350 1083 videantur,
1383 1043 1477 1084 quod
1502 1053 1573 1076 me·

947 1091 1014 1122 rito
1039 1089 1202 1121 habeatur
1226 1092 1443 1131 suspectum3
1474 1088 1574 1120 sicuti

947 1145 1010 1168 nec
1036 1145 1110 1167 voc.
1135 1131 1312 1176 εὐπραγία,
1332 1134 1375 1166 de
1399 1143 1468 1175 quo
1493 1143 1572 1166 con—

946 1181 1038 1212 sulas
1065 1180 1323 1213 Lobeckium
1345 1179 1386 1211 ad
1410 1178 1571 1220 Sophocl.

947 1227 1038 1260 Aiac.
1073 1237 1104 1268 p.
1136 1225 1214 1259 343.
1249 1226 1302 1258 ed.
1336 1235 1404 1257 sec.
1437 1225 1479 1256 ab
1509 1234 1573 1257 usu

946 1271 1104 1312 loquendi
1139 1270 1312 1303 abhorret.
1361 1270 1574 1303 Accedamus

944 1318 1046 1359 igitur
1094 1317 1135 1348 ad
1183 1316 1369 1348 secundum
1408 1316 1572 1348 enuntiati

944 1363 1146 1402 membrum,
1171 1361 1223 1393 ἐπὶ
1243 1359 1279 1392 δὲ
1297 1358 1334 1393 τὸ
1349 1358 1456 1403 ἄκρον
1471 1357 1568 1403 α’γαγ.

945 1426 984 1431 -
1023 1404 1102 1439 οὔτε
1139 1411 1218 1439 τοῖς.
1282 1406 1385 1441 Quod
1432 1407 1569 1448 quidem

944 1455 1106 1486 Astium
1134 1453 1280 1485 maxime
1312 1452 1444 1484 videtur
1473 1462 1566 1485 com.

942 1499 1103 1538 movisse,
1129 1503 1166 1530 ut
1189 1498 1367 1538 superiora
1382 1507 1444 1539 pro
1470 1498 1570 1530 vitia-

940 1544 984 1575 tis
1009 1543 1159 1576 liaberet.
1206 1542 1370 1575 Nimirum
1398 1544 1486 1575 male
1509 1542 1569 1575 ha-

941 1589 1014 1620 buit
1060 1589 1168 1620 virum
1223 1588 1568 1629 perspicacissimum,

939 1633 1031 1674 quod
1058 1634 1088 1664 in
1113 1632 1161 1664 his
1186 1633 1334 1664 variatur
1358 1632 1566 1672 subiectum,

938 1678 1028 1718 quod
1062 1679 1162 1719 vulgo
1195 1677 1311 1709 dicunt
1340 1679 1565 1731 grammatici.

939 1722 1022 1757 Nam
1056 1723 1146 1765 apud
1178 1718 1377 1764 ἀγαγόντων
1401 1722 1566 1764 ἑκατέρων

938 1772 1033 1808 patet
1057 1778 1121 1799 non
1140 1768 1204 1799 ism
1231 1768 1405 1798 πολιτειῶν
1428 1767 1565 1810 intelligi

936 1814 1059 1852 licere,
1096 1813 1155 1844 sed
1180 1813 1395 1854 cogitandum
1421 1823 1498 1846 esse
1522 1814 1565 1847 de

938 1860 1111 1899 utriusque
1142 1858 1286 1891 civitatis
1318 1858 1462 1892 civibus.
1521 1861 1566 1891 At

937 1904 1025 1936 euim
1061 1913 1141 1935 vero
1173 1913 1214 1935 ne
1249 1903 1312 1936 hoc
1337 1903 1471 1944 quidem
1502 1914 1565 1945 pu-

935 1953 1045 1981 tamus
1071 1959 1148 1981 esse
1172 1948 1351 1988 eiusmodi,
1377 1953 1415 1980 ut
1434 1947 1478 1980 ad
1504 1959 1564 1982 ex—

935 1995 1100 2027 citandam
1147 1994 1387 2026 firmandsmve
1438 1995 1561 2028 malam

936 2039 978 2072 de
1010 2040 1073 2072 loci
1102 2040 1296 2079 integritate
1333 2040 1562 2080 suspicionem

935 2086 1057 2117 valeat.
1115 2084 1203 2117 Nam
1242 2085 1388 2116 subiecti
1425 2085 1561 2125 quidem

934 2130 1151 2168 variationem
1171 2131 1362 2170 neutiquam
1382 2140 1485 2170 segre
1509 2130 1559 2163 fe-

933 2176 1050 2214 rimus,
1076 2184 1174 2216 quam
1199 2185 1217 2207 a
1244 2175 1388 2206 Graecis
1414 2177 1559 2209 maxims

933 2231 1008 2252 cum
1038 2221 1194 2252 libertate
1226 2220 1331 2251 fuisse
1362 2226 1556 2262 usurpatam

932 2276 1032 2306 ιιιιιιιιι
1059 2267 1100 2298 ad
1127 2266 1268 2307 Protag.
1298 2276 1328 2306 p.
1356 2263 1438 2299 320.
1460 2270 1498 2298 Α.
1524 2272 1558 2298 et
1581 2276 1585 2280 ⁴

933 2314 1041 2351 Gorg.
1061 2321 1091 2352 p.
1109 2311 1187 2344 510.
1200 2311 1240 2342 B.
1259 2315 1329 2342 tum
1346 2312 1423 2343 alibi
1439 2316 1556 2343 osten-

931 2356 1054 2388 dimus.
1086 2357 1227 2397 Syuesin
1254 2365 1334 2387 vero
1352 2357 1447 2389 istam
1465 2357 1554 2398 qnod

929 2403 1059 2441 attinet,
1085 2407 1177 2433 certe
1203 2412 1242 2432 ea
1267 2411 1331 2433 non
1357 2406 1410 2433 est
1430 2403 1555 2442 durior,

929 2457 1028 2488 quam
1044 2457 1148 2487 quum
1164 2457 1206 2478 ex
1232 2444 1269 2477 τὸ
1288 2447 1407 2478 πλοῖον
1431 2448 1551 2480 intelli—

930 2491 1074 2534 gendum
1122 2493 1321 2532 relinquitur
1364 2492 1401 2523 οἰ
1437 2491 1552 2524 πλέον·

931 2545 991 2574 τες,
1019 2537 1192 2570 Phaedon.
1218 2547 1249 2578 p.
1270 2536 1324 2571 58.
1350 2537 1405 2577 B„
1431 2543 1488 2570 anit
1511 2548 1552 2570 ex

929 2579 1098 2624 ὑφαντικῇ
1137 2582 1375 2614 assumendum
1415 2587 1467 2614 esi.
1507 2582 1552 2613 ιε’-

928 2640 1012 2669 χναι,
1040 2629 1173 2660 Pontio.
1201 2638 1232 2666 p.
1256 2627 1332 2661 287.
1359 2627 1398 2659 Β,
1424 2632 1482 2660 aut
1510 2638 1549 2659 ex

931 2673 1098 2715 Περσικὸς
1122 2672 1240 2705 στόλος
1273 2672 1490 2713 repetendum
1522 2673 1556 2702 οἱ
